timestamp ms,type,amount,price
1624579323481000,0,2.44822014,408.6800
1624579323481000,0,7.48547919,408.6900
1624579334297000,0,0.00008226,409.8100
1624579334466000,0,0.60000000,410.1100
1624579356610000,1,0.84793386,409.8900
1624579357054000,1,0.84793386,409.8800
1624579359920000,0,1.68000000,410.5900
1624579381797000,1,8.40000000,410.2200
1624579381979000,1,8.40000000,410.2200
1624579393411000,0,16.46400000,410.4900
1624579393442000,0,0.08000000,410.4900
1624579424200000,0,1.02000000,411.2400
1624579493262000,1,5.80000000,411.3500
1624579602981000,0,1.68000000,413.3000
1624579604656000,0,1.68000000,413.2300
1624579635219000,0,1.03000000,413.4400
1624579635853000,1,1.97214300,413.0700
1624579647974000,0,1.42000000,413.8200
1624579656422000,0,0.53000000,414.1500
1624579656681000,0,1.15000000,414.1500
1624579666243000,0,8.02814000,414.2300
1624579695059000,1,5.00000000,414.5300
1624579711062000,0,0.25000000,414.8300
1624579722482000,0,4.55000000,414.8500
1624579725656000,1,7.30231000,414.4100
1624580057975000,0,2.42447753,412.6900
1624580059229000,0,2.42330000,412.9000
1624580059313000,0,0.00006120,412.9000
1624580068266000,1,5.00000000,413.4000
1624580068345000,1,0.60000000,413.3800
1624580068360000,1,4.40000000,413.3800
1624580085295000,0,0.66690000,413.2300
1624580357705000,0,1.02000000,413.4100
1624580414697000,0,2.53670731,415.0000
1624580414781000,0,0.60000000,415.0300
1624580455131000,0,2.41380000,414.5100
1624580501472000,1,3.70030000,414.2200
1624580501651000,1,1.00000000,414.1000
1624580521240000,0,2.42250000,413.2700
1624580560706000,0,1.00000000,412.9300
1624580601587000,0,0.34770000,412.8800
1624580606350000,0,2.42401912,412.7600
1624580606702000,0,2.42401912,412.7900
1624580915412000,0,3.70030300,413.8900
1624580915412000,0,2.41754948,413.9400
1624580915412000,0,2.28214752,413.9500
1624580915563000,0,0.13619707,413.9500
1624580916374000,0,1.68000000,414.2400
1624580934496000,0,2.41099801,415.0200
1624580934496000,0,5.08900199,415.0200
1624580934565000,0,0.93819000,415.0200
1624581051662000,1,0.60000000,414.1300
1624581051662000,1,8.05481000,414.1300
1624581134337000,0,5.07890000,412.7000
1624581196403000,0,0.18620000,412.8300
1624581732642000,0,8.65481000,413.2400
1624581732811000,0,2.42171000,413.2500
1624581732918000,0,0.00000797,413.2500
1624581732959000,0,4.50000000,413.2900
1624581732959000,0,1.11930000,413.2900
1624581733017000,0,0.43470249,413.2900
1624581733260000,0,8.40000000,413.3900
1624581756964000,1,4.57460000,413.3700
1624581757129000,1,0.49007000,413.3700
1624581799055000,1,1.68000000,413.3800
1624581843087000,1,4.50000000,413.5600
1624581875658000,1,1.11930000,412.8300
1624581877756000,1,2.32993000,412.8300
1624581880599000,1,0.16633814,412.8300
1624581890503000,1,0.00000001,412.8300
1624582248141000,0,0.99232864,410.8000
1624582248602000,0,0.99232864,410.8000
1624582363195000,0,0.51031000,410.0400
1624582377095000,0,0.00000605,410.0400
1624582537470000,0,0.20294023,409.2400
1624582600773000,1,0.51109150,408.4200
1624582636860000,0,0.60000000,408.5900
1624582636898000,0,4.52911206,408.5900
1624582661655000,1,8.40000000,408.2900
1624582661707000,1,8.40000000,408.2900
1624582721078000,1,0.51271486,407.7900
1624583017272000,1,1.18600000,402.9000
1624583017433000,1,0.00002630,402.9000
1624583017433000,1,0.99997370,402.3300
1624583020804000,0,5.20250000,403.0000
1624583020843000,0,0.00001325,403.0000
1624583020843000,0,2.48351980,403.0400
1624583020843000,0,2.48412437,403.0500
1624583076151000,1,1.67999999,403.0300
1624583076155000,1,0.00000001,403.0300
1624583077253000,1,1.68000000,402.9100
1624583107936000,0,2.48469150,402.7900
1624583108032000,0,5.18030000,402.8100
1624583108159000,0,1.03100000,402.8100
1624583108490000,0,1.68000000,402.8100
1624583160277000,0,0.08578018,404.2200
1624583387329000,1,2.47809504,403.2300
1624583387329000,1,0.00841416,403.2300
1624583389333000,1,1.68000000,403.0600
1624583420712000,0,4.00000000,403.0800
1624583556291000,1,1.68000000,402.7200
1624583589850000,0,0.43352555,402.9700
1624583589850000,0,0.69261705,402.9700
1624583589869000,0,1.35671128,402.9700
1624583590447000,0,2.48285388,403.2200
1624584041468000,1,0.51848932,403.0700
1624584161684000,1,0.51862915,403.6500
1624584216184000,0,2.48613000,402.6100
1624584216433000,0,0.00000762,402.6100
1624584216503000,0,2.48424779,402.7600
1624584216503000,0,3.51575221,402.7600
1624584216591000,0,2.69458000,402.7600
1624584339562000,1,0.06364608,401.9100
1624584358319000,0,2.48665000,402.3600
1624584418506000,0,2.49329000,401.2900
1624584466792000,1,1.68000000,401.5500
1624584521789000,1,0.52103957,401.7900
1624584642065000,1,0.52103957,402.0800
1624584799054000,1,2.47670000,403.4000
1624585158477000,0,5.18000000,404.3300
1624585163235000,0,8.20000000,404.7400
1624585168360000,1,2.47072340,404.5400
1624585168360000,1,3.34185332,404.5300
1624585168360000,1,2.47081994,404.5200
1624585168360000,1,2.28741334,404.5200
1624585168478000,1,0.60000000,404.5300
1624585168478000,1,1.87072340,404.5300
1624585168634000,0,1.68000000,404.5100
1624585168649000,1,0.79072340,404.5200
1624585168649000,1,1.50194660,404.3600
1624585168715000,1,8.00000000,404.3600
1624585168784000,1,6.56030000,404.3600
1624585168784000,1,0.00005497,404.3600
1624585273475000,1,3.30006000,404.2600
1624585327041000,0,4.23604000,404.8000
1624585359451000,1,4.23000000,405.1700
1624585477594000,1,5.15000000,405.6300
1624585509372000,0,1.68000000,405.9800
1624585509637000,0,2.46413337,406.0500
1624585509637000,0,6.15586663,406.0700
1624585744413000,0,1.68000000,405.9100
1624585745333000,0,1.02000000,406.2200
1624585824630000,0,0.07370000,406.1000
1624585937012000,1,2.46062000,406.2000
1624585947881000,1,0.77542000,406.0300
1624585950075000,1,7.36900000,405.8800
1624585950076000,1,1.03100000,405.8800
1624585994279000,1,2.59062000,405.9400
1624586075281000,1,6.00000000,406.8600
1624586147599000,0,2.45860367,406.9900
1624586160271000,0,1.68000000,407.5300
1624586160271000,0,8.10000000,407.5500
1624586160271000,0,2.45493512,407.5800
1624586160271000,0,6.13557159,407.6800
1624586160271000,0,3.48166186,407.6900
1624586187106000,0,4.00000000,408.0400
1624586188406000,0,4.23604000,408.1000
1624586218308000,1,2.44819000,408.1400
1624586226746000,0,1.12271171,408.8500
1624586237775000,0,2.43861851,409.0400
1624586382455000,0,1.68000000,408.8900
1624586388767000,0,1.68000000,409.2000
1624586390483000,0,1.02000000,409.4700
1624586450716000,0,2.45822162,407.0100
1624586463500000,0,1.05350000,407.5700
1624586487028000,0,2.41540059,408.3800
1624586496941000,0,1.68000000,409.3100
1624586634509000,0,1.02000000,411.3500
1624586643393000,1,2.43191000,410.9900
1624586643468000,1,1.05350000,410.9800
1624586659029000,0,1.68000000,411.4200
1624586660410000,0,9.37000000,411.6000
1624586716048000,0,0.14540000,411.5300
1624586766690000,0,3.64406000,410.6400
1624586768139000,0,5.09790000,410.8700
1624586854679000,0,5.10650000,410.1900
1624586854682000,0,0.00007981,410.1900
1624587056581000,0,5.50000000,411.4900
1624587098024000,1,5.00000000,411.1100
1624587098025000,1,3.06000000,411.1100
1624587098027000,1,10.67546022,411.1100
1624587124764000,0,18.73604684,412.0600
1624587124764000,0,5.08395316,412.0800
1624587200810000,1,2.41792000,413.0600
1624587201059000,1,2.41792000,413.0500
1624587201173000,1,0.00000358,413.0500
1624587201173000,1,6.04968642,413.0300
1624587201409000,1,0.00000739,413.0300
1624587242378000,0,5.06951819,413.1500
1624587242454000,0,2.41792000,413.1100
1624587245557000,1,1.67999999,413.3500
1624587245576000,1,0.00000001,413.3500
1624587369985000,1,17.05000000,413.5200
1624587618360000,0,8.40000000,412.9300
1624587641076000,0,4.00000000,412.9800
1624587641159000,0,1.07121000,412.9700
1624587659560000,1,10.28358000,413.4100
1624587659697000,1,7.12633000,413.4000
1624587665026000,0,1.11120000,414.0000
1624587665141000,0,0.07482630,414.0000
1624587720910000,1,2.40376526,415.6300
1624587720910000,1,6.00934474,415.6300
1624587724548000,1,2.40376526,415.3500
1624587724548000,1,5.99623474,415.3500
1624587724615000,1,0.01312029,415.3500
1624587724786000,1,8.40000000,415.2500
1624587724852000,1,7.23720000,415.2500
1624587726578000,1,2.40857066,414.6600
1624587726578000,1,2.40375934,414.6600
1624587761285000,1,1.11120000,414.3100
1624587763163000,1,2.41090501,413.9800
1624587763163000,1,1.89902499,413.9800
1624587763239000,1,4.13039000,413.9800
1624587800652000,0,5.05090000,414.7200
1624587811733000,1,2.41235000,414.2400
1624587811791000,1,0.00000900,414.2400
1624587811791000,1,4.99999100,414.2100
1624587811901000,1,1.03226000,414.2100
1624587812073000,1,0.00001328,414.2100
1624587812965000,1,2.41235000,413.9700
1624587833566000,0,4.50000000,414.1200
1624587891711000,0,5.05829603,414.0300
1624587948326000,1,2.41000000,413.4600
1624587948558000,1,0.00557563,413.4600
1624587985505000,0,2.52906000,414.4200
1624587985573000,0,4.50000000,414.4200
1624587988338000,0,1.01680000,414.6800
1624587995288000,0,8.40000000,415.2800
1624588008573000,0,4.00000000,415.5600
1624588050360000,0,0.23090000,415.7800
1624588073404000,1,14.29047684,415.1000
1624588073404000,1,2.40753848,415.0900
1624588073443000,1,6.01974330,415.0500
1624588143497000,1,1.01680000,414.6800
1624588288574000,1,6.03450000,414.0500
1624588288671000,1,0.00003568,414.0500
1624588288671000,1,1.24331363,414.0500
1624588288707000,1,1.16859153,414.0500
1624588288943000,1,8.40000000,413.9200
1624588289018000,1,7.28880000,413.9200
1624589023183000,1,0.50515114,414.4700
1624589199918000,1,5.04000000,414.0100
1624589235603000,0,0.21000000,413.6400
1624589506614000,0,4.30352000,412.4100
1624589630420000,0,0.07260000,412.0800
1624589642107000,1,2.42000000,411.6600
1624589777911000,0,5.08530000,412.0600
1624589792906000,0,1.02000000,412.3000
1624589796219000,0,5.08756160,412.4000
1624589894332000,1,2.42000000,411.4300
1624589894396000,1,0.00929536,411.4300
1624589894396000,1,5.08575346,411.4200
1624590019288000,0,6.19648000,411.6600
1624590066845000,1,2.43000000,411.0100
1624590236676000,0,1.71097000,411.1900
1624590236948000,0,5.09400000,411.2800
1624590346138000,1,0.22000000,410.3300
1624590352279000,1,2.43743114,409.9600
1624590352279000,1,6.09256886,409.9100
1624590604615000,1,2.44000000,408.9700
1624590618254000,1,1.68000000,409.0700
1624590618605000,1,2.46000000,409.0200
1624590662078000,0,2.44228000,409.7600
1624590662159000,0,4.34675000,409.7500
1624590662246000,0,0.00000774,409.7600
1624590662246000,0,1.31096226,409.7600
1624590673782000,1,1.68000000,409.7600
1624590677104000,1,1.68000000,409.6200
1624590680335000,1,1.68000000,409.6600
1624590761954000,1,4.34675000,409.9800
1624590761954000,1,3.29325000,409.9700
1624590795476000,0,4.50000000,410.0800
1624590860927000,1,2.43892694,409.8000
1624590860927000,1,6.09107306,409.8000
1624590901565000,1,1.86000000,409.6200
1624590989295000,1,3.65000000,408.9100
1624590989342000,1,2.45695986,408.9100
1624590989342000,1,2.44275247,408.9100
1624591004638000,1,2.44587000,408.6100
1624591015897000,1,2.44896868,408.0100
1624591015897000,1,6.12275809,408.0100
1624591015897000,1,7.15790123,408.0000
1624591097208000,0,1.02000000,408.7700
1624591111309000,1,1.29000000,408.5600
1624591111855000,1,1.71000000,408.5600
1624591149646000,1,1.06000000,408.5100
1624591149695000,1,1.38618364,408.5100
1624591149695000,1,6.11601193,408.5100
1624591151867000,1,1.68000000,408.5700
1624591172106000,1,5.12000000,408.0200
1624591328439000,1,0.79000000,408.1000
1624591328452000,1,1.65890718,408.1000
1624591328452000,1,4.63109282,408.1000
1624591328499000,1,1.49110982,408.1000
1624591397351000,1,5.12000000,408.0200
1624591450002000,0,0.24410000,408.6500
1624591495003000,1,2.44000000,408.6100
1624591638544000,1,2.44269923,409.0400
1624591638544000,1,6.09730077,409.0400
1624591748874000,0,0.11850000,408.5200
1624591758318000,1,0.17000000,408.1400
1624591859377000,0,0.24300984,408.3300
1624592044986000,0,4.00000000,408.9400
1624592045551000,0,1.02000000,409.0700
1624592045571000,0,8.10000000,409.0800
1624592064142000,1,0.26000000,408.8000
1624592094580000,0,0.07100000,409.1700
1624592120352000,1,5.11000000,408.6500
1624592132767000,0,0.35520000,408.9900
1624592400452000,0,0.24302174,408.4200
1624592703004000,1,5.11000000,408.7400
1624592765486000,0,7.52239742,410.2400
1624592781347000,1,1.55000000,410.5800
1624592869646000,0,5.11000000,409.5600
1624592869689000,0,0.00434358,409.5600
1624592879586000,0,5.29490000,409.7200
1624592879740000,0,2.80510000,409.7200
1624592892639000,0,5.00850577,409.9200
1624592945899000,1,4.50000000,409.7200
1624593042195000,0,5.11000000,409.8500
1624593042198000,0,0.00082050,409.8500
1624593053266000,0,3.49000000,410.1800
1624593053304000,0,5.00462264,410.2000
1624593053309000,0,0.10213516,410.2000
1624593099743000,0,1.68000000,410.6100
1624593133126000,0,0.26569433,411.1300
1624593162061000,0,0.00006980,411.2800
1624593162061000,0,5.08993020,411.5700
1624593162744000,0,2.01000000,411.5200
1624593162755000,0,11.29035251,411.5200
1624593225626000,1,1.36000000,411.3600
1624593225626000,1,7.19000000,411.3600
1624593258987000,0,1.02000000,411.9800
1624593265405000,0,1.02000000,412.1500
1624593265405000,0,0.66000000,412.1600
1624593273479000,0,0.24088082,412.1600
1624593425909000,1,5.07000000,412.5800
1624593442687000,1,5.11000000,412.5900
1624593455671000,1,2.04000000,412.2200
1624593729232000,0,2.37000000,409.1500
1624593779219000,0,2.44000000,408.9400
1624593960373000,0,0.46000000,408.9100
1624593964075000,1,2.44563288,408.3600
1624593964075000,1,1.69436712,408.3600
1624593982590000,0,0.61000000,408.9200
1624593997872000,0,5.12000000,409.0500
1624594102300000,1,0.43000000,410.0700
1624594268939000,1,1.52000000,411.3200
1624594317549000,1,0.17000000,410.2000
1624594384250000,1,2.11000000,410.1600
1624594387955000,1,7.22000000,410.1400
1624594482984000,0,1.50000000,410.6600
1624594614107000,0,0.60623331,409.1000
1624594849882000,1,2.39600000,408.3800
1624595108588000,1,2.81000000,408.0000
1624595110629000,1,5.12000000,407.8600
1624595118487000,1,0.00336833,407.8600
1624595135398000,1,5.12000000,407.6000
1624595312412000,1,2.44355177,408.9500
1624595312412000,1,5.10644823,408.9400
1624595351466000,0,0.12120520,409.2700
1624595487452000,0,0.60000000,408.6400
1624595515563000,1,5.12000000,408.6200
1624595941916000,0,7.07360000,407.4400
1624596000339000,0,0.12145749,407.0700
1624596096005000,1,0.12188896,406.8200
1624596310750000,0,0.22791991,407.3000
1624596458395000,1,1.19950000,407.3000
1624596459517000,1,0.00000896,407.3000
1624596744939000,0,1.68000000,406.1700
1624596753409000,0,5.15000000,406.1800
1624596753453000,0,0.00851225,406.1800
1624596757419000,0,5.15000000,406.3900
1624596835701000,0,3.76000000,407.2600
1624596849316000,0,14.37000000,407.3300
1624596849444000,0,0.00600000,407.3300
1624596883970000,1,1.53000000,406.9800
1624596884233000,1,5.14000000,406.9900
1624596884272000,1,5.14000000,406.9900
1624596916237000,1,1.68000000,406.8700
1624596920462000,1,3.26000000,406.7600
1624596995398000,0,0.62000000,406.8400
1624596997409000,0,4.53000000,406.8400
1624597134181000,0,4.81911000,406.7900
1624597134324000,0,5.00000000,406.8100
1624597254599000,0,0.12174636,408.1300
1624597278045000,0,1.68000000,409.2500
1624597305710000,1,3.66600000,408.4000
1624597324498000,0,5.00000000,407.9500
1624597324498000,0,5.00000000,408.0200
1624597324498000,0,2.45176105,408.0800
1624597324498000,0,0.12823895,408.0900
1624597362967000,1,2.46000000,406.2900
1624597409856000,0,5.16000000,405.8700
1624597487847000,0,1.68000000,405.9300
1624597487847000,0,3.48000000,405.9500
1624597541435000,1,1.68000000,405.4600
1624597614408000,0,5.43000000,405.7000
1624597671576000,0,5.17000000,405.4000
1624597699043000,1,1.68000000,405.3300
1624597711960000,1,1.68000000,404.8800
1624597734993000,1,1.68000000,404.5500
1624597735150000,1,2.07004684,404.4600
1624597839445000,0,6.64533000,404.7600
1624597918959000,0,2.47173000,404.7200
1624597919152000,0,0.00000454,404.7200
1624597919317000,0,13.37000000,404.7200
1624597937169000,0,0.98570370,404.8300
1624597939042000,0,4.38034000,404.8800
1624597939275000,0,0.00000314,404.8800
1624597939275000,0,2.47059686,404.8900
1624597939347000,0,0.00001505,404.8900
1624597939347000,0,8.09998495,404.9000
1624598280298000,0,0.15689399,404.2400
1624598282750000,0,5.02000000,404.2400
1624598498409000,0,5.18000000,404.3500
1624598558364000,0,0.00326180,404.3500
1624598558364000,0,5.17673820,404.3600
1624598567091000,0,5.18000000,404.3500
1624598597330000,0,5.18000000,404.2000
1624598640295000,0,0.19645146,403.9900
1624598668631000,0,1.22882858,403.8200
1624598741274000,1,1.97000000,402.9700
1624598741300000,1,8.40000000,403.0200
1624598741455000,1,0.00535796,402.9700
1624598749834000,1,1.68000000,402.6100
1624598751625000,1,1.68000000,402.4500
1624598751625000,1,10.33604684,402.4400
1624598751625000,1,2.18395316,402.2700
1624598757437000,0,5.20000000,402.7500
1624598771948000,0,0.00362224,402.7500
1624598776146000,0,3.23192579,403.4400
1624598776809000,0,0.49356562,403.5800
1624598818259000,0,5.19730000,403.2500
1624598818907000,0,0.00009097,403.2500
1624598868476000,1,2.48150159,402.7500
1624598868476000,1,6.20427785,402.7500
1624598868476000,1,16.13038798,402.6200
1624598868476000,1,5.19173198,402.6000
1624598879463000,1,3.23190000,402.6700
1624598996420000,0,1.68000000,403.7500
1624599377189000,1,2.85216000,403.7700
1624599474585000,0,2.48104333,403.2000
1624599536177000,0,1.17000000,403.0200
1624599536185000,0,2.34000000,403.0200
1624599569799000,1,1.68000000,402.6100
1624599570020000,1,3.51000000,402.6300
1624599604574000,0,5.20501944,402.5400
1624599608611000,0,5.20000000,402.5400
1624599609107000,0,0.00501944,402.5400
1624599614698000,0,16.80000000,402.8100
1624599721211000,0,1.93602000,403.1000
1624599895366000,0,0.71910000,404.0400
1624600000601000,0,4.16000000,402.4600
1624600080325000,1,1.00976610,403.0600
1624600353202000,0,0.11440000,404.8300
1624600804899000,1,0.60000000,402.7800
1624600980479000,1,2.50000000,404.0100
1624601607128000,1,1.00000000,404.5000
1624601712403000,1,2.23000000,402.8700
1624601726916000,0,0.24030000,403.0700
1624601839987000,1,5.19240000,403.0400
1624601880322000,0,0.08164448,403.8400
1624602033566000,1,8.40000000,404.2200
1624602120290000,0,0.24477686,405.1200
1624602240286000,0,0.61147347,404.8300
1624602276363000,1,4.07000000,404.4100
1624602276422000,1,5.17430000,404.3700
1624602516402000,1,0.00009034,403.0400
1624602624964000,1,0.07283841,402.6100
1624602625143000,1,0.00000001,402.6100
1624602664052000,0,1.56000000,401.6900
1624602664119000,0,0.00434788,401.6900
1624602671586000,0,1.56000000,401.9700
1624602671631000,0,0.00404887,401.9700
1624602734469000,1,4.50000000,400.3600
1624603080286000,0,0.14485754,401.9600
1624603384386000,0,0.24740000,403.2500
1624603440290000,0,0.06882181,403.1000
1624603594806000,1,5.18000000,403.7400
1624603774566000,1,0.00118929,403.7400
1624603795660000,1,1.68000000,403.9100
1624603795660000,1,2.78210822,403.8800
1624604405129000,1,0.42028000,402.8800
1624604405283000,1,0.00000438,402.8800
1624604456433000,1,0.08187000,401.8300
1624604640268000,0,0.86537056,399.5900
1624604659846000,0,1.68000000,399.2000
1624604659846000,0,0.16754327,399.2100
1624604660331000,0,1.72796862,399.2000
1624604712324000,1,1.68000000,398.4500
1624604712324000,1,8.30000000,398.4400
1624604788754000,0,18.72812267,399.3700
1624604788754000,0,7.88187733,399.3800
1624604874571000,1,0.51574000,400.2100
1624604882124000,1,8.40000000,399.6300
1624604882142000,1,1.32840000,399.6300
1624604934644000,1,1.68000000,397.0500
1624604935356000,0,1.02422921,397.1700
1624604935356000,0,1.68000000,397.3100
1624604935356000,0,0.99585233,397.3200
1624604935356000,0,3.00000000,397.4100
1624604935356000,0,16.29991846,397.4200
1624604938798000,0,1.32480000,397.1400
1624604938814000,0,1.27520000,397.1400
1624604938814000,0,2.52007072,397.1700
1624604938814000,0,4.60472928,397.1800
1624604939081000,0,1.69320000,397.1800
1624604939131000,0,0.00009314,397.1800
1624604942624000,1,8.49190684,396.7300
1624604942624000,1,2.51928001,396.7200
1624605192723000,0,2.91071182,398.1300
1624605192723000,0,0.00808818,398.1300
1624605359860000,0,1.33210000,396.3300
1624605360014000,0,4.98040000,396.3300
1624605419859000,0,0.60000000,396.0600
1624605440576000,0,1.01532000,395.9100
1624605440744000,0,0.00000057,395.9100
1624605451314000,0,1.68000000,396.2700
1624605491339000,1,1.68000000,395.6300
1624605520433000,0,8.50000000,395.6500
1624605537822000,1,0.18030783,395.3600
1624605601499000,0,7.50000000,395.5100
1624605601642000,0,2.52952936,395.5200
1624605601782000,0,2.52741841,395.6400
1624605601856000,0,0.00267102,395.6400
1624605610042000,0,2.52301000,396.5700
1624605610274000,0,0.00000872,396.5700
1624605610274000,0,2.52309128,396.5900
1624605610301000,0,0.00009295,396.5900
1624605680972000,1,4.50000000,396.0200
1624605682628000,1,1.33210000,395.8400
1624605682636000,1,8.64158000,395.8400
1624605709797000,0,8.10316000,395.2500
1624605709885000,0,0.29684000,395.2500
1624605719783000,0,2.52904609,395.6200
1624605719827000,0,1.68000000,395.6500
1624605743553000,1,3.20632000,395.4700
1624605743553000,1,13.29368000,395.4600
1624605759069000,0,1.68000000,395.9900
1624605765937000,0,17.05000000,396.3800
1624605805979000,1,6.00000000,396.0700
1624605909770000,1,8.40000000,395.9000
1624605982505000,1,1.68000000,396.8600
1624606012310000,0,1.68000000,397.3100
1624606012543000,0,1.68000000,397.3000
1624606013620000,0,8.40000000,397.4400
1624606076791000,1,8.30000000,396.6000
1624606077625000,1,8.40000000,396.5300
1624606140637000,1,1.68000000,395.2500
1624606140637000,1,8.40000000,395.2400
1624606140637000,1,3.00000000,395.1400
1624606140637000,1,1.08376535,395.1400
1624606276030000,0,0.74943351,395.0200
1624606295867000,0,1.68000000,394.2800
1624606449748000,1,2.53466000,394.2500
1624606449751000,1,0.00000541,394.2500
1624606509566000,0,2.53350000,394.9800
1624606575129000,0,5.02432000,394.5400
1624606616329000,0,1.68000000,395.5700
1624606616629000,0,1.68000000,395.5800
1624606629080000,1,2.73432000,394.9900
1624606768146000,1,8.30000000,395.9800
1624606803493000,1,7.50000000,395.2300
1624606820945000,1,8.30000000,394.8200
1624606821517000,1,8.40000000,394.8100
1624606828620000,1,1.68000000,394.8200
1624606828925000,1,1.68000000,394.8300
1624606828925000,1,24.01900000,394.8200
1624607001419000,0,0.25020000,394.7900
1624607051737000,1,0.08177000,393.9400
1624607051816000,1,0.00000792,393.9400
1624607051816000,1,8.39999208,393.7200
1624607051929000,1,2.53900000,393.6400
1624607051944000,1,0.00006811,393.6400
1624607051944000,1,4.53863189,393.5400
1624607051974000,1,1.06350000,393.5400
1624607052042000,1,2.53906000,393.6400
1624607052046000,1,0.60000000,393.6400
1624607052129000,1,1.25715281,393.6400
1624607052173000,1,1.95080130,393.6400
1624607052173000,1,6.31304870,393.5900
1624607052287000,1,1.68000000,393.5500
1624607052287000,1,2.02162000,393.5400
1624607053167000,0,11.00000000,393.5500
1624607102260000,0,6.80162000,393.5000
1624607102293000,0,1.06350000,393.5100
1624607102300000,0,5.29339112,393.5100
1624607102300000,0,2.54270888,393.5100
1624607102337000,0,0.00015916,393.5100
1624607102449000,0,8.40000000,393.6100
1624607107899000,1,2.53850000,393.7200
1624607152985000,0,4.00000000,394.3400
1624607153121000,0,2.53950092,394.3500
1624607153121000,0,2.54055908,394.3500
1624607156112000,0,7.93442000,394.6200
1624607164337000,1,2.49723712,393.9300
1624607289910000,0,5.30814941,394.6200
1624607292610000,0,1.37454000,394.4600
1624607292635000,0,0.00000400,394.4600
1624607351345000,1,1.08000000,394.8300
1624607470397000,0,2.52392000,396.4100
1624607718068000,1,1.68000000,395.6800
1624607718681000,1,8.30000000,395.7900
1624607718681000,1,1.68000000,395.7100
1624607726093000,1,0.08567303,395.6900
1624607726093000,1,2.52653168,395.6800
1624607726369000,1,17.65604000,395.7000
1624607726369000,1,1.20000000,395.7000
1624607726369000,1,6.84296000,395.6900
1624607729683000,1,6.84296000,395.7000
1624607760095000,0,18.73604684,396.2800
1624607760095000,0,19.99395316,396.2900
1624607824462000,0,1.68000000,396.6900
1624607824462000,0,7.68000000,396.7000
1624607854801000,0,0.12562814,396.8500
1624607869843000,1,5.27500000,396.4500
1624607926706000,1,8.59901000,396.3700
1624607974085000,0,5.27863172,396.6800
1624607990497000,0,13.87401000,397.0200
1624607998833000,1,18.73604684,396.7200
1624608137495000,0,18.73000000,396.7000
1624608183352000,1,16.80000000,395.4100
1624608183356000,1,1.93000000,395.4100
1624608183583000,1,6.30647000,395.4000
1624608184698000,1,0.00000448,395.4000
1624608199504000,1,8.40000000,394.3500
1624608202684000,0,7.06808022,394.6000
1624608206549000,0,6.44000000,394.8200
1624608209600000,1,0.11779000,394.8000
1624608243622000,0,1.68000000,395.0900
1624608248256000,0,12.29604684,395.2900
1624608248256000,0,6.33052427,395.3000
1624608248256000,0,2.10801330,395.3000
1624608254581000,0,4.77040000,395.3300
1624608307975000,0,0.20000000,395.8900
1624608312059000,0,0.10691249,396.2400
1624608312059000,0,2.52308751,396.4100
1624608329528000,1,1.68000000,396.2000
1624608329528000,1,1.77477000,396.2000
1624608329528000,1,0.12074189,396.1900
1624608354363000,0,2.52343977,396.4400
1624608423092000,1,8.51614000,395.5700
1624608423231000,1,32.70930000,395.5600
1624608435154000,0,12.17630000,395.3600
1624608435174000,0,25.20000000,395.3600
1624608471943000,1,10.21990000,395.1100
1624608471947000,1,0.00000684,395.1100
1624608472035000,1,5.29690000,395.0500
1624608473724000,1,0.00008242,395.0500
1624608481003000,0,7.20000000,395.5400
1624608482144000,0,10.50000000,395.5400
1624608482235000,0,19.87035000,395.5400
1624608528995000,1,8.40000000,395.9000
1624608574573000,1,0.50000000,395.5000
1624608628510000,1,2.52554943,395.7500
1624608628510000,1,6.31337057,395.7500
1624608642261000,1,2.52674000,395.5700
1624608694079000,1,3.17000000,394.9000
1624608694317000,1,5.29362756,394.8700
1624608781051000,1,5.30580000,394.3300
1624608781089000,1,0.00001522,394.3300
1624608817169000,0,0.88311099,393.9400
1624608817638000,0,0.79688901,393.9400
1624608817638000,0,0.08622198,393.9500
1624608840336000,0,0.06884421,393.1400
1624608858414000,1,1.68000000,392.2800
1624608907564000,0,9.50000000,392.1900
1624608940735000,0,1.68000000,393.9900
1624608984402000,0,0.31503746,392.0000
1624608986558000,0,0.07410000,392.0100
1624609003656000,1,2.55487000,391.3000
1624609053938000,1,1.68000000,390.8800
1624609059385000,0,8.92100000,390.8900
1624609064766000,0,8.50000000,390.9300
1624609080738000,0,4.28389124,391.7200
1624609080738000,0,8.49999876,391.7200
1624609116823000,1,18.73603000,391.3000
1624609116892000,1,2.55430000,391.2500
1624609117700000,1,0.00000867,391.2500
1624609125148000,0,17.34524000,391.5500
1624609171075000,0,1.39079938,390.3500
1624609171075000,0,1.17244062,390.3600
1624609172485000,1,1.00000000,390.0000
1624609175119000,0,0.98570000,390.3800
1624609176516000,0,0.00000370,390.3800
1624609180892000,0,6.00000000,390.5400
1624609195007000,0,3.75781013,390.2900
1624609195941000,0,5.06363000,390.3500
1624609196019000,0,3.33637000,390.3500
1624609204860000,0,1.68000000,391.0200
1624609204860000,0,2.55897000,391.0200
1624609209259000,0,8.40000000,391.3500
1624609256662000,1,1.68000000,392.3300
1624609344687000,0,3.73271274,392.8300
1624609389315000,0,1.68000000,393.2300
1624609389315000,0,0.84561555,393.2600
1624609523784000,0,2.54910000,392.5200
1624609634574000,1,8.40000000,393.6900
1624609634815000,1,8.40000000,393.6900
1624609653023000,0,0.25198644,393.9600
1624609742725000,0,1.68000000,393.1600
1624609744876000,0,5.00000000,393.4700
1624609745088000,0,8.40000000,393.4600
1624609783784000,1,3.82000000,393.4600
1624609783951000,1,1.49830000,393.4600
1624609802514000,1,6.35873436,392.7500
1624609802514000,1,2.54126564,392.7500
1624609813145000,1,1.68000000,391.7300
1624609816047000,0,2.55244000,392.0000
1624609816237000,0,0.00000415,392.0000
1624609821871000,0,3.40000000,392.3100
1624609822205000,0,2.55115839,392.3200
1624609822205000,0,1.44884161,392.3200
1624609942553000,1,14.50959000,394.4600
1624609948328000,1,4.22645000,394.2000
1624609952383000,0,2.53000000,394.4400
1624609984432000,1,5.30130000,394.6600
1624609984435000,1,0.00007344,394.6600
1624609989715000,1,5.30458000,394.4600
1624609992314000,0,0.25118534,394.8900
1624610122943000,1,0.00000906,394.4600
1624610122943000,1,8.39999094,394.2900
1624610139423000,1,8.40000000,394.0600
1624610147991000,1,8.40000000,393.8900
1624610197947000,1,8.30000000,394.2200
1624610301300000,0,0.86282605,393.4800
1624610484307000,1,5.30506000,394.4100
1624610504945000,1,8.30000000,394.5500
1624610508672000,1,0.00000838,394.4100
1624610540607000,1,5.30620000,394.3000
1624610563753000,1,6.00000000,394.3500
1624610876653000,1,8.40000000,393.1100
1624610961872000,0,5.31000000,392.8400
1624611028919000,0,0.90000000,392.8300
1624611029384000,0,4.80000000,392.8400
1624611029460000,0,0.00073132,392.8400
1624611069370000,0,4.80000000,392.7600
1624611102116000,1,0.12185930,393.2600
1624611184791000,0,4.79000000,393.6200
1624611184815000,0,8.40000000,393.6200
1624611185960000,0,0.60000000,393.7800
1624611186073000,0,0.42000000,393.7800
1624611255840000,0,1.68000000,396.1100
1624611256499000,1,1.01413914,395.5200
1624611257293000,1,1.01413914,395.4500
1624611265883000,1,14.50000000,395.5100
1624611289423000,0,14.32000000,396.2400
1624611299099000,0,0.98561602,396.7900
1624611351895000,0,1.68000000,396.4700
1624611351895000,0,4.75000000,396.4800
1624611351938000,0,0.00691176,396.4800
1624611374877000,1,4.50000000,396.1000
1624611510802000,0,3.50000000,395.5300
1624611546426000,0,1.41604000,395.5800
1624611725863000,0,2.53639331,394.4600
1624611730219000,1,18.69000000,394.0000
1624611924126000,0,0.19632891,396.4500
1624612172090000,0,5.28960630,396.0300
1624612320303000,0,0.07615237,396.6500
1624612345959000,1,5.28060000,396.3600
1624612437921000,0,9.75000000,396.8000
1624612440319000,0,0.12478887,397.0800
1624612572761000,1,3.77988000,396.9600
1624612717552000,0,4.00000000,396.9100
1624612920259000,0,0.64722663,397.3100
1624612983414000,0,7.50000000,396.9800
1624613259517000,1,5.28043057,396.3900
1624613516413000,1,1.51000000,395.3900
1624613516487000,1,8.50000000,395.3900
1624613567948000,1,7.50000000,395.1600
1624613567974000,1,0.00616684,395.1600
1624613623976000,0,8.40000000,395.2400
1624613656920000,0,2.53282110,395.0300
1624613656920000,0,1.96717890,395.0300
1624613760327000,0,0.15309558,395.2400
1624614014339000,1,7.07000000,394.0400
1624614241158000,1,1.48309558,392.6600
1624614242380000,1,2.54617466,392.5200
1624614242380000,1,2.45382534,392.5100
1624614352608000,1,3.19000000,391.4300
1624614405261000,1,0.22000000,391.0300
1624614413500000,0,12.50000000,391.2900
1624614424763000,0,2.55662389,391.4100
1624614424763000,0,6.39350216,391.4100
1624614452400000,1,1.68000000,391.3900
1624614452400000,1,0.41784799,391.3800
1624614453965000,0,6.23604000,391.8300
1624614495853000,1,1.68000000,390.9500
1624614499602000,0,0.22980000,391.1100
1624614691824000,1,5.23604000,391.8000
1624614751909000,0,4.00000000,391.9400
1624614842717000,1,8.40000000,391.7700
1624614860293000,0,8.40000000,392.0200
1624614919947000,1,5.33810000,392.0700
1624614920073000,1,5.33813000,392.0900
1624614960323000,0,0.08114722,392.1500
1624614981730000,1,0.09999999,391.8400
1624614981831000,1,0.00000001,391.8400
1624615210889000,1,2.02990000,390.0000
1624615211402000,1,0.65648461,390.0000
1624615236496000,0,5.00000000,390.7300
1624615239921000,1,0.22660003,390.5500
1624615240854000,0,2.55893000,391.0400
1624615319422000,0,3.25417000,393.0200
1624615358500000,0,0.12300000,393.6700
1624615384952000,0,0.37755287,394.3000
1624615423778000,1,8.40000000,393.7800
1624615437010000,1,0.16019299,393.2000
1624615532735000,0,2.02990000,393.6500
1624615545842000,1,4.50000000,393.4600
1624615546810000,1,4.00000000,393.3400
1624615619933000,0,0.24570000,394.0200
1624615706117000,1,3.86594000,392.6800
1624615769446000,0,6.54745000,392.2600
1624615800294000,0,0.11269878,392.6300
1624616046896000,0,6.35324000,393.6800
1624616046898000,0,5.83535684,393.6800
1624616175108000,1,4.35324000,394.7500
1624616280300000,1,0.12459773,394.7500
1624616412869000,0,2.54432000,393.2400
1624616414850000,0,0.25253140,393.4200
1624616433347000,0,0.18199299,393.5800
1624616644036000,0,0.14780000,393.0100
1624616655178000,1,5.32633000,392.9600
1624616880336000,0,1.03546943,391.4000
1624616883714000,0,5.32633000,391.3800
1624616883714000,0,2.45568000,391.3900
1624616914928000,0,0.69189732,391.7300
1624616924263000,0,2.55345190,391.8200
1624616924341000,0,6.38360000,391.8300
1624617011812000,1,8.40000000,390.0300
1624617039521000,0,1.68000000,391.4800
1624617048323000,1,5.11705000,391.5700
1624617056762000,0,13.51705000,391.8900
1624617187572000,0,2.24103000,392.6300
1624617203909000,0,2.19081812,393.0200
1624617203909000,0,6.20918188,393.0400
1624617414873000,0,8.40000000,393.0000
1624617524013000,1,1.68000000,393.0700
1624617524013000,1,5.51486182,393.0600
1624617545420000,0,1.68000000,393.3500
1624617545420000,0,0.28950000,393.3900
1624617634625000,1,8.40000000,392.0300
1624617661891000,0,0.07410000,391.8700
1624617717206000,0,0.25393411,390.4900
1624617763022000,0,0.29720000,391.0600
1624617781368000,0,0.32790000,390.7400
1624617889109000,0,4.07847380,390.5900
1624617910423000,0,1.68000000,391.8200
1624617958207000,0,4.02432000,391.5100
1624617958278000,0,0.00000620,391.5100
1624617958278000,0,8.49999380,391.5200
1624617959258000,0,8.50000000,391.7000
1624617987311000,0,8.40000000,392.1000
1624618232741000,0,1.68000000,393.4300
1624618232741000,0,3.00000000,393.4400
1624618232741000,0,0.23790000,393.4500
1624618281160000,0,8.40000000,392.0000
1624618656063000,1,0.84861904,392.6500
1624618796361000,0,0.22470115,394.6900
1624618867881000,1,2.53905000,393.6600
1624618935617000,0,0.08053045,394.3300
1624619032536000,0,1.68000000,394.9500
1624619032536000,0,0.83308010,394.9600
1624619082466000,0,5.29000000,395.2900
1624619082506000,0,0.00963155,395.2900
1624619281252000,1,18.73604000,395.1500
1624619296638000,0,18.73000000,395.4300
1624619341702000,0,0.16210000,395.6700
1624619439709000,0,5.29000000,395.1900
1624619523697000,1,18.73000000,394.4300
1624619583840000,0,18.73000000,393.7200
1624619678246000,1,8.40000000,392.4400
1624619697376000,1,1.68000000,392.0300
1624619703416000,1,6.50000000,391.8100
1624619710878000,0,14.90604000,392.1100
1624619732047000,1,1.04090000,391.9400
1624619745850000,0,4.30220000,392.1400
1624619767418000,0,5.34000000,391.9900
1624619767524000,0,0.00386922,391.9900
1624619768306000,0,1.03710000,392.1700
1624619791390000,1,8.40000000,391.9200
1624619791536000,1,8.40000000,391.9300
1624619841909000,0,5.35000000,391.4000
1624619846212000,0,0.00076497,391.4000
1624619846212000,0,5.34928287,391.5700
1624619880294000,0,0.17688047,391.9300
1624619887863000,1,5.00000000,391.2000
1624619939803000,1,7.50000000,389.8800
1624619948995000,0,1.68000000,390.7200
1624619949645000,0,17.84090000,390.8500
1624619949849000,0,2.55990000,390.8700
1624619950258000,0,1.02000000,390.8700
1624619954374000,0,1.68000000,391.0800
1624619954374000,0,5.80005461,391.1100
1624619960416000,1,8.50000000,390.5100
1624619968343000,1,1.68000000,389.9500
1624620003964000,0,0.83536926,390.0200
1624620024134000,0,5.37870000,389.3700
1624620028780000,0,0.00008077,389.3700
1624620028780000,0,5.36991923,389.6200
1624620034285000,1,10.18710000,389.1600
1624620034393000,1,8.40000000,389.1500
1624620037653000,1,4.60000000,388.8400
1624620040889000,0,5.38420000,388.9700
1624620041747000,0,0.00005550,388.9700
1624620041747000,0,5.38424450,388.9700
1624620060968000,0,5.38215254,389.1600
1624620064075000,0,5.38000000,389.1600
1624620065720000,0,0.00215254,389.1600
1624620065720000,0,2.04784746,389.1600
1624620065733000,0,3.33430508,389.1600
1624620075568000,1,8.40000000,388.7800
1624620087341000,1,2.88882300,388.4500
1624620087368000,1,1.06012384,388.4500
1624620087368000,1,0.61987615,388.4300
1624620087372000,1,1.93987615,388.3700
1624620087750000,1,7.34970000,388.3700
1624620088800000,1,2.57174484,388.0700
1624620088800000,1,6.43695516,388.0700
1624620123314000,0,2.57499537,388.5900
1624620123314000,0,6.43742565,388.5900
1624620123314000,0,5.38757898,388.6000
1624620123534000,0,0.00495541,388.6000
1624620152313000,1,4.50000000,388.4500
1624620180299000,0,3.50870000,388.3700
1624620180367000,0,1.88414000,388.3700
1624620187193000,0,0.00000471,388.3700
1624620187193000,0,3.61585529,388.5500
1624620187281000,0,1.77511000,388.5500
1624620187652000,0,2.57450725,388.6400
1624620187652000,0,6.43480856,388.7300
1624620187745000,0,2.57450000,388.6300
1624620240335000,0,0.11010343,389.3500
1624620264995000,1,2.57450000,389.1200
1624620269813000,0,0.57242590,389.4400
1624620274714000,0,0.00442473,389.6200
1624620274714000,0,16.79557527,389.7200
1624620275468000,0,1.36804567,389.8600
1624620275468000,0,5.37896428,389.9300
1624620297743000,1,18.73604684,390.1900
1624620297743000,1,1.67395316,390.1800
1624620298105000,1,1.13679998,390.1600
1624620298345000,1,1.42425684,390.1600
1624620298345000,1,6.40167316,390.1600
1624620344773000,0,4.50000000,389.6300
1624620352144000,0,5.37428000,389.8500
1624620352294000,0,2.86176000,389.8400
1624620391076000,0,0.32250000,390.4400
1624620401913000,0,4.50000000,390.1300
1624620402016000,0,1.50000000,390.1200
1624620410534000,1,1.68000000,389.8700
1624620416591000,0,5.37009000,390.1500
1624620416716000,0,0.00000995,390.1500
1624620423254000,1,8.96000000,390.0600
1624620423564000,1,2.56245129,390.0500
1624620423564000,1,6.40592010,390.0500
1624620432429000,1,1.68000000,389.6700
1624620464421000,1,0.29000000,389.5900
1624620472778000,0,5.37000000,389.8500
1624620478559000,0,3.59000000,390.0300
1624620500154000,1,16.80000000,389.6900
1624620533904000,0,5.37849000,389.6200
1624620574879000,0,8.50000000,389.3100
1624620589595000,1,1.68000000,388.8300
1624620616985000,1,1.68000000,388.7900
1624620618981000,1,2.56000000,388.6300
1624620619200000,1,0.00852050,388.6300
1624620639514000,0,4.60151000,389.0100
1624620639587000,0,0.00000684,389.0100
1624620639587000,0,5.38549316,389.0200
1624620671812000,0,2.56483000,390.6700
1624620671883000,0,0.00000372,390.6700
1624620688430000,1,2.55681000,390.9100
1624620697955000,0,0.99070000,391.0000
1624620698428000,0,4.36740000,391.0000
1624620701926000,0,0.00000031,391.0000
1624620701926000,0,5.36349969,391.2500
1624620746584000,1,17.81173000,390.7300
1624620746850000,1,2.55645723,390.7200
1624620746850000,1,6.39345277,390.7200
1624620778165000,0,5.35914000,390.8400
1624620839626000,1,2.56111000,390.1800
1624620839951000,1,0.00000371,390.1800
1624620839951000,1,1.00339629,390.1700
1624620841852000,0,1.00330000,390.3300
1624620855671000,0,5.36501000,390.5000
1624620855860000,0,5.36500000,390.4800
1624620884960000,0,0.00000651,390.5000
1624620982403000,1,6.34121000,393.8700
1624620998551000,1,1.68000000,393.3500
1624621012928000,1,2.53906000,393.4700
1624621071063000,0,1.68000000,393.2600
1624621132302000,1,2.54128000,393.1300
1624621158551000,1,1.59310000,392.5200
1624621158558000,1,0.95109640,392.5200
1624621158558000,1,1.59420360,392.5000
1624621219183000,0,0.44607748,393.0600
1624621258144000,0,0.09390000,393.6700
1624621277263000,0,0.16750000,393.2900
1624621283410000,1,5.32666345,392.7900
1624621387291000,1,0.67217428,393.0600
1624621511856000,0,8.40000000,394.5700
1624621511977000,0,1.82675252,394.5600
1624621551479000,1,2.52000000,394.7600
1624621587499000,1,18.10000000,395.4300
1624621628618000,1,5.29000000,395.2900
1624621628629000,1,0.00292841,395.2900
1624621658297000,0,1.59310000,394.8300
1624621664425000,1,0.59800000,394.7100
1624621671532000,0,1.70000000,394.9800
1624621679074000,1,0.96000000,394.4800
1624621679265000,1,2.53150000,394.4700
1624621699626000,0,6.50000000,394.0500
1624621713577000,1,2.54077821,393.3400
1624621713577000,1,1.25922179,393.3400
1624621715780000,1,1.26914684,393.1700
1624621715780000,1,7.26085316,393.1600
1624621824944000,0,2.54021000,393.9300
1624621824985000,0,0.00000155,393.9300
1624621862719000,0,18.27000000,393.6900
1624621862732000,0,0.46604684,393.6900
1624621882112000,1,1.28700000,393.7200
1624621907901000,0,8.40000000,393.5600
1624621930375000,1,17.44904684,393.1100
1624621941351000,1,5.32083970,393.1900
1624621975869000,1,5.32000000,392.9500
1624621985312000,1,0.00341737,392.9500
1624621985312000,1,5.31658263,392.9300
1624621992999000,1,5.32000000,392.7800
1624622069552000,1,1.68000000,392.7200
1624622073566000,1,5.32313771,392.6000
1624622075633000,1,4.90000000,392.3800
1624622150638000,0,7.23591747,392.3900
1624622155836000,1,7.23590000,391.9100
1624622208554000,1,8.40000000,391.6900
1624622238111000,1,8.40000000,391.3200
1624622256497000,1,8.40000000,391.4900
1624622263201000,1,8.40000000,391.2100
1624622278932000,1,4.50000000,391.3300
1624622298439000,0,1.68000000,392.1300
1624622299066000,0,7.52157391,392.2400
1624622299265000,0,2.54970255,392.3400
1624622312840000,0,1.68000000,393.0300
1624622313657000,0,2.54000000,393.2400
1624622313738000,0,0.00442487,393.2400
1624622316554000,1,0.14349555,393.0300
1624622318653000,1,7.50000000,393.0000
1624622415657000,0,11.70692000,390.7000
1624622415991000,0,7.02910000,390.7000
1624622416031000,0,0.00000937,390.7000
1624622416169000,0,2.56084383,390.7100
1624622417267000,0,2.55000000,390.9400
1624622417674000,0,0.00910849,390.9400
1624622417674000,0,2.56154164,391.0200
1624622436802000,0,2.55345000,391.8500
1624622443227000,0,2.55005286,392.3900
1624622501099000,0,8.40000000,392.8200
1624622513442000,0,2.54487668,393.1700
1624622513442000,0,2.54677332,393.1700
1624622522958000,1,9.02000000,393.0400
1624622527119000,0,8.40000000,393.2400
1624622528302000,1,0.79000000,392.9700
1624622534346000,1,1.68000000,392.7200
1624622537704000,1,6.62000000,392.5100
1624622542744000,1,8.40000000,391.9200
1624622572359000,1,2.55570000,391.0500
1624622573632000,1,0.00000692,391.0500
1624622615727000,0,0.05090034,390.9600
1624622640268000,0,0.40340539,391.0000
1624622646197000,1,2.56174000,390.0000
1624622651602000,0,1.28700000,390.1000
1624622671468000,1,3.09604000,390.1000
1624622712775000,0,2.56100000,390.7700
1624622753147000,0,18.73604000,390.4800
1624622770982000,0,5.36230000,390.7000
1624622795678000,0,0.00000880,390.7000
1624622810742000,0,2.68638000,391.0000
1624622813496000,0,0.00000461,391.0000
1624622917906000,0,1.68000000,392.2100
1624622917906000,0,2.55102385,392.2100
1624622918160000,0,5.34110000,392.2200
1624623083992000,0,6.35453000,394.1400
1624623084015000,0,0.00000930,394.1400
1624623113004000,0,0.57920000,394.7400
1624623128605000,1,0.25000000,394.4100
1624623181938000,1,0.14782816,394.2900
1624623240280000,0,0.25087408,394.4600
1624623256865000,0,7.13249000,394.4700
1624623396153000,0,5.32455000,393.2500
1624623398484000,1,2.54400707,392.8300
1624623398784000,1,2.54400707,392.8200
1624623398784000,1,3.95599293,392.8200
1624623398844000,1,2.40452100,392.8200
1624623399041000,1,7.25787000,392.8400
1624623471785000,0,8.40000000,394.6500
1624623477447000,0,1.68000000,394.8600
1624623487080000,0,1.68000000,395.0100
1624623487080000,0,2.11729695,395.0400
1624623491168000,1,2.53000000,394.6800
1624623497699000,1,2.53307259,394.5800
1624623503275000,1,1.68000000,394.6200
1624623503316000,0,0.47620000,394.9500
1624623508294000,1,1.64640000,394.6000
1624623514743000,0,1.68000000,395.1800
1624623516489000,1,2.53231565,394.7400
1624623544534000,1,8.94000000,394.7500
1624623614235000,0,1.68000000,395.7800
1624623620936000,1,2.52795235,395.4400
1624623620936000,1,5.28204765,395.4200
1624623629527000,1,2.52817972,395.3500
1624623629527000,1,6.31182028,395.3300
1624623639604000,1,2.52855050,395.2300
1624623665512000,1,1.59000000,395.0100
1624623666878000,1,5.90831030,394.9900
1624623666909000,1,1.64788146,394.9900
1624623675440000,1,5.29000000,394.9100
1624623694982000,1,2.53000000,394.9600
1624623826899000,0,1.68000000,395.0800
1624623827014000,0,5.30090703,395.1800
1624623827331000,0,11.74000000,395.1600
1624623840284000,0,0.13777587,395.0600
1624623856301000,0,1.25629626,395.5100
1624623869785000,1,6.50348000,395.3400
1624623869875000,1,2.52796000,395.3300
1624623870010000,1,2.52816000,395.3500
1624623902390000,1,2.71653684,395.0500
1624623902390000,1,1.38346316,395.0400
1624623902584000,1,4.97072957,395.0400
1624623903543000,1,10.08824841,395.0400
1624623954540000,0,5.30338000,394.9600
1624624021579000,1,3.65000000,394.7100
1624624051047000,0,5.31080000,394.4500
1624624051098000,0,0.00002502,394.4500
1624624051168000,0,17.08266684,394.4400
1624624141579000,1,0.56090000,393.9300
1624624202394000,0,1.68000000,394.3400
1624624202394000,0,0.72000000,394.3500
1624624216051000,0,0.08435566,393.6900
1624624216945000,1,18.73604684,393.1500
1624624216945000,1,1.67395316,393.1400
1624624244242000,1,1.68000000,392.8400
1624624290075000,0,5.75274000,392.9400
1624624304733000,1,0.46738912,392.5100
1624624304739000,1,0.46738912,392.5100
1624624333261000,0,5.00000000,392.5000
1624624337026000,1,2.70000000,392.0900
1624624339294000,1,0.68000000,391.8900
1624624342537000,1,1.43796176,391.8000
1624624453272000,0,5.33230012,392.4400
1624624502945000,1,2.54554000,392.4500
1624624532054000,1,2.54724000,392.2800
1624624538451000,1,2.54846345,392.0800
1624624538451000,1,6.36153655,392.0800
1624624538550000,1,0.00987061,392.0800
1624624645582000,1,2.54897000,392.0700
1624624645583000,1,0.00000637,392.0700
1624624652316000,0,0.15704641,392.0100
1624624653037000,0,0.60000000,392.0100
1624624653324000,0,0.15703033,392.0100
1624624720445000,1,2.63000000,391.7000
1624624720532000,1,2.70673581,391.7000
1624624724788000,0,1.01300000,392.1500
1624624779907000,1,2.55245195,391.4500
1624624814913000,0,0.99000000,392.0100
1624624904702000,1,8.40000000,390.4900
1624624933847000,1,2.55720954,390.8400
1624624970912000,0,1.11000000,390.8500
1624624970999000,0,0.57000000,390.8500
1624624971061000,0,1.68000000,390.8300
1624625106626000,1,2.67000000,391.9000
1624625125859000,1,1.68000000,391.2600
1624625127918000,1,1.68000000,391.0700
1624625138031000,1,0.41000000,390.7600
1624625147689000,1,1.68000000,390.5900
1624625149256000,0,0.12689527,390.9700
1624625161387000,1,3.00000000,390.3400
1624625161387000,1,3.54000000,390.3300
1624625163564000,1,5.34723614,390.2900
1624625163564000,1,2.08276386,390.2900
1624625165075000,1,6.50000000,390.2900
1624625165215000,1,26.35825000,390.2900
1624625165397000,1,9.00000000,390.2900
1624625165463000,1,4.43824000,390.2900
1624625236726000,0,18.73000000,391.3400
1624625237731000,0,27.01000000,391.3500
1624625238995000,0,6.52313084,391.3500
1624625238995000,0,0.47686916,391.3500
1624625241943000,1,8.00000000,391.0900
1624625255055000,1,10.73000000,390.5100
1624625282065000,0,1.68000000,390.5500
1624625292453000,1,2.15000000,390.0200
1624625292994000,1,0.96166666,390.0000
1624625292994000,1,2.68037334,390.0000
1624625296079000,1,0.00001127,390.0000
1624625325054000,0,0.24000000,390.2200
1624625379134000,0,2.56000000,390.1700
1624625453056000,0,0.25000000,389.4100
1624625487699000,0,7.00000000,389.8200
1624625495695000,1,1.68000000,389.5100
1624625495695000,1,0.96795527,389.5000
1624625500566000,1,4.90000000,389.4600
1624625500834000,1,6.03204000,389.4800
1624625679810000,1,5.35065000,390.6600
1624625682741000,1,5.35000000,390.5000
1624625721091000,0,2.55969000,390.9300
1624625721110000,0,0.00000955,390.9300
1624625721152000,0,2.55950303,390.9500
1624625721166000,0,8.40000000,390.9400
1624625721183000,0,2.55950000,390.9400
1624625721774000,0,2.55979127,391.0800
1624625770713000,1,0.00241329,390.5000
1624625770713000,1,6.05708671,390.4200
1624625784877000,0,0.25394638,390.7100
1624625846278000,0,8.40000000,392.0500
1624626000320000,0,0.17184133,393.1800
1624626032605000,1,8.65000000,392.4300
1624626095042000,0,1.68000000,392.3200
1624626102584000,0,0.25430000,392.1700
1624626197062000,0,1.68000000,392.7700
1624626263954000,0,1.68000000,392.8900
1624626326583000,1,0.39232299,393.0400
1624626415100000,0,0.12596444,394.1200
1624626446930000,0,1.68000000,394.2700
1624626447122000,0,17.04968244,394.3500
1624626447150000,0,7.23810153,394.3600
1624626447150000,0,2.53685607,394.4200
1624626447150000,0,6.34141145,394.4200
1624626447150000,0,5.30917725,394.4300
1624626455993000,0,1.68000000,394.7000
1624626455993000,0,5.04410696,394.7100
1624626476406000,1,5.29550000,394.5000
1624626483782000,1,0.00008023,394.5000
1624626507131000,0,4.07349000,394.5600
1624626507175000,0,1.22841724,394.5600
1624626554002000,1,5.29000000,394.5300
1624626613846000,1,18.73604684,394.5400
1624626619879000,1,5.29772767,394.2200
1624626620016000,1,5.29000000,394.2200
1624626658901000,0,1.00000000,393.8200
1624626720309000,0,0.12531328,394.1400
1624626814531000,1,2.55560000,391.0300
1624626869338000,1,2.50709997,390.5800
1624626895079000,0,18.61073000,390.2300
1624626909508000,1,2.56194000,389.4900
1624626909591000,1,0.00000790,389.4900
1624626960310000,1,0.61147347,388.4100
1624626972055000,0,0.25000000,388.7000
1624626988452000,1,5.14000000,388.6900
1624627042638000,0,5.37867250,389.4300
1624627042709000,0,1.02000000,389.3900
1624627042928000,0,3.12000000,389.4200
1624627181566000,1,4.58000000,390.9000
1624627281741000,0,8.40000000,393.7100
1624627283837000,1,8.30889000,393.3700
1624627285617000,1,4.50000000,393.1100
1624627292687000,1,5.00000000,392.7600
1624627292782000,1,1.35980104,392.7600
1624627292782000,1,2.54378896,392.7600
1624627507229000,0,0.70000000,392.2700
1624627540469000,0,8.00000000,393.1100
1624627561089000,1,12.53631000,392.3900
1624627561268000,1,4.57084328,392.4000
1624627812285000,0,0.07430000,391.2400
1624628170967000,1,1.68000000,393.4400
1624628170967000,1,0.85883143,393.2700
1624628296547000,0,0.11540000,392.3400
1624628328480000,1,0.21000000,391.2600
1624628338192000,1,5.34070000,391.2100
1624628728411000,1,1.06120000,393.0400
1624628728443000,1,1.48177630,393.0400
1624628807610000,0,18.66174684,394.2900
1624628832945000,1,18.73604684,394.1000
1624628832945000,1,1.68000000,394.0900
1624628832945000,1,2.53571555,394.0800
1624628832945000,1,2.52823761,394.0700
1624628844338000,0,5.50000000,394.8200
1624628844424000,0,9.20000000,394.8300
1624628844510000,0,4.03604000,394.8100
1624628844512000,0,9.20000684,394.8100
1624628844512000,0,5.49999316,394.8300
1624628844703000,0,0.00000684,394.8300
1624629034449000,1,18.73000000,394.7500
1624629120338000,1,0.09319072,394.2300
1624629128281000,1,2.53240000,394.1600
1624629128741000,1,0.00000208,394.1600
1624629128741000,1,2.53587792,394.1000
1624629128776000,1,0.00000482,394.1000
1624629128888000,1,1.02010000,394.0700
1624629649279000,0,7.54000000,393.6700
1624629709203000,1,7.54604000,393.3700
1624629755279000,0,2.08130000,394.1200
1624629782549000,0,5.26155508,395.6100
1624629783872000,0,8.40000000,395.6200
1624629784129000,0,8.40000000,395.6200
1624629784233000,0,4.36005000,395.6200
1624629784297000,0,11.39318492,395.6000
1624629784297000,0,9.60681508,395.6200
1624629784364000,0,21.20416000,395.6200
1624629784670000,0,2.99318492,395.6200
1624629793672000,1,6.29944000,396.0900
1624629793929000,1,0.00000876,396.0900
1624629801437000,1,0.25000000,395.8900
1624629816951000,1,5.26824000,396.3400
1624629820292000,1,1.05507310,396.2900
1624629906349000,1,0.12000000,396.6900
1624629906354000,1,18.36604684,396.6900
1624629908577000,1,31.13648000,396.6400
1624629908767000,1,5.50000000,396.6400
1624630319760000,0,8.66416025,397.6700
1624630325170000,1,5.25780000,397.4700
1624630325178000,1,0.00006817,397.4700
1624630409383000,0,2.51639431,397.6100
1624630409383000,0,5.25360569,397.6500
1624630409451000,0,0.00779278,397.6500
1624630409451000,0,10.07188659,397.7700
1624630409451000,0,2.51596379,397.7800
1624630409451000,0,16.35143938,397.7900
1624630409451000,0,5.26056439,397.8000
1624630412675000,1,5.25570000,397.7300
1624630412754000,1,0.00000358,397.7300
1624630819280000,0,0.51000000,397.3200
1624630819280000,0,8.15000000,397.3200
1624630819307000,0,3.23000000,397.3200
1624630866661000,1,5.16119038,396.7400
1624630898032000,1,3.27000000,396.7100
1624630904589000,1,0.17140593,396.5700
1624630932454000,1,1.68000000,396.5700
1624630964146000,1,5.27000000,396.3900
1624630964205000,1,0.00103916,396.3900
1624630970895000,0,0.25880000,396.6700
1624630998484000,1,11.32000000,396.1000
1624630998628000,1,1.03421912,396.1000
1624631057904000,1,1.64640000,395.9800
1624631108264000,1,1.29000000,395.4400
1624631175930000,1,5.29000000,394.8000
1624631197108000,1,0.00043222,394.8000
1624631197108000,1,1.67956778,394.8000
1624631217261000,1,0.25759200,394.6400
1624631308419000,0,4.25576000,395.2200
1624631308566000,0,4.00000000,395.2100
1624631403176000,1,5.27000000,396.1200
1624631403310000,1,0.00406130,396.1200
1624631443708000,1,2.52629877,395.6300
1624631443708000,1,5.28160263,395.6200
1624631447952000,1,8.25978179,395.6300
1624631447952000,1,5.28021821,395.6200
1624631448135000,1,0.00138442,395.6200
1624631448135000,1,6.31737301,395.4900
1624631448135000,1,2.52682222,395.4900
1624631448135000,1,5.28348799,395.4800
1624631479679000,1,1.77000000,395.0700
1624631481294000,1,2.52000000,394.8600
1624631582059000,0,1.01000000,394.4800
1624631698347000,1,2.52687000,395.3600
1624631731751000,1,1.12460000,394.5300
1624631731789000,1,1.40835373,394.5300
1624631743266000,1,2.53489280,394.1900
1624631743266000,1,5.47510720,394.1700
1624631743311000,1,0.86401972,394.1700
1624631753871000,0,1.12460000,394.3900
1624631760344000,0,0.26585077,394.4900
1624631799399000,1,2.53000000,393.8600
1624631799400000,1,0.00769750,393.8600
1624631841034000,0,5.31424539,393.6800
1624631881386000,1,5.31213591,393.2200
1624631881922000,1,5.08000000,393.2300
1624631902576000,1,2.54357138,392.7500
1624631902576000,1,6.35642862,392.7500
1624631912036000,1,2.54537124,392.6300
1624631912409000,1,2.49374020,392.6100
1624631922582000,1,2.54000000,392.2900
1624631925765000,1,1.68000000,392.2500
1624631933935000,0,0.37909610,392.7000
1624631951559000,1,2.54594151,392.3900
1624631951559000,1,4.73405849,392.3900
1624631955614000,1,2.54000000,392.2500
1624631966928000,1,1.68000000,392.0300
1624631967370000,1,0.54000000,391.9500
1624632019657000,1,0.17000000,391.7500
1624632023031000,1,6.92956384,391.5100
1624632023229000,1,3.77043000,391.5100
1624632023374000,1,0.00000616,391.5100
1624632058917000,1,2.48611727,391.0700
1624632058917000,1,2.49388273,391.0700
1624632059144000,1,0.00378589,391.0700
1624632088511000,0,0.12699593,390.6200
1624632122559000,1,1.78000000,390.7100
1624632151006000,1,1.88183503,390.4800
1624632151006000,1,4.69816497,390.4800
1624632151067000,1,0.00658739,390.4800
1624632159585000,1,1.54000000,390.0500
1624632163669000,1,1.51000000,389.9800
1624632163767000,1,0.00265245,389.9800
1624632165496000,1,1.51340493,389.7700
1624632165648000,1,1.51340493,389.7500
1624632177769000,1,1.68000000,389.5400
1624632178008000,1,1.54718185,389.5300
1624632178008000,1,3.98668938,389.5200
1624632178008000,1,1.54718185,389.5100
1624632178008000,1,3.07894692,389.4700
1624632187545000,1,1.60000000,389.7400
1624632187733000,1,0.00747449,389.7400
1624632187733000,1,1.60690592,389.7100
1624632187733000,1,1.58561959,389.6500
1624632187758000,1,0.00898079,389.6500
1624632192407000,1,7.12000000,389.5400
1624632192594000,1,3.52912342,389.5400
1624632192829000,1,1.59441860,389.4900
1624632192829000,1,1.60690592,389.4800
1624632192829000,1,1.49868188,389.2800
1624632203621000,1,1.68000000,388.6500
1624632205185000,0,0.25000000,389.1300
1624632205704000,1,3.14877079,388.4000
1624632205704000,1,1.53122921,388.3900
1624632213900000,1,1.20000000,388.4100
1624632239246000,1,0.91000000,388.6200
1624632239732000,1,0.37889387,388.6200
1624632239732000,1,3.22110613,388.6200
1624632285976000,1,1.14000000,389.0400
1624632286457000,1,0.00821516,389.0400
1624632286457000,1,2.86178484,389.0400
1624632298048000,1,0.69397705,388.2900
1624632306125000,1,0.60000000,387.9500
1624632306125000,1,0.00467158,387.9500
1624632306161000,1,0.60476813,387.9400
1624632314292000,0,2.58232326,387.6800
1624632347565000,1,0.58140458,388.1300
1624632347565000,1,1.62143093,388.1300
1624632347565000,1,4.21716449,388.1300
1624632364351000,1,0.54000000,388.3800
1624632364441000,1,0.56165336,388.3900
1624632364441000,1,0.03438668,388.3800
1624632364441000,1,3.65088832,388.3700
1624632445788000,1,0.70155000,389.2300
1624632464410000,1,0.71872123,389.5100
1624632464410000,1,1.76654339,389.5000
1624632464410000,1,4.56473538,389.5000
1624632533863000,1,0.64525056,389.8500
1624632533863000,1,1.60474944,389.8500
1624632534001000,1,0.00837697,389.8500
1624632605140000,1,0.66142407,391.1700
1624632605140000,1,1.65346593,391.1700
1624632605165000,1,0.00000975,391.1700
1624632606140000,1,0.64865000,390.9900
1624632606261000,1,0.00000084,390.9900
1624632679899000,1,0.60901700,390.4000
1624632679899000,1,1.52098300,390.4000
1624632680087000,1,0.00206573,390.4000
1624632717892000,1,0.57646982,390.1200
1624632717892000,1,4.78263018,390.1100
1624632756851000,0,0.25520673,389.8800
1624632760481000,0,1.68000000,389.7100
1624632851542000,0,1.88000000,389.8900
1624632918931000,1,3.00000000,389.1300
1624632922585000,1,5.36000000,388.8800
1624633008520000,1,0.71000000,389.6900
1624633080265000,0,0.27150861,389.5300
1624633137870000,1,0.45405193,389.2300
1624633137870000,1,0.68634807,389.2300
1624633167856000,1,1.12000000,389.1200
1624633177416000,1,0.51051757,389.1000
1624633177416000,1,1.27608243,389.1000
1624633207528000,0,2.56853000,389.5300
1624633207747000,0,0.00000997,389.5300
1624633224371000,1,0.71090073,389.8500
1624633224371000,1,1.06668927,389.8400
1624633224556000,1,0.71000000,389.8400
1624633224584000,1,0.00090876,389.8400
1624633237498000,1,0.57715568,389.7100
1624633237498000,1,0.53284432,389.7100
1624633348106000,0,0.12490000,387.7000
1624633370171000,0,5.00000000,387.2800
1624633390628000,1,0.92934000,387.1700
1624633390657000,1,0.00000211,387.1700
1624633407820000,1,5.27610861,386.6700
1624633423857000,0,0.25643958,386.8900
1624633440326000,1,0.25054411,385.6800
1624633481022000,1,5.42195000,385.9600
1624633481064000,1,0.00000294,385.9600
1624633502600000,0,1.68000000,386.5000
1624633519589000,0,7.47386509,387.2900
1624633519589000,0,2.58304449,387.3500
1624633519589000,0,2.58309042,387.3500
1624633519705000,0,1.14400000,387.2600
1624633547717000,1,5.41000000,386.4000
1624633561779000,0,4.50000000,386.9100
1624633631144000,1,5.41000000,386.1800
1624633645733000,1,5.42192575,385.7700
1624633666585000,1,0.08300000,385.4600
1624633712591000,1,0.00054453,385.4600
1624633757290000,0,8.40000000,384.7600
1624633757332000,0,8.40000000,384.7700
1624633800305000,0,0.12871184,384.1100
1624633856484000,0,4.56333000,383.6000
1624633920334000,0,0.10310084,384.2300
1624633998020000,0,5.00000000,384.1400
1624633998108000,0,3.60000000,384.1400
1624634016546000,1,18.73604184,383.9600
1624634034008000,0,2.60731072,383.8300
1624634034008000,0,2.60713256,383.8500
1624634034008000,0,6.51760387,383.8500
1624634034008000,0,1.68000000,383.8600
1624634036119000,0,54.48318999,383.9600
1624634036591000,0,1.67164512,383.9600
1624634036627000,0,1.14176489,383.9600
1624634048826000,1,8.40000000,384.2500
1624634048904000,1,8.40000000,384.2500
1624634052156000,1,1.68000000,384.1400
1624634052156000,1,20.26000000,384.1300
1624634060682000,1,1.68000000,383.9100
1624634091084000,0,8.40000000,384.1500
1624634091533000,0,10.33600000,384.1100
1624634101317000,0,8.60000000,384.6900
1624634218747000,1,7.31650000,384.1900
1624634218785000,1,1.84090000,384.1800
1624634218969000,1,5.47560000,384.1900
1624634219031000,1,5.47563000,384.1800
1624634219123000,1,5.94390000,384.2000
1624634219335000,1,0.00000835,384.1800
1624634342711000,0,5.60522000,384.5600
1624634342773000,0,6.50000000,384.5600
1624634342924000,0,6.50628000,384.5700
1624634342949000,0,0.00000247,384.5700
1624634359526000,0,6.63000000,385.1700
1624634359975000,0,5.31140000,385.2800
1624634359976000,0,1.84090000,385.2800
1624634387964000,1,8.40000000,385.1700
1624634400063000,1,1.68000000,384.8900
1624634400063000,1,3.75000000,384.8700
1624634412308000,1,10.33522000,384.7400
1624634427139000,0,5.19372000,385.4300
1624634427854000,0,13.54000000,385.6100
1624634428153000,0,2.59759004,385.6200
1624634428153000,0,2.59547996,385.6200
1624634428161000,0,0.00000649,385.6200
1624634464858000,1,2.59383000,385.3200
1624634464987000,1,0.00000334,385.3200
1624634545837000,1,1.54000000,385.7800
1624634579593000,0,1.54232684,385.8000
1624634579593000,0,6.95767316,385.8100
1624634590206000,1,18.73604000,385.3800
1624634593525000,1,0.33200000,385.1400
1624634646845000,1,5.43000000,384.8400
1624634667741000,1,1.45000000,384.8300
1624634674628000,0,18.50000000,385.1000
1624634674642000,0,0.23604000,385.1000
1624634674793000,0,0.08300000,385.1200
1624634674817000,0,8.51700000,385.1200
1624634679079000,1,5.43620000,384.9700
1624634773415000,0,0.25000000,385.1300
1624634785851000,0,8.60000000,384.8300
1624634793672000,0,18.50000000,384.9900
1624634793857000,0,4.00000000,384.9900
1624634793928000,0,6.50000000,384.9900
1624634794009000,0,8.50000000,384.9900
1624634794078000,0,8.40000000,384.9900
1624634794085000,0,4.25600000,384.9900
1624634794143000,0,3.79507000,384.9900
1624634800643000,1,1.68000000,384.9100
1624634812899000,1,4.50000000,384.8500
1624634821978000,0,4.50000000,384.8500
1624634880260000,0,0.14160461,385.7300
1624634940571000,1,0.16526791,384.7200
1624634979321000,1,1.01170000,384.5100
1624635019010000,1,4.00000000,386.0000
1624635030357000,1,11.00000000,386.1600
1624635030416000,1,4.00000000,386.1600
1624635070566000,1,0.15000000,386.0500
1624635121378000,1,4.11000000,386.3400
1624635125306000,1,0.11000000,386.3200
1624635143900000,0,1.01170000,386.5900
1624635203582000,1,0.99000000,386.3900
1624635229959000,1,5.41000000,385.9900
1624635232363000,1,0.00919241,385.9900
1624635232363000,1,3.38080759,385.9500
1624635244791000,1,13.52604684,385.8200
1624635244791000,1,3.16592693,385.8100
1624635318849000,1,5.43720000,384.7100
1624635383739000,0,18.73000000,386.8300
1624635385572000,0,1.68000000,386.9700
1624635389929000,0,7.69000000,387.1500
1624635430934000,1,11.90000000,387.2700
1624635431070000,1,6.83000000,387.2800
1624635431100000,1,5.40333009,387.2500
1624635489129000,1,5.40621000,386.9900
1624635514326000,1,5.40312617,387.1800
1624635514326000,1,3.19066383,387.1800
1624635525351000,1,5.40845354,386.8100
1624635642179000,1,5.40000000,386.8600
1624635642223000,1,0.00810384,386.8600
1624635642919000,1,5.40810000,386.8600
1624635762887000,1,8.50000000,388.2400
1624635801590000,0,3.00000000,388.9100
1624635827065000,1,0.25000000,388.6100
1624635829374000,0,0.49780000,389.0600
1624635840284000,1,1.68000000,388.6300
1624635840284000,1,2.41488292,388.6100
1624635851903000,1,2.76000000,388.5800
1624635945914000,0,0.33000000,389.3900
1624635987456000,1,1.42000000,389.3300
1624636072666000,0,0.22509000,389.3000
1624636083203000,0,0.00000300,389.3000
1624636092417000,1,5.37645000,389.2900
1624636158568000,1,5.37057000,389.7200
1624636200947000,1,5.37568878,389.3900
1624636200947000,1,2.35104922,389.3500
1624636220351000,1,0.00000143,389.2900
1624636220351000,1,7.29631436,389.2600
1624636220351000,1,5.37368421,389.2600
1624636267300000,1,0.00171801,389.2600
1624636267300000,1,1.67828199,389.2600
1624636278207000,0,18.16604684,389.7400
1624636278207000,0,5.37395316,389.7500
1624636365754000,1,5.37000000,389.2500
1624636369510000,1,1.51000000,388.9300
1624636405845000,0,1.68000000,389.7200
1624636437986000,1,1.68000000,389.0700
1624636437986000,1,2.56000000,389.0400
1624636438120000,1,4.16370070,389.0500
1624636624367000,0,5.67000000,388.5800
1624636624873000,0,5.39000000,388.6000
1624636628665000,0,0.00400347,388.6000
1624636632307000,1,16.00000000,388.3200
1624636637807000,1,2.73000000,388.0900
1624636664287000,0,5.40358432,387.9900
1624636688300000,0,3.95000000,388.0200
1624636813528000,0,7.90000000,387.1200
1624636813528000,0,3.00000000,387.1200
1624636813528000,0,5.90000000,387.1300
1624636813594000,0,3.00000000,387.1100
1624636813594000,0,2.70000000,387.1300
1624636813594000,0,2.70000000,387.1900
1624636818394000,1,2.58000000,386.3000
1624636818459000,1,0.00666739,386.3000
1624636818459000,1,0.46022724,386.2900
1624636830046000,0,9.31000000,386.5500
1624636852495000,0,4.00820000,387.1800
1624636868595000,1,0.25000000,387.4800
1624636875416000,1,13.07054000,387.6800
1624636901788000,1,2.58370000,386.5600
1624636901793000,1,0.00001317,386.5600
1624636901858000,1,6.46151000,386.4700
1624636902015000,1,0.00000778,386.4700
1624636902344000,1,2.58508912,386.3600
1624636902717000,0,0.07648307,386.5500
1624636920331000,0,0.12282301,387.5300
1624636922749000,0,1.68000000,387.6400
1624636928342000,0,1.68000000,388.1500
1624636946043000,0,11.66000000,388.8900
1624637000337000,1,0.60000000,389.0400
1624637012196000,1,2.56530000,389.3800
1624637018548000,0,1.06000000,390.1300
1624637029021000,1,2.56307000,389.4900
1624637048048000,0,4.15000000,390.8300
1624637066580000,1,15.81000000,390.4300
1624637224577000,1,8.40000000,389.0600
1624637269978000,0,1.68000000,389.0500
1624637321505000,0,5.39000000,388.4300
1624637322535000,0,0.00453725,388.4300
1624637322535000,0,5.39310082,388.5700
1624637343723000,0,5.39000000,388.5100
1624637343773000,0,13.34604070,388.5100
1624637343773000,0,7.37479234,388.5200
1624637373962000,0,0.30170000,388.8200
1624637437485000,1,2.56370000,389.8100
1624637443536000,0,0.25434985,389.9100
1624637561536000,1,11.94000000,389.5700
1624637582865000,1,6.79604684,389.7200
1624637582865000,1,5.36395316,389.7100
1624637745854000,1,0.80000000,387.4700
1624637827201000,0,0.25675800,386.9800
1624637834961000,1,2.58000000,386.6000
1624638047958000,1,7.50000000,385.2100
1624638058638000,1,1.68000000,384.7500
1624638064458000,0,0.25000000,384.7400
1624638095105000,0,5.46000000,383.7400
1624638103738000,1,5.15000000,383.1700
1624638111924000,1,1.68000000,383.0100
1624638112301000,1,0.20000000,383.0000
1624638122898000,1,0.42000000,382.1800
1624638207512000,1,2.61753183,381.7700
1624638212378000,1,2.61000000,381.7700
1624638233655000,0,1.62600000,382.1000
1624638266889000,1,2.61000000,381.9800
1624638271814000,1,5.48000000,381.7900
1624638305928000,0,16.80000000,382.1000
1624638305933000,0,0.00004684,382.1000
1624638339907000,1,5.47000000,382.4800
1624638371429000,0,1.68000000,382.4400
1624638371429000,0,3.00000000,382.4400
1624638371429000,0,8.70000000,382.4500
1624638371429000,0,7.14812125,382.4700
1624638371429000,0,4.47187875,382.4800
1624638373152000,1,1.68000000,381.9100
1624638404819000,1,0.00268343,381.7900
1624638412322000,0,6.55637962,381.7900
1624638412396000,0,8.40000000,381.8100
1624638412893000,0,6.55431694,381.8000
1624638412893000,0,0.30000000,381.8100
1624638412893000,0,8.69238306,381.9000
1624638419243000,1,1.68000000,381.3800
1624638456923000,1,2.62150000,380.9900
1624638456925000,1,0.00005057,380.9900
1624638462558000,0,2.00000000,381.0000
1624638481547000,1,6.50000000,380.8500
1624638482444000,1,6.00000000,380.8700
1624638482520000,1,4.75143000,380.8500
1624638486067000,0,1.87687000,381.0000
1624638490162000,1,1.01585257,380.3500
1624638490162000,1,1.02855270,380.2200
1624638510950000,0,6.00000000,380.6000
1624638533162000,1,2.62478659,380.7000
1624638555237000,1,5.50000000,380.4500
1624638556776000,1,0.00343272,380.4500
1624638562994000,1,5.50000000,380.2200
1624638574357000,0,48.78000000,380.5200
1624638574452000,0,0.00867000,380.5200
1624638579874000,1,5.50000000,380.3700
1624638584813000,0,0.50000000,380.4300
1624638593166000,1,5.50692000,380.3800
1624638600294000,0,0.12770784,380.3200
1624638607983000,1,0.60000000,380.0000
1624638608094000,1,1.37000000,380.0000
1624638608094000,1,0.50000000,380.0000
1624638608094000,1,5.00000000,380.0000
1624638637213000,1,1.32000000,380.8300
1624638637496000,1,17.41604684,380.8400
1624638637496000,1,2.62232055,380.8100
1624638637496000,1,6.55607013,380.8100
1624638666532000,1,2.33000000,380.0900
1624638701012000,0,18.73000000,381.5800
1624638764058000,1,2.57000000,382.5300
1624638991229000,1,14.28000000,384.1700
1624638997899000,1,3.00000000,384.1900
1624638997899000,1,5.45000000,384.1700
1624639004946000,1,0.00166088,384.1700
1624639056992000,1,5.47500000,381.8700
1624639075779000,1,4.36100000,381.4800
1624639081202000,1,5.49087378,381.3800
1624639097387000,1,2.62000000,379.9700
1624639103375000,1,0.49000000,379.3500
1624639131444000,1,1.23000000,379.4200
1624639131600000,1,1.40345309,379.4200
1624639131600000,1,3.76735776,379.3900
1624639134971000,1,0.01000000,379.3500
1624639136606000,0,8.70000000,379.4300
1624639197356000,0,0.18282361,381.2700
1624639241393000,1,0.78822599,379.8300
1624639245241000,0,0.12730000,380.7500
1624639543758000,1,5.45540000,383.8300
1624639573148000,1,4.00000000,383.9900
1624639573165000,1,1.45423973,383.9900
1624639763983000,1,5.45500000,383.9500
1624639909816000,1,5.47000000,382.5600
1624639920294000,0,0.07638096,382.8400
1624639940620000,0,0.12630000,383.4600
1624640008354000,1,0.09600000,381.2200
1624640029244000,1,5.49000000,381.2300
1624640151785000,1,5.46590000,383.1300
1624640158870000,0,4.50000000,383.2800
1624640195650000,1,0.00008971,383.1300
1624640195650000,1,2.21111029,383.0300
1624640195711000,1,0.39782779,383.0300
1624640327365000,1,4.58900000,383.6200
1624640458083000,0,1.68000000,383.8100
1624640667767000,0,1.68000000,385.9900
1624640674863000,0,1.68000000,386.1700
1624640713370000,0,0.25060000,386.4000
1624640731353000,1,0.25000000,386.0900
1624640760305000,1,0.78185690,386.4300
1624640880330000,1,0.69587999,385.9100
1624640974489000,0,1.68000000,385.1400
1624641078433000,0,0.70000000,385.0100
1624641078433000,0,0.98000000,385.0200
1624641078858000,0,5.00000000,385.0500
1624641120324000,1,0.12453300,384.3900
1624641129968000,0,2.75000000,385.2900
1624641178955000,0,1.60000000,385.5900
1624641248657000,0,2.21270000,385.9100
1624641293061000,1,6.99691779,385.8800
1624641367403000,0,0.99951000,386.8000
1624641368467000,0,0.00000820,386.8000
1624641368467000,0,1.05529180,386.9300
1624641368489000,0,0.00009014,386.9300
1624641485918000,0,0.12990000,387.6600
1624641496282000,0,1.68000000,387.7700
1624641534398000,0,0.24970000,388.0200
1624641844509000,1,1.03490000,385.4700
1624641897647000,1,2.58961000,385.8200
1624641903568000,0,1.02000000,386.2300
1624641906128000,0,0.00004031,386.2300
1624641919583000,1,0.08131038,386.5400
1624641990165000,1,0.14000000,385.5200
1624641990319000,1,1.54000000,385.5200
1624641990728000,1,1.43400000,385.5600
1624641990730000,1,1.15783063,385.5600
1624642602554000,1,9.96270000,384.0800
1624642602554000,1,1.68000000,384.0700
1624642602554000,1,8.35728800,384.0500
1624642822549000,0,5.56917000,383.2600
1624642823262000,0,0.12960609,383.5500
1624642855267000,0,5.00000000,383.1800
1624642933409000,0,8.03000000,382.2300
1624643008233000,1,9.10000000,381.9500
1624643032807000,1,9.62870000,381.4800
1624643040308000,1,0.44013801,381.2400
1624643052412000,1,1.68000000,380.8300
1624643067840000,0,0.25000000,381.2300
1624643072612000,0,0.99463192,381.8100
1624643108872000,0,3.30354000,380.9800
1624643114993000,0,8.40000000,381.6600
1624643115068000,0,2.60670000,381.6600
1624643115214000,0,1.39330000,381.6600
1624643182921000,0,3.29519000,382.4600
1624643182929000,0,0.00000934,382.4600
1624643318155000,1,2.61023000,382.7900
1624643360494000,1,2.60893000,382.8700
1624643414339000,0,2.73440000,383.5700
1624643414541000,0,0.00005973,383.5700
1624643415453000,0,8.40000000,383.5700
1624643429055000,0,1.00000000,384.1400
1624643505879000,0,2.19650000,381.9900
1624643513425000,0,0.00009315,381.9900
1624643513425000,0,2.19663685,381.9900
1624643563438000,0,0.60000000,384.1900
1624643613139000,0,2.18315000,384.4100
1624643656546000,0,2.60201000,384.5900
1624643656660000,0,6.13396000,384.5700
1624643658018000,0,0.00000022,384.5900
1624643658018000,0,6.50681978,384.6800
1624643662076000,0,0.00000458,384.6800
1624643914723000,0,0.52894057,382.8300
1624644057037000,0,0.28127288,382.1900
1624644062255000,1,4.68000000,381.6900
1624644065900000,1,2.61868000,381.4100
1624644191619000,1,1.00823000,380.0000
1624644307682000,0,0.11941883,385.1300
1624644448564000,1,11.57345000,386.0400
1624644565767000,0,7.19561000,386.0300
1624644625475000,0,1.00000000,385.6400
1624644706908000,0,10.84000000,386.8700
1624644724153000,0,2.58520752,387.1300
1624644960276000,0,0.51538910,385.1200
1624645182368000,0,2.16654000,387.2900
1624645231012000,0,1.62247000,387.8300
1624645253867000,0,0.00000362,387.8300
1624645290664000,0,1.03904603,387.7100
1624645306992000,1,15.00000000,387.7600
1624645307435000,1,2.57738672,387.7500
1624645493576000,0,9.50020000,387.7400
1624645517901000,1,12.53581492,386.9700
1624645517901000,1,5.41219774,386.9300
1624645521400000,0,0.08766016,387.3500
1624645554552000,0,2.16000000,387.0600
1624645587392000,1,5.41573000,386.9600
1624645601305000,1,0.00000052,386.9600
1624645638414000,1,1.68000000,386.4500
1624645638690000,1,2.58562399,386.4300
1624645638690000,1,5.26135211,386.4200
1624645696003000,0,1.68000000,386.5100
1624645736025000,1,5.42000000,386.3600
1624645873991000,1,2.82346867,385.2200
1624645879254000,1,8.40000000,385.0700
1624645901448000,1,8.50000000,384.8700
1624645936776000,0,10.00000000,384.9000
1624646040249000,1,1.23916217,384.9000
1624646107489000,0,0.12901645,385.6300
1624646117257000,0,8.07000000,385.7800
1624646117465000,0,1.68000000,385.7900
1624646146759000,0,1.28538608,385.8700
1624646181725000,1,8.01000000,386.0400
1624646184465000,0,6.50000000,386.5400
1624646383072000,0,8.67000000,387.1900
1624646383104000,0,0.00604684,387.1900
1624646383104000,0,3.25078882,387.2300
1624646412489000,0,0.35000000,387.8100
1624646440033000,1,2.57692170,387.7300
1624646553511000,0,2.71000000,387.0800
1624646598305000,0,0.00021392,387.0800
1624646598305000,0,7.22978608,387.2400
1624646680919000,1,12.22000000,387.5500
1624646687428000,1,1.53000000,387.2900
1624646687568000,1,0.15000000,387.2900
1624646687568000,1,5.40981732,387.2500
1624646687568000,1,2.51835591,387.1800
1624646687638000,1,1.68000000,387.3000
1624646687788000,1,7.28483992,387.1300
1624646687788000,1,6.29614788,387.0700
1624646687788000,1,5.41298706,387.0600
1624646687788000,1,0.96000044,387.0300
1624646706648000,0,1.25267572,387.4200
1624646723284000,0,3.24870000,387.3700
1624646729466000,0,3.24880000,387.3600
1624646729507000,0,3.24000000,387.3600
1624646729532000,0,0.00007941,387.3700
1624646729532000,0,3.23992059,387.3700
1624646820885000,0,2.70850000,387.2400
1624646880295000,0,0.00003339,387.2400
1624646880295000,0,0.97044839,387.3400
1624646951227000,0,0.07692193,387.0400
1624647039246000,0,0.07694181,386.9400
1624647044937000,1,1.68000000,386.6000
1624647076707000,1,0.21000000,386.3100
1624647076791000,1,1.61756872,386.3100
1624647076791000,1,1.68000000,386.3100
1624647076791000,1,1.82756872,386.2700
1624647079492000,0,1.03540000,386.2000
1624647100213000,1,1.65929456,385.9500
1624647100816000,1,1.65890000,385.9300
1624647101417000,1,11.08427000,385.9900
1624647113755000,1,0.24804391,385.6300
1624647153311000,0,2.17780000,385.1400
1624647153644000,0,0.00000614,385.1400
1624647155572000,0,10.00000000,385.5500
1624647156905000,0,1.02146941,385.6900
1624647156905000,0,1.68000000,385.6900
1624647166380000,0,1.68000000,386.2900
1624647167069000,0,1.68000000,386.4400
1624647450646000,1,1.19000000,387.8700
1624647450709000,1,0.00900204,387.8700
1624647469273000,1,5.40000000,387.5700
1624647469536000,1,50.70760000,387.4200
1624647469536000,1,1.18113980,387.3300
1624647469536000,1,6.91357665,387.3300
1624647469536000,1,3.00000000,387.3300
1624647469536000,1,5.40237233,387.3200
1624647472271000,1,2.48889176,387.1700
1624647473230000,1,1.03170000,387.1500
1624647474285000,1,8.40000000,387.0700
1624647477467000,0,1.00000000,387.5600
1624647491048000,1,0.90000000,386.9100
1624647499635000,1,0.89054677,386.7200
1624647499650000,1,0.01817442,386.7200
1624647502768000,1,0.90872000,386.5700
1624647580741000,0,1.25390000,387.3400
1624647580755000,0,8.40000000,387.3400
1624647604956000,0,1.68000000,387.7000
1624647605057000,0,7.11106401,387.7600
1624647660475000,1,0.68000000,387.7100
1624647671112000,0,0.13934307,387.7000
1624647672225000,1,1.68000000,387.2600
1624647759264000,0,4.38909000,386.5000
1624647759294000,0,2.17036534,386.5200
1624647759406000,0,4.45248000,386.4900
1624647808431000,1,5.42000000,386.3700
1624647988917000,1,5.42000000,386.2300
1624648008645000,1,1.68000000,386.2000
1624648065480000,1,0.45000000,385.1400
1624648073010000,0,3.76000000,385.2900
1624648100329000,1,0.43771833,384.8300
1624648217559000,1,0.36414956,384.3500
1624648217559000,1,0.90585044,384.3400
1624648255981000,1,0.35000000,384.5900
1624648305393000,1,0.33000000,385.0800
1624648476008000,0,6.92075814,387.4500
1624648477542000,0,1.70000000,387.6100
1624648477634000,0,8.40000000,387.6100
1624648492058000,1,0.29000000,387.5800
1624648560538000,1,1.44960278,388.5400
1624648616372000,1,1.68000000,388.3900
1624648616386000,1,1.68000000,388.3700
1624648616779000,1,0.23878411,388.3300
1624648616779000,1,0.23878411,388.3300
1624648616779000,1,0.22444262,388.2700
1624648680883000,0,7.12195316,389.1400
1624648698870000,1,9.80000000,388.6100
1624648781407000,0,10.02444262,389.7200
1624648781407000,0,11.09555738,389.7300
1624648808094000,0,10.00000000,390.0000
1624648808094000,0,2.56000000,390.0700
1624648811670000,0,1.09298005,390.2700
1624648811670000,0,0.90615020,390.3700
1624648859257000,1,0.25000000,390.0700
1624648892669000,0,0.00000001,390.3700
1624648906047000,0,1.68000000,390.7100
1624649052717000,1,1.25390000,389.9200
1624649052722000,1,5.76430000,389.9200
1624649094159000,1,3.00000000,389.8300
1624649440340000,1,0.12000000,389.9100
1624649540289000,1,0.16127000,388.9700
1624649540571000,1,0.38718441,388.8100
1624649689137000,0,4.50000000,389.2500
1624649689202000,0,6.74000000,389.2500
1624649689615000,0,6.34127000,389.2500
1624649689683000,0,39.50000000,389.2500
1624649689760000,0,3.67851000,389.2500
1624649721295000,1,18.73604684,388.4300
1624649721295000,1,30.24395316,388.4200
1624649874279000,1,24.30000000,387.7800
1624649874333000,1,10.57000000,387.7800
1624649926492000,1,0.12000000,387.2500
1624649926604000,1,0.00310670,387.2500
1624649936757000,0,1.02199164,387.3300
1624649937209000,0,1.02199164,387.4000
1624650147517000,0,0.12750000,387.3700
1624650232480000,1,0.10894016,386.4200
1624650240240000,0,0.07670455,386.7800
1624650275122000,0,0.10860000,386.7400
1624650296272000,0,0.25020000,387.0900
1624650306893000,0,1.52450000,386.6700
1624650310543000,0,0.25050000,386.4400
1624650312322000,0,0.12530000,386.3300
1624650325611000,0,0.08310000,386.0400
1624650341316000,0,1.02332778,386.0400
1624650341785000,0,1.02332778,386.0100
1624650349054000,0,0.13800000,385.9400
1624650391375000,0,13.75000000,385.6800
1624650519199000,1,5.43270000,385.3000
1624650872055000,0,5.42000000,386.4400
1624650872088000,0,0.00330249,386.4400
1624650992159000,1,8.50000000,388.1000
1624651094385000,1,1.68000000,388.7000
1624651281804000,1,8.40000000,386.6800
1624651303312000,0,8.40000000,386.5200
1624651319611000,1,5.41600000,385.9700
1624651425485000,0,5.43000000,385.6700
1624651425699000,0,0.00451333,385.6700
1624651678549000,1,5.38753000,388.4800
1624651683734000,1,0.00000848,388.4800
1624651683734000,1,5.38964152,388.3200
1624652043567000,0,13.50000000,386.3000
1624652217633000,1,7.18000000,386.9100
1624652217789000,1,10.75000000,386.9200
1624652240861000,0,7.96000000,387.2800
1624652247726000,0,0.12815688,387.8000
1624652488023000,0,0.12761313,389.0100
1624652515889000,1,1.02269162,388.9000
1624652542156000,0,9.97439000,390.1400
1624652542196000,0,1.06000000,390.3000
1624652542196000,0,2.56345733,390.3600
1624652542196000,0,3.31063773,390.3700
1624652542198000,0,2.06690291,390.3700
1624652542198000,0,4.86719215,390.4600
1624652542211000,0,3.63280785,390.4600
1624652542211000,0,3.30180833,390.5100
1624652542213000,0,0.64293829,390.5100
1624652542599000,0,2.56348464,390.5100
1624652543545000,0,1.68000000,390.8400
1624652543652000,0,0.40883300,391.3500
1624652551314000,1,1.68000000,390.8400
1624652552636000,1,1.68000000,390.4800
1624652552636000,1,0.97785942,390.4700
1624652553956000,0,3.66000000,391.7300
1624652554076000,0,5.72260000,391.7300
1624652554113000,0,1.27670000,391.7300
1624652554128000,0,10.09283964,391.7300
1624652554367000,1,0.97785000,391.3000
1624652554757000,1,0.70215000,391.3100
1624652554828000,1,0.97785000,391.3100
1624652554828000,1,0.00584833,391.3000
1624652554828000,1,1.01468786,391.1400
1624652554828000,1,3.37915381,390.4200
1624652557137000,0,1.68000000,391.9800
1624652565496000,0,1.68000000,392.5800
1624652572429000,1,2.00000000,392.3800
1624652585290000,1,8.33710000,391.7100
1624652590378000,1,0.25000000,391.5500
1624652624931000,1,3.63818000,392.2800
1624652750237000,0,1.68000000,391.1100
1624652870142000,1,0.16190876,391.1500
1624652870142000,1,0.16189124,391.1500
1624653169084000,0,6.17000000,390.8700
1624653227134000,1,0.18189560,390.6700
1624653227322000,1,0.15603764,390.6200
1624653227362000,1,0.02584587,390.6200
1624653227362000,1,0.15603763,390.6200
1624653227681000,1,0.02585798,390.6200
1624653232501000,1,1.68000000,390.4100
1624653232884000,1,7.87160339,390.4300
1624653237162000,1,1.68000000,390.1700
1624653251859000,1,0.17758151,390.1200
1624653252419000,0,0.12241849,390.1100
1624653366736000,0,1.33780000,389.7700
1624653366802000,0,6.26570000,389.7700
1624653374846000,1,5.37230000,389.8000
1624653374872000,1,0.00000600,389.8000
1624653445219000,0,0.09210145,390.6300
1624653834258000,0,1.27113035,390.2500
1624653840250000,0,2.52351746,390.3300
1624653856176000,0,0.24810000,390.3200
1624654125283000,0,1.27012185,390.9500
1624654412439000,0,0.25623460,389.7600
1624655052283000,0,0.14910000,389.6900
1624655175269000,1,5.37737000,389.0400
1624655175455000,1,0.00000274,389.0400
1624655463443000,1,1.02860000,387.7200
1624655475035000,1,1.04440000,386.7600
1624655629452000,1,0.53383574,384.1100
1624655629452000,1,0.21352426,384.1100
1624655672397000,0,0.25000000,384.5800
1624655672411000,0,0.25000000,384.5800
1624655796121000,1,0.29273038,383.6600
1624655796126000,1,0.00000001,383.6600
1624656144909000,0,1.65130000,385.6100
1624656640701000,0,0.12833916,386.6900
1624656862276000,0,0.07493430,388.3400
1624658313089000,0,6.88839981,385.5300
1624658412714000,1,5.42266000,386.3000
1624658421352000,0,18.38000000,387.2500
1624658424194000,1,1.50000000,386.7600
1624658432933000,1,8.60000000,386.6900
1624658492982000,1,18.72833000,386.3700
1624658548801000,0,0.11472164,384.8600
1624658558068000,0,5.33515000,384.8600
1624658564411000,1,5.44395000,384.6700
1624658566299000,1,5.50000000,384.7200
1624658566617000,1,0.00000683,384.6700
1624658575451000,0,0.00000538,384.8600
1624658575451000,0,5.45021462,384.9300
1624658578914000,1,5.44811000,384.4100
1624658580193000,0,0.00001507,384.9300
1624658580193000,0,5.45021493,384.9300
1624658584533000,0,0.00001476,384.9300
1624658584533000,0,7.14998524,385.1000
1624658620063000,1,5.43685000,385.3100
1624658857404000,0,18.73604079,387.9600
1624659070043000,1,6.65570000,388.6500
1624659070152000,1,10.00000000,388.6500
1624659070217000,1,3.50000000,388.6500
1624659071636000,1,0.17420700,388.6300
1624659263605000,1,1.87627000,389.5800
1624659294601000,1,0.25000000,389.2000
1624659371216000,0,5.39000000,388.6700
1624659382785000,0,5.39979000,388.3700
1624659442067000,0,5.24000000,388.2600
1624659550767000,0,0.26826860,388.8700
1624659653150000,0,5.40785000,387.8300
1624659742380000,0,4.86437000,388.0300
1624659746894000,0,0.00000339,388.0300
1624659746894000,0,4.85999661,388.2400
1624659767313000,0,0.00261718,388.2400
1624659767313000,0,4.85738282,388.4500
1624659886099000,0,0.00239124,388.4500
1624660320274000,0,0.12632360,386.0800
1624660345072000,0,5.43000000,385.7000
1624660349181000,0,2.30000000,386.2700
1624660400592000,0,4.01000000,386.0900
1624660427692000,0,0.13336543,386.4000
1624660448350000,0,0.57000000,386.2700
1624660515535000,0,4.88000000,386.9000
1624660515993000,0,0.00022061,386.9000
1624660608562000,0,0.34000000,386.4200
1624660655397000,0,4.89000000,385.9700
1624660720418000,0,3.81000000,385.0600
1624660720680000,0,0.00308519,385.0600
1624660741064000,0,3.81000000,385.2200
1624660746435000,0,0.00213736,385.2200
1624660912980000,1,6.93431339,381.7600
1624660920555000,1,0.98437656,380.9700
1624660920555000,1,0.01042372,380.8400
1624660947721000,0,0.25000000,381.9700
1624660997715000,0,6.93479039,382.7100
1624660997715000,0,1.67520961,382.7200
1624661008984000,1,8.40000000,382.6700
1624661009714000,0,58.72000000,382.8500
1624661024412000,1,5.79882000,382.5700
1624661056294000,1,7.50000000,382.5700
1624661094149000,0,3.83000000,382.2900
1624661094162000,0,1.65805581,382.2900
1624661099750000,1,4.00000000,381.9000
1624661124086000,0,4.00000000,381.7000
1624661131373000,0,11.50000000,382.5300
1624661140275000,0,2.61000000,383.1700
1624661144702000,0,1.84099000,383.4400
1624661162651000,1,6.50000000,382.7100
1624661162679000,1,8.40000000,382.7100
1624661162781000,1,3.83604684,382.7200
1624661180361000,0,0.12967044,382.9100
1624661299971000,0,1.68000000,379.1400
1624661303046000,0,1.68000000,379.1600
1624661314357000,0,18.56000000,379.5500
1624661317429000,0,19.27000000,379.3100
1624661321700000,0,72.78265000,379.5400
1624661321700000,0,44.53769000,379.5800
1624661341557000,0,4.97000000,379.5100
1624661378827000,0,0.13083273,379.8400
1624661425490000,1,5.51000000,379.8800
1624661454244000,1,1.68000000,378.8200
1624661462944000,0,0.13084652,378.8400
1624661571210000,1,1.43262511,377.7600
1624661571233000,1,0.24737489,377.7600
1624661571296000,1,0.08000000,377.7100
1624661580772000,0,5.68604000,377.5900
1624661580880000,0,0.24700000,377.6800
1624661633435000,1,0.07311545,378.1700
1624661633435000,1,0.17688455,378.1600
1624661639484000,1,0.06799634,377.8000
1624661692720000,1,0.12242124,378.0800
1624661692720000,1,0.31829522,378.0600
1624661710128000,0,4.00000000,378.2000
1624661710221000,0,4.80000000,378.2000
1624661726506000,0,6.96413085,378.8700
1624661726571000,0,2.83586915,378.8700
1624661765717000,1,1.68000000,379.3300
1624661796706000,1,12.46400000,378.7100
1624661811206000,1,0.12403837,378.4700
1624661841492000,1,1.68000000,377.3100
1624661914052000,0,0.12240000,377.5300
1624661934360000,0,12.34160000,377.6100
1624661958003000,0,0.08472296,377.7800
1624661971321000,1,12.34160000,377.2100
1624661995717000,1,6.39444000,376.9700
1624661995717000,1,0.88556000,376.9600
1624661996193000,1,0.08000000,376.9600
1624662016608000,0,1.68000000,377.5900
1624662016608000,0,5.30437537,377.6500
1624662038279000,1,5.55000000,376.9400
1624662054902000,1,0.12000000,376.9000
1624662058723000,0,7.21000000,377.3400
1624662060665000,0,11.52604000,377.5600
1624662061442000,0,9.09206000,377.6700
1624662061513000,0,5.10794000,377.6700
1624662135252000,1,0.20000000,378.0400
1624662159363000,1,5.60794000,378.0900
1624662159480000,1,4.50000000,378.1000
1624662231936000,0,10.10790000,377.9400
1624662231965000,0,0.00004684,377.9400
1624662249165000,1,1.15000000,378.1500
1624662320006000,0,8.40000000,379.8000
1624662504186000,0,17.08000000,380.7200
1624662715386000,0,5.50000000,381.4300
1624662728426000,0,0.18408000,381.2700
1624662729061000,0,0.00000027,381.2700
1624662771513000,0,3.58000000,381.0800
1624662800449000,0,5.50000000,380.9400
1624662805980000,0,0.00537493,380.9400
1624662805980000,0,2.63462507,381.1000
1624662806062000,0,1.47730000,381.1000
1624662815090000,0,0.00036122,381.4300
1624662964761000,1,0.09687500,381.5800
1624663030456000,1,1.47730000,381.2700
1624663140016000,1,2.49610000,381.0200
1624663140106000,1,13.51000000,381.0300
1624663254007000,0,2.33000000,379.6300
1624663296519000,0,18.73027500,380.0300
1624663454712000,1,18.73000000,380.5600
1624663680335000,0,0.10405663,382.0500
1624663806207000,0,1.49180000,380.8000
1624663806297000,0,1.13689544,380.8000
1624663933367000,1,1.49180000,382.3100
1624664159542000,1,1.68000000,384.0000
1624664180268000,1,0.25000000,383.6700
1624664193632000,1,1.68000000,384.3000
1624664273220000,0,1.03990000,384.8600
1624664685438000,1,5.00000000,384.9500
1624664685570000,1,0.60000000,384.9500
1624664685639000,1,3.00000000,384.9500
1624664772791000,0,0.00170210,385.9700
1624664772791000,0,1.27119790,386.1300
1624664836178000,1,2.31270000,385.5000
1624664866251000,1,6.32408000,384.5500
1624664866668000,1,8.60000000,384.4500
1624664977436000,1,4.00000000,384.0000
1624664977493000,1,1.00000000,384.0000
1624665032029000,0,2.84670000,383.7500
1624665032266000,0,4.50000000,383.7300
1624665043697000,1,2.84670000,383.4600
1624665062299000,1,1.68000000,382.4800
1624665081206000,0,5.00000000,382.8200
1624665100694000,1,9.50444000,382.2500
1624665133846000,1,0.15650737,381.5700
1624665203487000,0,0.60000000,380.2100
1624665319574000,0,1.00000000,381.7500
1624665509915000,0,8.40000000,378.9100
1624665519020000,0,0.25000000,379.0300
1624665524618000,1,8.40000000,378.6100
1624665566301000,0,0.07690000,378.2400
