timestamp ms,type,amount,price
1621987262434000,0,0.10090000,590.04
1621987440958000,0,2.24000000,591.01
1621987507551000,1,2.24000000,592.69
1621987518636000,0,20.79631850,592.15
1621987562463000,1,2.24000000,590.52
1621987575309000,1,19.18000000,589.36
1621987619450000,0,11.00000000,587.80
1621987629247000,0,0.10950085,587.97
1621987680411000,0,3.49000000,585.38
1621987680413000,0,0.00068796,585.38
1621987722100000,0,3.49000000,585.15
1621987722132000,0,0.00217812,585.15
1621987807022000,1,3.47000000,585.84
1621987816481000,1,8.00000000,583.94
1621987868535000,0,3.49927288,583.79
1621987868706000,0,3.42928742,583.79
1621987889156000,0,11.10000000,583.91
1621987898111000,1,6.79793584,583.30
1621988064601000,0,17.11819000,584.72
1621988197794000,1,3.45995000,589.38
1621988199198000,1,0.00000279,589.38
1621988199387000,1,1.40000000,589.13
1621988200336000,1,16.96083000,588.63
1621988212309000,0,11.00000000,589.54
1621988218450000,1,11.00000000,588.90
1621988260972000,1,3.45461000,590.21
1621988284215000,1,0.63604171,589.52
1621988319496000,0,2.24000000,590.73
1621988319496000,0,3.45699866,590.88
1621988319598000,0,3.45000000,590.76
1621988330510000,0,10.90000000,591.66
1621988372465000,0,0.18320000,591.63
1621988416275000,1,2.24000000,588.18
1621988431040000,1,3.45147870,586.69
1621988431040000,1,1.84532808,586.68
1621988431046000,1,0.39467192,586.68
1621988436704000,0,17.05826000,586.54
1621988436952000,0,2.24000000,586.53
1621988490239000,0,11.00000000,585.71
1621988490704000,1,2.24000000,584.98
1621988490704000,1,1.12808000,584.96
1621988490704000,1,0.16834424,584.96
1621988491057000,0,11.10000000,585.66
1621988563983000,0,3.49076000,585.12
1621988564085000,0,3.50818000,585.12
1621988564168000,0,3.50000000,585.12
1621988564247000,0,0.50106000,585.12
1621988573672000,1,2.24000000,584.63
1621988573829000,1,17.10018015,584.29
1621988573829000,1,3.48799427,584.28
1621988594555000,1,11.00000000,584.26
1621988730615000,1,11.10000000,585.21
1621988742373000,1,2.24000000,584.28
1621988903553000,1,1.71000000,582.65
1621988999598000,0,2.24000000,579.74
1621988999691000,1,1.20000000,578.78
1621988999691000,1,0.20158940,578.77
1621989072671000,1,17.25591807,578.64
1621989167903000,1,3.50000000,580.93
1621989169944000,1,3.51000000,580.75
1621989170711000,1,0.00069426,580.75
1621989193341000,1,2.80000000,580.97
1621989209271000,0,2.24000000,582.08
1621989249732000,0,2.24000000,581.87
1621989267708000,1,11.10000000,582.01
1621989395717000,0,2.24000000,586.84
1621989450911000,1,11.10000000,585.48
1621989519287000,1,2.50000000,588.01
1621989519362000,1,8.50000000,588.01
1621989523686000,1,11.00000000,587.69
1621989523976000,1,3.80777000,587.66
1621989531891000,0,3.47000000,588.45
1621989555256000,1,2.24000000,586.52
1621989589487000,0,0.09235849,587.26
1621989611772000,1,11.00000000,587.01
1621989648583000,0,3.48762000,585.83
1621989648772000,0,0.00000307,585.83
1621989727166000,1,9.64022000,583.78
1621989825341000,0,3.49655552,584.11
1621989856048000,0,3.50341000,583.02
1621989868477000,0,0.12147393,584.20
1621989908326000,0,3.50000000,583.27
1621989920260000,0,2.24000000,585.15
1621989955616000,0,2.34341000,584.00
1621989974872000,0,11.10000000,585.52
1621990049834000,0,3.49115758,585.22
1621990129059000,0,3.49582000,584.29
1621990161595000,0,1.52000000,583.95
1621990194281000,0,2.24000000,585.04
1621990213013000,0,2.24000000,585.77
1621990222187000,1,11.00000000,585.43
1621990342532000,1,50.13000000,584.47
1621990393135000,1,0.00496000,584.47
1621990403377000,0,2.24000000,584.76
1621990423368000,0,3.49000000,583.84
1621990423396000,0,0.00996300,583.84
1621990432103000,0,0.49730000,584.44
1621990509124000,0,2.24000000,583.29
1621990510162000,0,0.26000000,583.52
1621990578034000,0,1.93000000,583.78
1621990578078000,0,1.56981069,583.78
1621990578299000,0,3.49981069,583.78
1621990709954000,0,4.00000000,584.09
1621990709954000,0,7.10000000,584.10
1621990718437000,1,2.07000000,583.75
1621990718446000,1,0.36000000,583.75
1621990718457000,1,1.06441682,583.75
1621990727556000,0,11.10000000,584.01
1621990799578000,0,0.16000000,584.00
1621990799599000,0,0.00500000,584.00
1621990875442000,1,2.24000000,584.85
1621990884575000,1,3.48619843,584.99
1621990887390000,1,2.24000000,584.97
1621990892065000,1,3.48000000,584.96
1621991040484000,0,1.26622776,586.45
1621991050234000,0,3.14426145,586.62
1621991051107000,0,8.12000000,586.62
1621991051478000,0,5.79392000,586.62
1621991053928000,0,0.00000796,586.62
1621991053928000,0,0.16919204,587.09
1621991162422000,0,3.48000000,586.72
1621991162422000,0,0.00138480,586.72
1621991185470000,1,11.00000000,586.98
1621991264821000,1,8.50000000,588.02
1621991268258000,1,2.24000000,587.70
1621991268258000,1,3.05967739,587.67
1621991268267000,1,0.41112723,587.67
1621991268267000,1,2.24000000,587.67
1621991268267000,1,2.64855016,587.65
1621991268275000,1,5.29967739,587.65
1621991270664000,0,3.47722000,587.45
1621991270706000,0,0.00000195,587.45
1621991290775000,0,11.00000000,588.63
1621991308861000,0,3.39997449,589.25
1621991308973000,0,0.06938723,589.25
1621991410183000,0,5.29728463,589.27
1621991410184000,0,3.45487476,589.27
1621991410184000,0,2.24784061,589.27
1621991410804000,0,11.00000000,589.61
1621991410804000,0,2.00000000,589.74
1621991411002000,0,1.90634941,589.74
1621991411034000,0,3.33975635,589.74
1621991411068000,0,0.83104865,589.74
1621991411117000,0,2.17050979,589.74
1621991512455000,1,3.44875000,591.48
1621991520881000,0,0.84077595,591.84
1621991523584000,0,1.01252101,591.61
1621991525212000,1,2.24000000,590.64
1621991525212000,1,1.52332800,590.35
1621991553502000,0,6.89028395,592.19
1621991553502000,0,3.45237873,592.28
1621991587677000,1,0.10228000,591.86
1621991596253000,1,0.10052640,591.66
1621991625033000,1,11.00000000,591.08
1621991681512000,0,3.45150000,591.96
1621991688802000,0,2.24000000,592.64
1621991748524000,1,11.00000000,592.09
1621991779473000,1,5.15653000,591.37
1621991880293000,1,0.44446317,592.86
1621991882219000,0,2.24000000,593.41
1621991891755000,0,0.03957706,593.33
1621991894623000,0,2.24000000,593.27
1621991898739000,0,1.58260672,595.00
1621991907073000,0,1.63686259,594.44
1621991923886000,0,0.53600000,594.57
1621991990777000,0,0.78000000,593.99
1621991990832000,0,2.65942287,593.99
1621992023793000,0,0.05302704,593.76
1621992047853000,0,0.53730000,593.05
1621992092791000,1,8.50000000,592.24
1621992117920000,0,3.44723000,592.46
1621992151638000,1,11.00000000,591.60
1621992268260000,1,5.18723000,592.30
1621992292332000,1,3.20545000,592.00
1621992294298000,1,0.00000608,592.00
1621992334874000,0,3.44000000,592.71
1621992394840000,0,16.82058355,594.76
1621992410590000,1,0.20000000,593.10
1621992509810000,0,8.54000000,595.59
1621992665469000,0,3.42000000,595.53
1621992665541000,0,0.00974466,595.53
1621992685413000,0,2.24000000,595.43
1621992685413000,0,21.48000000,595.45
1621992685441000,0,38.86986000,595.45
1621992685492000,0,3.43016330,595.52
1621992758281000,0,0.42810000,595.79
1621992771984000,0,5.50000000,595.32
1621992827804000,0,6.62000000,597.27
1621992828002000,0,10.13197612,597.27
1621992865278000,1,9.79455000,596.56
1621992894700000,0,0.09177000,599.00
1621992894939000,0,0.09177000,599.00
1621992894995000,0,0.81646000,599.00
1621992895172000,0,0.09177000,599.10
1621992895192000,0,0.00000231,599.10
1621992896045000,0,0.11000000,599.40
1621992896575000,0,0.00600000,599.40
1621992939395000,0,7.22469000,599.23
1621992939487000,0,3.57531000,599.23
1621993002738000,0,6.00000000,599.46
1621993003610000,0,2.24000000,599.97
1621993028096000,0,3.40853020,599.57
1621993066797000,0,0.03400000,600.00
1621993066797000,0,0.09350000,600.00
1621993072134000,1,7.50000000,599.35
1621993152779000,1,4.00000000,598.83
1621993156872000,0,4.00000000,599.34
1621993156872000,0,16.69516185,599.35
1621993156872000,0,0.26308393,599.36
1621993205357000,1,16.72022867,597.70
1621993250617000,0,7.18469000,596.41
1621993253389000,0,5.50000000,597.34
1621993310734000,0,8.50000000,598.00
1621993357151000,1,2.24000000,597.35
1621993357151000,1,2.24000000,597.33
1621993357151000,1,14.83000000,597.28
1621993357205000,1,8.54000000,597.36
1621993370288000,1,0.29033000,598.00
1621993370423000,1,0.00000040,598.00
1621993388712000,0,10.80000000,598.00
1621993396208000,0,0.05313210,598.62
1621993484553000,0,1.75810739,598.90
1621993484719000,0,2.50000000,598.90
1621993484862000,0,0.66784861,598.90
1621993485514000,0,1.08639960,598.90
1621993485839000,0,4.62912310,598.90
1621993507535000,1,2.24000000,598.50
1621993542669000,0,3.41113080,599.00
1621993618631000,1,10.64147870,596.64
1621993618631000,1,8.06852130,596.62
1621993621422000,0,3.42148427,597.02
1621993694024000,0,16.00000000,598.19
1621993889326000,1,10.90000000,597.10
1621993898344000,1,3.41397000,596.75
1621994055221000,1,3.41038000,598.01
1621994061470000,0,31.34784000,598.40
1621994074449000,0,3.41000000,598.52
1621994089530000,0,3.41000000,597.92
1621994174146000,0,0.21000000,597.75
1621994174182000,0,3.20783769,597.75
1621994230803000,0,16.77610000,596.51
1621994235560000,1,10.90000000,596.53
1621994279848000,0,14.40795513,597.22
1621994283283000,0,7.16000000,598.14
1621994357560000,0,11.17392000,600.20
1621994371153000,0,8.65510000,600.74
1621994457369000,1,10.80000000,600.76
1621994470482000,0,2.10000000,601.82
1621994470524000,0,0.40380886,601.82
1621994537122000,0,0.04850000,599.57
1621994585286000,1,10.80000000,599.84
1621994585286000,1,2.24000000,599.83
1621994585286000,1,6.65447655,599.76
1621994600682000,1,6.66330000,599.03
1621994602026000,0,0.39780000,599.75
1621994677511000,1,2.24000000,599.80
1621994738980000,0,6.73467983,599.23
1621994753890000,0,0.45000000,598.92
1621994844357000,0,5.11858000,598.62
1621994844565000,0,0.00000634,598.62
1621994881350000,0,0.14424238,600.83
1621994980246000,1,3.87510572,601.43
1621994980436000,1,2.24000000,601.45
1621995000527000,0,2.24000000,602.88
1621995015712000,0,16.13438525,603.34
1621995020067000,0,10.70000000,603.39
1621995049536000,0,2.20842109,603.63
1621995049536000,0,8.49157891,603.64
1621995076519000,0,0.49984203,605.00
1621995076534000,0,0.00000001,605.00
1621995089986000,1,0.25000000,603.58
1621995091120000,1,5.00000000,603.57
1621995111563000,1,7.50000000,603.19
1621995248120000,1,3.38000000,602.46
1621995248218000,1,0.00453336,602.46
1621995258568000,0,2.24000000,602.97
1621995302398000,0,2.24000000,604.38
1621995309596000,1,3.35879000,606.82
1621995377501000,0,3.37026206,605.90
1621995377501000,0,1.93327099,605.99
1621995377501000,0,7.38860286,606.20
1621995377501000,0,3.30300436,606.21
1621995412138000,0,1.49810000,605.46
1621995470530000,0,0.89909498,608.25
1621995527841000,0,3.35000000,608.73
1621995527921000,0,0.00427288,608.73
1621995528526000,0,3.35503948,609.25
1621995588920000,0,3.35013600,609.56
1621995607518000,0,1.31000000,610.70
1621995675124000,0,0.35132834,610.66
1621995689386000,0,0.09000000,611.70
1621995689584000,0,0.00300000,611.70
1621995752635000,0,3.33942220,611.39
1621995752722000,0,0.94496815,612.07
1621995821065000,0,0.22732000,612.37
1621995821296000,0,0.00000650,612.37
1621995960274000,0,2.24000000,612.00
1621995960274000,0,0.76109607,612.03
1621995975391000,0,3.00150000,612.17
1621996060979000,0,1.00116000,612.05
1621996061730000,0,2.24000000,612.02
1621996080325000,0,0.16170921,611.54
1621996080491000,0,0.83987000,611.54
1621996101831000,0,1.00115000,611.66
1621996124643000,0,2.24000000,611.63
1621996125036000,0,0.00000418,611.66
1621996202921000,0,0.99989000,612.73
1621996235770000,0,0.66634000,612.74
1621996242725000,1,15.88438000,611.86
1621996242741000,1,0.00000525,611.86
1621996269024000,0,0.66712000,612.07
1621996376484000,0,0.66000000,611.07
1621996376557000,0,0.00811369,611.07
1621996448024000,0,0.33427000,610.71
1621996471278000,0,0.00000772,610.71
1621996471650000,0,0.33426000,610.76
1621996488195000,0,0.33435000,610.50
1621996496129000,0,0.00000567,610.50
1621996515025000,0,2.23999999,610.73
1621996515062000,0,0.00000001,610.73
1621996515082000,0,0.00000225,610.76
1621996576905000,1,2.24000000,606.84
1621996724660000,0,0.33536306,608.82
1621996724660000,0,0.47991278,608.83
1621996741977000,0,0.08181892,608.05
1621996789270000,1,0.56394507,607.69
1621996860659000,1,2.50000000,606.71
1621996909643000,0,0.33679000,605.99
1621997086503000,1,1.08634000,610.11
1621997148421000,1,3.84000000,605.76
1621997161131000,1,14.60000000,605.19
1621997161197000,1,1.90840846,605.19
1621997558861000,0,0.09904359,604.91
1621997585336000,0,2.05614783,604.69
1621997943662000,1,2.24000000,604.13
1621997943662000,1,10.70000000,604.00
1621997943662000,1,7.85631850,603.82
1621997954482000,0,0.81542204,605.97
1621998040939000,0,8.37216000,606.50
1621998234532000,0,0.14960859,605.17
1621998427645000,1,2.24000000,604.74
1621998486356000,0,0.33786000,604.05
1621998489458000,0,0.00000934,604.05
1621998489458000,0,0.33785066,604.05
1621998491886000,0,0.00001868,604.05
1621998491886000,0,0.33698132,604.32
1621998551058000,1,2.24000000,603.37
1621998551058000,1,1.81538288,603.33
1621998600294000,0,0.09774288,605.36
1621998619414000,1,0.14058730,604.51
1621998732941000,1,2.24000000,606.57
1621998861488000,0,9.50000000,606.95
1621999001976000,1,9.03403000,607.38
1621999002050000,1,7.40997000,607.38
1621999006130000,1,0.00000268,607.38
1621999175992000,1,2.24000000,607.51
1621999183844000,0,2.24000000,607.88
1621999184902000,0,2.16300000,608.10
1621999185396000,0,0.07700000,608.10
1621999185396000,0,1.97737297,608.12
1621999185494000,0,2.02262703,608.12
1621999195202000,0,0.58199210,609.58
1621999195277000,0,0.57595947,609.59
1621999224378000,0,0.33583000,607.71
1621999245593000,0,0.00000464,607.71
1621999245593000,0,0.33582536,607.71
1621999253107000,0,0.33582000,607.57
1621999255244000,0,0.00000720,607.57
1621999255244000,0,0.33581280,607.57
1621999257292000,0,0.00001440,607.57
1621999257292000,0,0.33581560,607.57
1621999276127000,1,10.70000000,607.23
1621999280454000,0,0.33600000,607.26
1621999280719000,0,0.00000291,607.26
1621999282971000,0,0.33600000,607.26
1621999283004000,0,0.00000291,607.26
1621999287820000,0,0.33598000,607.29
1621999294750000,0,0.00000812,607.29
1621999294750000,0,0.33597188,607.29
1621999301161000,0,0.00001624,607.29
1621999301161000,0,0.33597376,607.29
1621999303708000,0,0.00001436,607.29
1621999304721000,0,0.00001160,607.57
1621999305697000,0,0.00000928,607.71
1621999337327000,0,0.33588000,607.58
1621999340171000,0,0.00000489,607.58
1621999340171000,0,0.08167969,607.76
1621999343151000,0,0.33577000,607.86
1621999417227000,0,2.24000000,607.75
1621999417455000,0,16.46294000,607.78
1621999430308000,0,1.63148977,607.83
1621999439332000,0,0.08158924,607.69
1621999458962000,0,0.00000733,607.86
1621999564424000,0,0.47680000,609.40
1621999619387000,0,0.05826612,608.83
1621999636909000,0,0.15550000,608.70
1621999657017000,1,15.56000000,608.07
1621999709484000,0,0.33000000,609.75
1621999709585000,0,0.00503959,609.75
1621999709772000,0,0.33503958,609.75
1621999767381000,0,0.33000000,611.11
1621999767639000,0,0.00424042,611.11
1621999774497000,0,0.24227649,611.08
1621999794391000,0,2.24000000,612.04
1621999794391000,0,10.60000000,612.07
1621999794391000,0,2.24000000,612.17
1621999794391000,0,12.96690934,612.33
1621999832435000,1,2.24000000,610.19
1621999886894000,1,2.24000000,609.96
1621999891325000,1,12.96000000,609.86
1621999896706000,1,7.03000000,609.14
1621999897062000,1,2.24000000,609.17
1621999908650000,1,2.24000000,608.43
1621999911916000,0,0.40669587,608.94
1621999984476000,1,0.99442402,606.62
1622000002465000,0,0.33624000,606.70
1622000003915000,0,0.00000174,606.70
1622000003915000,0,0.33610826,607.11
1622000007093000,0,0.00000495,607.11
1622000007093000,0,0.33585505,607.48
1622000010435000,0,0.00000980,607.48
1622000011121000,1,1.45969000,608.04
1622000117704000,1,2.24000000,608.99
1622000207204000,0,0.14809045,609.83
1622000293951000,1,2.24000000,609.24
1622000293951000,1,6.44704448,609.18
1622000318944000,0,0.33481597,609.74
1622000318944000,0,4.78529359,609.93
1622000439364000,0,0.08131118,609.96
1622000473394000,0,1.10000000,609.46
1622000565283000,1,14.74000000,611.33
1622000565408000,1,1.60842674,611.33
1622000569999000,1,6.89000000,611.14
1622000573668000,0,0.11364249,611.54
1622000617737000,1,0.18420000,611.33
1622000617965000,0,0.07616824,611.74
1622000623990000,0,0.81113170,612.35
1622000667324000,0,0.04750000,612.07
1622000673013000,1,2.24000000,611.82
1622000674457000,1,14.53000000,611.56
1622000680583000,0,7.34745918,612.03
1622000696654000,0,0.12250193,612.04
1622000762566000,0,8.00000000,613.06
1622000762682000,0,2.50000000,613.06
1622000767358000,0,0.33273000,613.58
1622000767964000,0,0.00000129,613.58
1622000767964000,0,7.31180871,613.83
1622000794207000,0,0.33267000,613.55
1622000805257000,0,0.00000003,613.55
1622000805257000,0,0.33272997,613.87
1622000825083000,1,7.00000000,613.12
1622000825160000,1,5.00000000,613.12
1622000825363000,1,33.86216000,613.12
1622000825388000,1,2.50000000,613.12
1622000825461000,1,3.08658000,613.12
1622000837253000,0,0.33267000,613.44
1622000837288000,0,0.00000707,613.44
1622000888599000,0,2.24000000,612.74
1622000888599000,0,3.46388106,612.77
1622000892441000,0,0.03248078,612.67
1622000896938000,0,0.33328000,612.47
1622000898544000,1,1.57163000,611.99
1622000913807000,1,0.00000033,611.99
1622000929258000,0,0.15820000,611.91
1622000938899000,0,1.09109795,611.32
1622000977048000,0,0.16224490,611.90
1622001013811000,1,2.24000000,611.39
1622001095613000,1,1.07895999,611.24
1622001095659000,1,0.00000001,611.24
1622001095663000,1,5.25175197,611.22
1622001095672000,1,1.26192545,611.22
1622001098784000,1,6.26774000,610.95
1622001098831000,1,10.08711869,610.95
1622001107060000,0,3.34021000,611.22
1622001255333000,1,2.24000000,614.08
1622001259166000,0,2.50000000,614.70
1622001277520000,0,0.09684957,615.00
1622001290816000,0,7.36972544,615.00
1622001290816000,0,10.50000000,615.00
1622001290816000,0,2.49977049,615.00
1622001298486000,1,5.20297000,614.62
1622001313020000,0,0.89541908,614.04
1622001316481000,1,2.24000000,613.24
1622001324286000,0,3.32559000,613.70
1622001330148000,0,0.00000697,613.70
1622001330148000,0,0.04852054,614.06
1622001384531000,0,0.04853779,613.14
1622001386761000,0,10.60000000,612.75
1622001454638000,0,3.50022951,615.00
1622001454638000,0,1.00000000,615.00
1622001454638000,0,10.50000000,615.00
1622001454638000,0,3.50000000,615.00
1622001454638000,0,11.02977049,615.00
1622001470872000,0,0.00365450,615.00
1622001483843000,0,2.24000000,615.76
1622001483843000,0,2.96141214,615.80
1622001499350000,1,2.24000000,615.76
1622001548297000,0,3.31666000,615.26
1622001613650000,0,0.05182389,616.33
1622001635447000,1,2.50000000,613.80
1622001638442000,0,3.32343123,614.34
1622001655072000,0,8.85000000,613.81
1622001674420000,0,0.78980000,612.78
1622001687350000,1,2.24000000,611.50
1622001691017000,0,3.33530000,612.04
1622001691860000,0,0.00000407,612.04
1622001691860000,0,3.33529593,612.04
1622001712392000,0,3.34237000,610.78
1622001746097000,0,0.08130319,609.23
1622001746462000,1,1.10303130,608.54
1622001776878000,0,0.60000000,609.99
1622001776878000,0,1.02803764,610.00
1622001819398000,0,5.50000000,609.82
1622001825463000,0,0.04884513,610.01
1622001970520000,0,0.31798565,609.66
1622002002130000,0,4.74478000,609.95
1622002080288000,0,1.61108117,609.54
1622002119725000,1,0.74394256,608.48
1622002197024000,0,1.68198000,607.02
1622002201190000,0,0.00000593,607.02
1622002201190000,0,1.68197407,607.02
1622002249829000,1,16.46452000,607.00
1622002440264000,0,0.79043584,608.24
1622002477860000,1,1.10000000,607.50
1622002477881000,1,0.00159670,607.50
1622002492642000,1,16.46135961,607.01
1622002501030000,1,16.47074186,606.56
1622002501030000,1,3.34925814,606.55
1622002537911000,0,0.67200000,606.77
1622002537941000,0,5.26374852,606.77
1622002561980000,1,16.40000000,609.13
1622002562011000,1,0.00093223,609.13
1622002580714000,0,10.60000000,610.04
1622002647833000,1,6.60000000,612.77
1622002647875000,1,9.70607697,612.77
1622002652830000,1,10.60000000,612.43
1622002653001000,1,16.31224000,612.30
1622002653130000,1,0.00000592,612.30
1622002672556000,0,0.27522909,612.56
1622002679733000,1,16.33000000,611.92
1622002681484000,0,10.60000000,612.44
1622002703800000,0,1.39000000,614.11
1622002716729000,1,16.31000000,612.64
1622002723251000,1,16.31213000,612.50
1622002723267000,1,0.00000770,612.50
1622002750056000,1,4.50000000,613.29
1622002750128000,1,6.50000000,613.29
1622002750217000,1,5.28794000,613.29
1622002750818000,1,16.28000000,613.10
1622002764609000,1,16.28000000,613.41
1622002792463000,0,0.85986970,613.86
1622002819875000,1,16.27000000,613.74
1622002819899000,1,0.00600706,613.74
1622002838414000,0,0.31282369,614.06
1622002890000000,1,13.25000000,614.50
1622002890022000,1,3.01169747,614.50
1622002923287000,0,10.50000000,614.05
1622002942983000,1,10.50000000,613.79
1622002943132000,1,5.78194000,613.79
1622002966546000,1,16.28000000,613.49
1622002979334000,0,1.62658266,613.55
1622003022272000,0,2.24000000,612.45
1622003022272000,0,2.76000000,612.48
1622003039501000,0,0.08105223,612.29
1622003042023000,1,2.24000000,611.66
1622003044806000,1,2.24000000,611.53
1622003044806000,1,0.25149369,611.50
1622003047459000,0,1.33347000,612.06
1622003047590000,0,0.00000263,612.06
1622003047590000,0,7.86133737,612.06
1622003047684000,0,2.63866000,612.06
1622003072660000,0,10.60000000,611.73
1622003120253000,1,3.33000000,611.76
1622003125953000,0,1.82800000,612.42
1622003145407000,1,51.07000000,612.30
1622003147305000,0,1.27983393,612.70
1622003147474000,1,3.32000000,612.11
1622003147506000,1,0.00918741,612.11
1622003150305000,1,2.24000000,611.80
1622003162776000,1,3.33193447,611.47
1622003176393000,1,2.24000000,610.16
1622003190013000,1,3.33000000,610.39
1622003191775000,1,3.33000000,610.38
1622003191903000,1,0.00807988,610.38
1622003192977000,1,3.33000000,610.38
1622003195855000,1,0.00807988,610.38
1622003195855000,1,2.23192012,610.38
1622003195896000,1,0.00807988,610.38
1622003198114000,1,3.33000000,610.38
1622003200393000,1,0.00807988,610.38
1622003200393000,1,27.99803000,610.18
1622003200393000,1,3.99389012,610.18
1622003209476000,1,3.34000000,609.81
1622003250969000,1,3.33000000,610.50
1622003251142000,1,0.00900231,610.50
1622003251142000,1,16.36685529,610.41
1622003261738000,1,3.34000000,610.08
1622003261748000,1,3.34000000,610.08
1622003261826000,1,3.34000000,610.07
1622003268727000,0,0.05190225,610.69
1622003268741000,1,16.38000000,610.08
1622003268837000,1,0.00393930,610.08
1622003276497000,1,0.00049497,610.07
1622003276497000,1,3.33950503,610.07
1622003305178000,0,2.24000000,610.85
1622003310929000,0,2.24000000,610.89
1622003310929000,0,31.11482092,610.92
1622003312122000,0,2.24000000,610.89
1622003312834000,1,0.17602669,610.39
1622003343835000,1,0.00098994,610.07
1622003343835000,1,0.00209473,609.81
1622003343835000,1,3.33904632,609.66
1622003370597000,1,16.39260000,609.64
1622003374490000,0,0.32678479,609.33
1622003397194000,0,2.24000000,609.28
1622003397194000,0,4.00000000,609.29
1622003397194000,0,1.90448473,609.31
1622003397597000,1,20.42000000,608.41
1622003526915000,0,1.90000000,606.76
1622003594609000,1,16.42785592,608.06
1622003622609000,1,15.76606000,608.55
1622003623311000,0,1.62798423,609.01
1622003640298000,0,0.08125010,609.97
1622003656663000,1,6.50000000,609.33
1622003656802000,1,3.50000000,609.33
1622003662619000,1,5.50000000,608.68
1622003678345000,0,0.81492777,609.97
1622003753151000,1,5.50000000,611.38
1622003753227000,1,2.50000000,611.38
1622003791291000,0,0.08325289,611.27
1622003791578000,1,2.50000000,610.68
1622003791596000,1,0.83733265,610.68
1622003859052000,0,0.18658135,612.38
1622003879025000,1,0.60000000,611.91
1622003947433000,0,4.00000000,612.97
1622003947860000,0,3.50000000,613.05
1622003947943000,0,7.00000000,613.05
1622003958609000,1,0.08325289,612.77
1622003999427000,1,0.10000000,612.16
1622003999758000,1,0.79519000,612.16
1622004006180000,0,2.24000000,612.84
1622004006180000,0,5.85854896,612.87
1622004020338000,1,0.00000079,612.16
1622004020338000,1,0.09999921,612.00
1622004021093000,1,2.14000000,612.03
1622004027457000,1,0.00000079,612.00
1622004027457000,1,3.99999921,611.61
1622004027549000,1,12.33997605,611.61
1622004030931000,1,2.24000000,610.89
1622004032023000,0,1.00000000,611.35
1622004048385000,0,3.03519000,610.81
1622004048485000,0,4.52962000,610.81
1622004183763000,0,0.29868644,612.08
1622004240380000,0,0.08046851,611.68
1622004253622000,1,8.02962000,611.19
1622004253696000,1,6.00000000,611.19
1622004261556000,0,2.00000000,610.76
1622004312386000,0,2.24000000,609.27
1622004451251000,0,0.40502302,612.67
1622004463207000,1,3.74000000,612.29
1622004474287000,1,0.51000000,611.34
1622004489368000,0,0.39530000,612.43
1622004520976000,1,4.00000000,612.26
1622004521052000,1,8.00000000,612.26
1622004521126000,1,3.00000000,612.26
1622004521187000,1,1.32340000,612.26
1622004543995000,0,2.24000000,613.27
1622004565554000,0,0.32479773,614.29
1622004598915000,0,3.32335378,615.01
1622004599018000,0,3.32335378,615.01
1622004600380000,0,0.80693763,615.27
1622004604644000,0,0.40348849,615.24
1622004620218000,0,3.00000000,614.97
1622004635785000,0,0.80702948,615.29
1622004646247000,0,1.50000000,615.82
1622004666483000,0,0.31188239,614.93
1622004702557000,1,2.24000000,612.83
1622004720339000,0,0.08003787,612.91
1622004735959000,1,2.24000000,611.29
1622004778129000,0,5.50000000,610.42
1622004808559000,0,2.24000000,612.45
1622004808559000,0,2.74357299,612.52
1622004809765000,1,0.95711377,611.79
1622004840313000,0,0.08077808,613.81
1622004862395000,1,16.31000000,612.68
1622004908449000,1,16.31000000,612.33
1622004960879000,1,16.29000000,613.20
1622004980372000,1,3.50000000,612.74
1622004980434000,1,4.00000000,612.74
1622004980506000,1,3.06330000,612.74
1622004980590000,1,5.74780000,612.74
1622004980652000,1,0.00000733,612.74
1622005128899000,0,4.00000000,615.97
1622005152449000,1,3.31000000,614.98
1622005200426000,0,0.44227167,615.82
1622005298091000,0,0.15415013,614.92
1622005310973000,0,2.50000000,615.74
1622005341031000,0,0.90717683,616.01
1622005349364000,0,8.05889339,615.75
1622005349914000,0,5.50000000,615.75
1622005350009000,0,8.24780000,615.75
1622005350089000,0,4.50000000,615.75
1622005350183000,0,5.00000000,615.75
1622005350255000,0,3.35898000,615.75
1622005374790000,0,3.31175000,616.57
1622005395729000,0,2.50000000,617.52
1622005395860000,0,15.81149386,617.52
1622005417079000,0,3.30456994,618.69
1622005422602000,0,0.32105755,619.74
1622005428455000,0,0.17827184,619.90
1622005458551000,0,0.92332000,619.90
1622005459443000,0,0.00000486,619.90
1622005459443000,0,4.00000000,619.99
1622005459443000,0,0.52000000,620.00
1622005506570000,0,0.47972422,620.79
1622005515904000,0,6.54941000,621.11
1622005516037000,0,3.29198000,621.14
1622005554205000,0,0.10000000,620.95
1622005566872000,0,3.18845000,620.95
1622005595208000,0,0.00000021,620.95
1622005595533000,0,0.00000050,621.14
1622005595533000,0,10.39999950,621.54
1622005598087000,0,0.79896114,621.80
1622005602806000,0,0.09198910,622.11
1622005602806000,0,1.51346609,622.13
1622005610430000,0,10.40000000,622.19
1622005683517000,1,6.54660000,621.82
1622005684033000,1,16.07180000,621.65
1622005684042000,1,0.00000991,621.65
1622005684456000,1,16.07000000,621.43
1622005685098000,1,11.50000000,621.02
1622005687290000,1,2.24000000,620.28
1622005687555000,0,2.24000000,621.45
1622005687555000,0,1.97963249,621.48
1622005719274000,1,10.58549000,621.75
1622005719364000,1,5.00000000,621.75
1622005727447000,1,4.00000000,620.99
1622005743623000,0,10.50000000,621.22
1622005748221000,0,0.07988711,622.10
1622005758477000,1,1.09547000,621.50
1622005758634000,1,0.00000868,621.50
1622005800318000,0,1.58940060,621.83
1622005806056000,1,2.50000000,621.04
1622005806122000,1,13.59203042,621.04
1622005854823000,1,2.24000000,619.83
1622005854823000,1,6.76000001,619.80
1622005867087000,1,2.00000000,620.25
1622005875011000,0,1.61486729,620.89
1622005931432000,0,0.15989004,620.45
1622006025625000,0,2.24000000,621.13
1622006025625000,0,2.21119555,621.18
1622006056499000,0,0.09596185,620.43
1622006065665000,0,4.00000000,620.28
1622006065759000,0,1.00000000,620.28
1622006082137000,0,0.07992957,620.50
1622006102831000,0,2.84664679,620.50
1622006119422000,0,0.36451338,620.50
1622006119422000,0,0.63548662,620.62
1622006161660000,0,2.24000000,620.83
1622006161660000,0,1.10000000,620.85
1622006161660000,0,20.00000000,620.86
1622006161660000,0,4.90177174,620.87
1622006165701000,0,0.06393644,620.87
1622006172993000,1,1.29000000,619.84
1622006172996000,1,0.09000000,619.84
1622006173011000,1,0.86000000,619.84
1622006256436000,0,0.05479136,620.38
1622006277865000,0,3.29316000,620.14
1622006278216000,0,1.00000000,620.58
1622006315038000,1,2.24000000,619.02
1622006317416000,0,1.00000000,619.78
1622006323581000,0,0.50000000,619.83
1622006327915000,1,6.00000000,619.78
1622006400295000,1,0.81958858,618.92
1622006487683000,0,0.47081928,618.29
1622006492087000,0,10.39434000,618.36
1622006504111000,1,2.24000000,617.97
1622006504111000,1,48.39000000,617.94
1622006596732000,1,9.36000000,619.39
1622006597813000,0,2.23999999,620.25
1622006597833000,0,1.61310066,620.25
1622006597991000,1,9.36000000,619.40
1622006598180000,0,1.14689935,620.25
1622006598180000,0,1.09310064,620.27
1622006598409000,0,1.14600000,620.27
1622006599378000,0,0.00089936,620.27
1622006658458000,1,8.71000000,620.94
1622006658606000,1,0.00208168,620.94
1622006686694000,0,2.24000000,621.34
1622006686694000,0,1.60509876,621.37
1622006688729000,0,1.50000000,621.37
1622006693518000,1,0.25345410,620.27
1622006693518000,1,0.12654590,620.27
1622006693580000,1,0.00910020,620.27
1622006730092000,0,0.10000000,620.25
1622006757920000,0,0.32011011,620.65
1622006839745000,0,0.15963545,622.50
1622006850975000,0,2.00000000,622.57
1622006999357000,0,5.16411806,623.35
1622006999357000,0,5.16411806,623.35
1622006999370000,0,5.16411806,623.35
1622006999397000,0,3.27820412,623.66
1622006999397000,0,0.22850125,623.99
1622006999888000,0,16.04688027,623.65
1622007000032000,0,0.09100000,624.40
1622007000032000,0,0.20000000,625.00
1622007000032000,0,0.30310112,625.93
1622007000423000,0,1.35400000,624.99
1622007000429000,0,0.24868185,624.99
1622007000656000,0,0.66284010,625.90
1622007001074000,0,0.25000000,626.00
1622007006750000,1,0.93240960,626.88
1622007010575000,0,2.24000000,628.14
1622007010575000,0,5.72745280,628.17
1622007018828000,1,2.24000000,627.20
1622007033498000,1,0.26000000,625.86
1622007054327000,0,1.25682399,628.93
1622007079573000,1,2.24000000,626.31
1622007120320000,0,0.48899016,625.87
1622007197673000,1,3.24610000,628.33
1622007214749000,1,2.24000000,628.41
1622007214873000,1,3.24470639,628.38
1622007214873000,1,2.24000000,628.36
1622007214873000,1,1.04922000,628.36
1622007214873000,1,15.90745702,628.34
1622007214873000,1,0.00000219,628.33
1622007231064000,1,2.24000000,627.55
1622007233618000,1,2.24000000,626.56
1622007250593000,0,10.30000000,627.61
1622007262810000,1,0.39778571,626.79
1622007314601000,1,3.25153000,627.16
1622007328963000,1,3.25342000,626.74
1622007334024000,0,2.24000000,626.92
1622007334024000,0,10.30000000,626.95
1622007334024000,0,2.24000000,626.99
1622007334024000,0,43.89024000,627.02
1622007334024000,0,1.45144143,627.08
1622007368335000,0,0.34671392,626.28
1622007384751000,0,0.31731119,624.94
1622007385285000,1,0.34671392,624.23
1622007416676000,1,2.24000000,624.08
1622007416676000,1,3.26754151,624.05
1622007416676000,1,26.62198401,623.95
1622007424122000,0,0.39703882,625.22
1622007466864000,1,3.26667000,624.35
1622007466967000,1,0.00000520,624.35
1622007477956000,0,0.20000000,624.66
1622007587822000,1,3.25648000,626.29
1622007610517000,0,0.28570000,628.05
1622007616687000,0,0.17401012,628.46
1622007634216000,1,15.00000000,628.52
1622007644705000,0,0.07000000,629.30
1622007685965000,0,0.79003249,628.56
1622007756663000,0,2.24000000,628.40
1622007756663000,0,7.76000000,628.43
1622007763266000,0,2.24000000,628.38
1622007763266000,0,3.25195223,628.41
1622007763266000,0,6.65409743,628.46
1622007763266000,0,3.76923328,628.49
1622007783810000,0,0.24089258,628.80
1622007823124000,0,6.75253808,627.10
1622007823124000,0,10.30000000,627.18
1622007823258000,1,8.72898788,627.34
1622007828600000,1,0.10000000,626.51
1622007949951000,1,5.13988469,623.25
1622008001435000,0,0.50000000,621.83
1622008052018000,1,16.11860641,620.01
1622008052018000,1,4.50000000,620.00
1622008052541000,1,1.09547868,619.30
1622008064045000,0,5.19420000,620.80
1622008064143000,0,3.00000000,620.80
1622008066787000,0,3.50000000,621.59
1622008080523000,0,0.32100394,621.55
1622008129723000,0,10.40000000,622.27
1622008140340000,0,0.61094603,622.59
1622008145130000,1,2.24000000,621.19
1622008145130000,1,2.30800000,621.16
1622008175790000,0,0.47862155,621.28
1622008179931000,1,2.00000000,620.00
1622008202800000,1,5.61523350,619.95
1622008222285000,0,0.46780000,621.12
1622008236721000,1,2.24000000,619.79
1622008236802000,1,0.50000000,619.76
1622008236943000,1,3.28860199,619.51
1622008237478000,1,2.24000000,619.54
1622008249005000,1,0.29033040,619.32
1622008268319000,0,3.10000000,621.38
1622008364715000,0,0.10370300,622.18
1622008391253000,1,1.00000000,620.91
1622008399196000,0,0.07975359,621.76
1622008409760000,1,0.59000000,621.49
1622008431654000,0,2.24000000,622.32
1622008431654000,0,0.76000000,622.35
1622008440320000,0,1.03303356,622.24
1622008444783000,1,0.79589000,622.00
1622008447690000,0,9.64000000,622.35
1622008447690000,0,2.24000000,622.35
1622008447690000,0,3.09364011,622.45
1622008472018000,1,0.33000000,622.03
1622008475595000,1,0.00000953,622.00
1622008496418000,1,3.27864000,622.24
1622008552899000,1,9.50000000,619.01
1622008553322000,1,1.00000000,619.01
1622008759736000,1,3.31123000,616.03
1622008782261000,0,0.33356947,618.12
1622008786027000,1,7.61424000,617.43
1622008791186000,1,4.50000000,617.10
1622008791255000,1,0.50000000,617.10
1622008859978000,0,0.08022675,618.38
1622008882567000,0,0.15542955,617.49
1622008887510000,0,0.05583086,616.97
1622008922368000,1,2.23999999,615.55
1622008947675000,0,2.50000000,617.50
1622008947800000,0,33.05537164,617.50
1622008952916000,0,0.04330372,618.44
1622009161972000,0,0.16784874,621.02
1622009261443000,1,0.90717683,620.88
1622009338934000,1,2.50000000,622.53
1622009344720000,0,2.24000000,622.88
1622009344720000,0,1.80045078,622.91
1622009351364000,0,0.10000000,622.56
1622009362924000,0,0.69548757,623.39
1622009408938000,0,0.31861499,623.15
1622009413072000,1,0.08830121,622.27
1622009520293000,0,0.78449853,624.70
1622009575904000,1,2.50000000,624.50
1622009679808000,0,0.07564141,624.79
1622009753220000,0,9.00000000,627.11
1622009753321000,0,3.00000000,627.11
1622009753419000,0,7.00000000,627.11
1622009753693000,0,2.24000000,627.08
1622009753693000,0,9.76000000,627.11
1622009753900000,0,5.00000000,627.11
1622009760507000,0,2.24000000,628.21
1622009760507000,0,5.70294728,628.24
1622009835988000,0,2.24000000,629.97
1622009835988000,0,3.24726109,630.00
1622009835988000,0,2.24000000,630.18
1622009835988000,0,5.13988469,630.21
1622009835988000,0,9.13285422,630.22
1622009858702000,0,10.30000000,629.91
1622009858702000,0,3.24726109,630.00
1622009904466000,1,0.75999690,629.52
1622009923818000,1,0.16000000,629.80
1622009925170000,1,0.42477905,629.77
1622010077467000,0,0.30770000,630.20
1622010106456000,1,1.25000000,629.31
1622010117500000,1,0.12145087,628.67
1622010120295000,0,0.21994245,630.31
1622010123105000,0,0.36384697,630.21
1622010163694000,0,0.50000000,630.20
1622010165858000,0,0.23741292,630.21
1622010180035000,0,8.85318263,630.52
1622010191685000,0,0.15741759,630.39
1622010216295000,0,0.14375228,630.42
1622010251715000,1,3.24738000,628.97
1622010316674000,0,0.07869881,630.86
1622010362554000,0,0.09999999,633.00
1622010362562000,0,0.00000001,633.00
1622010444947000,0,3.23987000,631.07
1622010461978000,0,3.23968000,630.88
1622010523297000,0,1.00000000,631.35
1622010583783000,0,0.00000903,633.30
1622010583783000,0,0.04528033,633.33
1622010583783000,0,0.03310859,633.85
1622010615459000,0,0.53985479,635.00
1622010615489000,0,0.72014521,635.00
1622010615489000,0,0.12764813,635.00
1622010629311000,0,1.00000000,636.00
1622010629311000,0,0.35940225,636.39
1622010636408000,0,1.00000000,636.39
1622010655267000,0,15.96964030,636.37
1622010659199000,0,3.21269000,636.07
1622010667652000,0,30.00000000,634.34
1622010680916000,1,0.50000000,632.93
1622010708552000,0,3.23129000,632.66
1622010724027000,0,0.10000000,635.00
1622010749158000,0,0.15603424,635.27
1622010787737000,0,0.23473435,634.35
1622010840290000,0,0.28948314,635.37
1622010844349000,0,0.33702439,635.77
1622010862462000,1,0.10453988,634.96
1622010893629000,0,0.00000355,636.07
1622010905811000,0,3.21279532,636.14
1622010905811000,0,6.61423863,636.42
1622010905811000,0,0.43019442,636.43
1622010919417000,1,0.10000000,635.50
1622010958292000,0,0.05000000,638.31
1622010958292000,0,3.21362607,638.32
1622010964594000,0,3.21362000,638.32
1622010964757000,0,0.00000607,638.32
1622011020026000,0,1.55279915,638.36
1622011021067000,0,0.93198587,638.36
1622011033058000,0,3.03430000,638.34
1622011079805000,1,2.24000000,637.47
1622011079805000,1,6.63834045,637.29
1622011079805000,1,1.37888792,637.28
1622011083088000,1,0.11849378,638.06
1622011096737000,0,0.52000000,640.00
1622011096737000,0,0.50000000,640.00
1622011096737000,0,0.38184257,640.09
1622011144621000,0,0.76262278,639.32
1622011185018000,1,2.24000000,637.92
1622011185018000,1,4.00000000,637.79
1622011204308000,1,3.20159429,637.59
1622011204670000,1,3.20159429,637.59
1622011235123000,0,6.00000000,637.92
1622011235213000,0,4.10000000,637.92
1622011237520000,0,0.37950000,638.32
1622011247726000,1,3.20188000,637.51
1622011295197000,1,15.70156000,636.57
1622011296066000,1,0.00000516,636.57
1622011338498000,1,3.90000000,636.41
1622011338498000,1,1.30489483,636.36
1622011338499000,1,1.90336186,636.36
1622011338499000,1,3.30153297,636.21
1622011338499000,1,4.69390644,636.21
1622011338682000,1,7.69890968,636.21
1622011338879000,0,15.69434909,635.97
1622011356453000,0,2.24000000,636.04
1622011356453000,0,4.00000000,636.08
1622011356453000,0,10.20000000,636.09
1622011356453000,0,3.21577613,636.20
1622011356453000,0,0.34422387,636.55
1622011381728000,0,0.73758270,635.92
1622011405397000,1,4.00000000,637.21
1622011405397000,1,6.88000000,637.20
1622011429602000,0,0.03500000,637.88
1622011434061000,1,2.24000000,637.42
1622011436861000,0,0.15632836,638.08
1622011443481000,1,1.00000000,637.63
1622011488364000,1,3.19000000,638.80
1622011488477000,1,0.00779799,638.80
1622011527907000,1,2.24000000,635.82
1622011546250000,1,2.24000000,634.85
1622011546384000,1,7.23430430,634.71
1622011588978000,1,0.22698991,635.70
1622011592105000,1,3.21000000,635.59
1622011592105000,1,0.00310230,635.59
1622011619211000,1,0.14151282,635.25
1622011640149000,1,2.24000000,635.40
1622011648609000,1,16.94000000,635.09
1622011648743000,1,10.58000000,635.09
1622011757451000,0,0.08410551,633.12
1622011757626000,1,1.60545519,631.90
1622011788305000,1,2.24000000,631.57
1622011788305000,1,0.10000000,631.37
1622011788305000,1,3.91697359,631.36
1622011800260000,1,0.48628799,631.80
1622011820865000,1,1.36488716,632.07
1622011841359000,1,1.87000000,632.22
1622011841367000,1,1.36012260,632.22
1622011842829000,1,25.69900000,632.06
1622011843101000,1,25.69900000,632.06
1622011884050000,0,0.09450000,633.15
1622011948646000,0,0.19750000,634.43
1622012058053000,1,3.21180000,635.70
1622012058065000,1,0.00000965,635.70
1622012079515000,0,0.65270000,635.56
1622012117719000,0,0.09130000,636.37
1622012118805000,1,3.21000000,635.68
1622012119003000,1,0.00153455,635.68
1622012141774000,1,2.24000000,634.71
1622012141774000,1,3.21000000,634.68
1622012141934000,1,0.00316772,634.68
1622012141935000,1,15.38000000,634.37
1622012142243000,1,3.21425003,634.35
1622012197930000,1,3.21413464,635.00
1622012268146000,1,3.21509000,634.94
1622012280363000,0,0.73387761,635.83
1622012326319000,0,0.31246145,635.15
1622012426390000,1,0.59747354,635.75
1622012428127000,1,1.64252646,635.75
1622012428127000,1,2.56493272,635.72
1622012444621000,1,3.20791000,636.44
1622012457064000,1,0.16393443,636.09
1622012478992000,1,3.20000000,636.06
1622012479055000,1,0.00921139,636.06
1622012499102000,1,16.48877000,636.67
1622012499994000,1,0.00000754,636.67
1622012502523000,0,0.15240414,636.40
1622012529545000,1,2.24000000,635.46
1622012529545000,1,0.20000000,635.46
1622012529587000,1,3.20968691,635.36
1622012533226000,0,3.21477000,635.96
1622012620637000,0,2.24000000,637.04
1622012620637000,0,2.45980033,637.06
1622012639518000,1,0.20000000,635.90
1622012640021000,1,3.02717446,635.47
1622012640043000,1,6.58753000,635.47
1622012640122000,1,6.10562292,635.47
1622012647600000,0,3.10562000,636.73
1622012648154000,0,2.50000000,636.73
1622012704948000,1,0.05876150,635.42
1622012711434000,1,3.21229000,635.65
1622012785688000,1,1.20000000,634.99
1622012828370000,1,2.23999999,633.07
1622012858397000,0,0.04730000,632.81
1622012895300000,1,0.13564610,631.89
1622012895718000,1,1.00000000,632.06
1622012900360000,1,3.22927848,632.35
1622012907112000,1,1.57000000,632.70
1622012907196000,1,0.00965406,632.70
1622012929768000,0,0.18920000,632.77
1622012964777000,1,3.23000000,631.91
1622012968506000,1,0.00201522,631.91
1622012968506000,1,3.22798478,631.65
1622012986215000,1,10.57806000,632.10
1622013009939000,0,1.00000000,632.47
1622013065843000,1,3.23076905,632.15
1622013065843000,1,2.24000000,632.15
1622013077283000,1,0.42836340,632.31
1622013125503000,0,0.47130338,633.35
1622013195446000,1,3.22000000,633.33
1622013227597000,0,0.17757968,635.55
1622013236432000,1,1.00000000,635.33
1622013240326000,0,0.15642035,636.03
1622013274924000,0,3.50000000,635.57
1622013319503000,1,2.40000000,635.10
1622013319503000,1,7.27286105,635.09
1622013319503000,1,3.21761780,635.08
1622013319503000,1,4.53984202,635.00
1622013344930000,1,3.21000000,635.37
1622013362262000,1,6.47000000,635.08
1622013366276000,0,2.24000000,635.11
1622013370454000,1,0.00852239,635.08
1622013381797000,0,2.50000000,634.68
1622013381914000,0,4.26000000,634.68
1622013382092000,0,4.00000000,634.68
1622013382206000,0,32.50000000,634.68
1622013382812000,0,7.00000000,634.68
1622013382829000,0,12.94854000,634.68
1622013421176000,0,0.61100000,634.20
1622013440320000,1,4.97000000,632.01
1622013447933000,1,0.00001629,632.01
1622013479055000,1,3.23336000,632.14
1622013529359000,1,2.24000000,632.11
1622013644826000,0,1.34760000,634.14
1622013667918000,1,2.26000000,633.49
1622013678247000,1,3.22711000,633.44
1622013678451000,1,0.00000619,633.44
1622013689092000,1,0.30000000,633.72
1622013700849000,1,0.50000000,633.43
1622013742362000,1,0.49173241,634.18
1622013770934000,1,0.09155323,634.33
1622013806705000,1,0.05879839,634.21
1622013824020000,0,0.07828851,635.47
1622013891766000,0,0.13946588,634.81
1622013894577000,0,1.96447588,634.78
1622013902813000,0,1.02135836,634.88
1622013923278000,1,2.24000000,634.43
1622013923278000,1,7.00626092,634.40
1622013923278000,1,52.31234000,634.39
1622013923278000,1,3.22344375,634.33
1622013923278000,1,28.92795533,634.27
1622013960279000,1,0.14637508,635.68
1622013970740000,1,2.24000000,635.63
1622013974155000,1,2.24000000,635.65
1622013982190000,1,3.21000000,635.56
1622013982326000,1,0.00546734,635.56
1622013985594000,1,3.21000000,635.56
1622013985636000,1,0.00546734,635.56
1622013990304000,1,3.21000000,635.56
1622013990368000,1,0.00546734,635.56
1622014003734000,1,3.21546734,635.56
1622014003806000,1,15.73020968,635.40
1622014055192000,1,30.66536000,636.41
1622014055192000,1,3.21040563,636.25
1622014055192000,1,2.47423437,636.22
1622014055209000,1,13.23502226,636.22
1622014061639000,1,10.53953000,636.06
1622014061792000,1,5.17047000,636.06
1622014062121000,1,5.50000000,636.07
1622014062210000,1,4.50000000,636.07
1622014062359000,1,2.00000000,636.07
1622014068568000,0,4.17047000,636.03
1622014110055000,0,0.06090000,636.24
1622014149494000,1,2.03000000,634.79
1622014179401000,0,10.20000000,634.01
1622014182446000,0,6.60622000,634.55
1622014189848000,1,3.22219000,634.28
1622014249913000,1,3.21000000,635.64
1622014249984000,1,0.00429316,635.64
1622014278936000,0,0.24252642,637.58
1622014451918000,0,0.46971503,637.28
1622014453576000,1,0.53463071,636.11
1622014475951000,1,0.50000000,635.93
1622014475951000,1,11.57974000,635.90
1622014489486000,0,0.31201453,635.97
1622014516490000,1,0.00000193,634.28
1622014516490000,1,0.25665807,634.28
1622014540955000,0,0.07620000,635.40
1622014541361000,0,0.71560636,635.40
1622014560361000,0,0.48536244,635.32
1622014606023000,0,0.78391928,636.29
1622014680265000,0,0.05445757,636.58
1622014686247000,1,0.08000000,635.88
1622014706549000,0,0.38300000,637.00
1622014710219000,0,0.00068062,637.00
1622014734399000,0,1.51740000,638.20
1622014755106000,0,8.00000000,638.55
1622014799030000,0,0.27874225,641.00
1622014799060000,0,0.00000001,641.00
1622014821983000,1,10.24334000,638.61
1622014834365000,1,13.01000000,638.55
1622014885554000,1,25.12000000,637.46
1622014885774000,1,4.83624000,637.46
1622014973251000,0,0.07770523,640.24
1622014978392000,0,0.05203017,640.15
1622014990593000,0,0.50000000,642.29
1622014993388000,0,1.03448000,643.47
1622014993388000,0,0.16646374,643.48
1622014999113000,0,1.10181213,643.44
1622015028730000,0,0.38567775,643.49
1622015029686000,0,0.67900000,643.51
1622015029696000,0,0.00073073,643.51
1622015040188000,1,8.50073000,643.08
1622015040239000,1,5.13849193,643.08
1622015040288000,1,1.56200000,643.08
1622015065658000,0,0.77190741,641.93
1622015071897000,0,2.30226342,642.12
1622015077881000,0,0.15461957,642.48
1622015100218000,0,0.30894076,641.34
1622015104151000,0,1.54482169,641.03
1622015123144000,0,2.50000000,642.41
1622015123744000,0,4.50000000,642.51
1622015124727000,0,0.90000000,642.51
1622015124756000,0,0.25000000,642.88
1622015138323000,1,3.17925000,642.37
1622015152448000,1,0.10000000,642.38
1622015168534000,1,2.72075000,643.13
1622015168682000,1,0.45643922,643.13
1622015171609000,1,2.00000000,642.58
1622015171772000,0,0.04628564,643.08
1622015225145000,1,0.20000000,641.46
1622015229462000,1,3.18000000,641.12
1622015237704000,0,1.31345948,640.37
1622015244451000,0,2.24000000,639.97
1622015244492000,0,5.16529653,640.00
1622015244514000,0,2.68700139,639.99
1622015244534000,0,1.31299861,639.99
1622015244534000,0,3.85229792,640.00
1622015245745000,0,2.24000000,640.92
1622015251256000,0,0.50000000,640.71
1622015251256000,0,2.24000000,640.72
1622015251256000,0,4.20147758,640.72
1622015251811000,0,2.24000000,640.68
1622015314446000,0,2.24000000,637.88
1622015314446000,0,0.89158157,637.91
1622015317089000,0,0.78007745,637.77
1622015318277000,1,2.24000000,637.07
1622015318277000,1,0.96545608,637.04
1622015318832000,1,1.28566691,637.04
1622015336712000,0,0.77838466,637.45
1622015384840000,0,2.24000000,639.25
1622015384840000,0,5.23424255,639.28
1622015399854000,0,1.00200010,640.27
1622015400276000,0,0.34225045,640.43
1622015421979000,0,3.26154949,642.35
1622015425321000,1,0.39000000,642.24
1622015425374000,1,0.00443110,642.24
1622015428863000,0,0.54526153,642.03
1622015431363000,0,0.15500000,641.82
1622015433237000,0,6.52000000,641.82
1622015433745000,0,0.17715548,641.98
1622015436104000,0,1.27077952,642.70
1622015436297000,0,0.45260000,642.70
1622015451600000,1,3.18000000,641.94
1622015462297000,1,0.00251564,641.94
1622015462297000,1,2.23748436,641.94
1622015479060000,0,0.22600000,642.71
1622015487630000,0,0.18620000,642.45
1622015508948000,0,0.28601681,640.92
1622015510799000,1,5.16027628,640.17
1622015510802000,1,1.15610031,640.17
1622015510855000,1,9.29095005,640.17
1622015520631000,1,2.23999999,638.94
1622015520740000,1,0.27586926,638.95
1622015520762000,1,0.81295616,638.95
1622015525117000,1,0.10000000,637.47
1622015526423000,1,2.24000000,636.43
1622015531359000,1,1.68479362,636.33
1622015538558000,0,4.00000000,637.53
1622015539856000,0,3.00000000,637.80
1622015539940000,0,6.00000000,637.80
1622015541163000,0,10.20000000,638.39
1622015544588000,0,0.05300000,639.04
1622015609538000,0,7.50000000,639.75
1622015638227000,0,10.10000000,639.10
1622015640311000,0,0.07753775,639.60
1622015676221000,1,0.69073000,638.00
1622015676229000,1,0.00000385,638.00
1622015697533000,0,0.07570000,639.40
1622015712293000,1,9.10927000,638.42
1622015722253000,0,0.04540000,639.88
1622015724986000,0,0.07570000,639.85
1622015741982000,0,0.41000000,639.88
1622015742483000,1,11.99000000,639.46
1622015742603000,1,3.64083498,639.46
1622015742603000,1,3.19589802,639.33
1622015744073000,1,3.19840000,638.97
1622015758061000,0,0.00018848,639.88
1622015770018000,0,2.09000000,640.21
1622015779405000,1,2.24000000,639.72
1622015788252000,0,0.07749812,640.87
1622015791265000,0,0.05379406,640.87
1622015799063000,0,2.24000000,641.41
1622015820507000,1,8.54160000,641.94
1622015854797000,0,8.20000000,642.14
1622015880511000,0,0.48032539,641.85
1622015891311000,0,0.12201166,641.09
1622015902025000,0,0.31036257,641.25
1622015925518000,1,3.18000000,640.73
1622015925542000,1,0.00941434,640.73
1622015969339000,1,2.24000000,640.68
1622015999038000,1,3.18000000,640.78
1622015999648000,1,0.00953686,640.78
1622016041927000,0,0.95381978,641.56
1622016051973000,1,15.58224000,641.32
1622016069947000,0,2.21433106,641.18
1622016076627000,1,2.24000000,640.42
1622016081684000,1,2.24000000,640.26
1622016092005000,0,0.29459559,640.44
1622016095942000,1,10.00000000,640.08
1622016108727000,1,3.19055000,640.65
1622016108819000,1,0.00000541,640.65
1622016120271000,0,0.25601886,640.96
1622016138915000,1,4.00000000,641.40
1622016138915000,1,3.18000000,641.39
1622016147520000,0,5.57279000,642.87
1622016147629000,0,1.12721000,642.87
1622016149807000,0,5.50000000,643.38
1622016149920000,0,0.80000000,643.38
1622016157479000,1,2.19520000,643.82
1622016180093000,1,2.50000000,644.79
1622016197105000,0,2.24000000,645.80
1622016197105000,0,3.70937159,645.83
1622016208204000,1,6.98862367,644.40
1622016227887000,1,3.17000000,644.35
1622016228291000,1,0.00123431,644.35
1622016233506000,1,3.17000000,643.99
1622016234918000,1,0.00077305,643.99
1622016240264000,0,0.21640543,644.08
1622016323188000,1,3.90000000,639.26
1622016323626000,1,1.27077952,639.07
1622016324200000,1,32.01592856,639.07
1622016324225000,1,5.52721000,639.07
1622016324666000,1,5.52721000,639.07
1622016324713000,1,6.85626192,639.07
1622016327552000,1,0.00000316,638.97
1622016364966000,0,2.24000000,637.17
1622016364966000,0,4.00000000,637.17
1622016369621000,1,2.24000000,635.97
1622016369621000,1,4.00000000,635.91
1622016369621000,1,3.21141206,635.90
1622016369621000,1,15.71931404,635.59
1622016372537000,1,1.00000000,635.50
1622016374797000,1,2.24000000,634.62
1622016374797000,1,3.21000000,634.60
1622016427833000,1,3.21360000,635.76
1622016427857000,1,0.00000085,635.76
1622016432661000,0,2.24000000,635.88
1622016432661000,0,4.00000000,635.90
1622016432661000,0,10.15703044,635.92
1622016448076000,0,10.20000000,634.73
1622016448076000,0,2.27176022,634.83
1622016460161000,1,2.19520000,633.87
1622016475262000,1,2.24000000,633.45
1622016487476000,1,3.22000000,633.29
1622016488828000,1,3.22000000,632.89
1622016489271000,1,0.00312560,632.89
1622016499236000,1,3.23000000,631.89
1622016501832000,1,0.00155533,631.65
1622016503834000,1,2.24000000,631.67
1622016528662000,1,3.24253095,629.43
1622016535452000,0,2.24000000,631.63
1622016535452000,0,10.30000000,631.67
1622016535452000,0,3.24241943,631.77
1622016535452000,0,0.96000000,632.13
1622016544356000,1,0.39195488,630.24
1622016555540000,0,1.00000000,632.39
1622016578131000,0,0.09000000,631.05
1622016600296000,0,0.07834014,630.10
1622016621315000,0,0.10000000,629.00
1622016641841000,0,0.07829889,630.86
1622016668365000,1,3.24061000,630.22
1622016671222000,1,3.24000000,629.79
1622016683443000,0,0.46110000,630.23
1622016684963000,0,0.05470225,630.54
1622016686644000,1,3.24000000,629.58
1622016690220000,1,6.54801980,628.82
1622016691489000,0,2.24000000,629.11
1622016706587000,0,0.07878626,628.86
1622016728531000,1,7.04000000,625.93
1622016732526000,1,0.25000000,623.99
1622016739310000,0,0.15804927,624.53
1622016752726000,0,3.20000000,623.71
1622016768283000,1,2.24000000,621.51
1622016768283000,1,4.00000000,620.67
1622016768283000,1,10.15703044,620.66
1622016790743000,1,1.75787786,621.48
1622016823361000,1,3.90000000,623.04
1622016823361000,1,0.78257491,623.02
1622016842571000,0,8.50000000,624.85
1622016884647000,0,0.47614946,624.92
1622016916829000,0,0.15874694,624.09
1622016935881000,1,0.66605839,620.70
1622016952338000,0,0.12629059,620.37
1622016959646000,1,4.50000000,618.19
1622016959909000,1,2.24000000,616.40
1622016959909000,1,0.60000000,616.38
1622016959909000,1,6.81608325,616.37
1622016959909000,1,0.50853471,616.37
1622016959909000,1,8.80000000,616.36
1622016959909000,1,0.50000000,615.77
1622016959909000,1,2.53538204,615.49
1622016959975000,1,1.07090000,616.39
1622016959975000,1,3.26317370,615.49
1622016963468000,0,2.40000000,618.54
1622016964041000,0,10.50000000,618.55
1622016971662000,0,0.89541000,618.77
1622016972433000,0,0.00000908,618.77
1622017020224000,0,0.32176584,621.57
1622017026395000,1,0.25008755,620.20
1622017048429000,0,1.17927000,620.81
1622017048429000,0,4.00000000,620.81
1622017048429000,0,1.82073000,620.83
1622017080299000,0,0.83326652,621.80
1622017126328000,0,0.07780000,623.31
1622017126510000,0,5.00000000,623.31
1622017126605000,0,4.82220000,623.31
1622017145925000,0,0.17824833,624.84
1622017148825000,0,1.29609179,624.84
1622017197423000,0,0.31746851,626.04
1622017216890000,0,0.15899902,625.79
1622017229200000,0,1.58574486,624.65
1622017232844000,0,0.59398579,624.65
1622017266751000,1,15.97909000,625.24
1622017267115000,1,2.50000000,624.70
1622017267146000,1,5.21906024,624.70
1622017267153000,1,5.21906024,624.70
1622017267160000,1,3.04097702,624.70
1622017311998000,0,3.26720975,626.34
1622017311998000,0,1.50000000,626.56
1622017311998000,0,2.24000000,626.57
1622017311998000,0,1.75087622,626.60
1622017320288000,0,0.06306753,626.70
1622017376893000,1,0.11104732,626.72
1622017422927000,0,0.47642050,628.13
1622017441871000,1,2.24000000,627.68
1622017445460000,1,2.24000000,625.62
1622017462772000,0,2.52290000,625.21
1622017509763000,0,1.00000000,625.06
1622017533792000,1,3.00000000,625.16
1622017609692000,1,3.26987000,624.81
1622017638073000,0,0.08800334,625.36
1622017653972000,0,0.51641398,625.39
1622017672625000,1,3.27067000,624.86
1622017673319000,1,0.00000859,624.86
1622017673567000,1,1.56992995,624.19
1622017680266000,0,0.99945689,625.48
1622017689089000,1,1.00000000,625.25
1622017696628000,0,0.90000000,625.66
1622017742166000,1,3.25576843,627.74
1622017742166000,1,4.00000000,627.41
1622017742166000,1,1.50231754,627.39
1622017743172000,1,0.04829800,627.74
1622017764320000,0,2.01500000,628.70
1622017765158000,0,0.00000424,628.70
1622017792065000,0,0.26830000,628.40
1622017794774000,0,10.30000000,628.16
1622017829973000,1,2.24000000,626.81
1622017874580000,0,2.24000000,629.64
1622017896402000,0,2.24000000,630.72
1622017896402000,0,0.83007442,630.75
1622017914279000,1,3.22847000,631.00
1622017917257000,1,0.00000860,631.00
1622017917257000,1,2.49999140,630.24
1622017920244000,1,0.24148823,630.01
1622018008691000,0,1.00000000,631.05
1622018022293000,0,0.07865765,631.35
1622018036956000,0,1.57252990,630.99
1622018040282000,0,0.15097243,631.36
1622018043413000,0,0.18200000,630.48
1622018043415000,0,0.00043156,630.48
1622018048482000,0,0.15759380,631.37
1622018072814000,0,0.07858540,631.34
1622018074561000,0,2.16141460,631.34
1622018074561000,0,0.97364551,631.39
1622018087857000,0,1.00006421,630.97
1622018103950000,0,3.55358000,630.72
1622018127340000,1,1.13000000,631.82
1622018133219000,1,2.24000000,631.50
1622018133219000,1,3.23625012,631.37
1622018133219000,1,14.89324581,631.25
1622018143847000,0,0.07845744,632.67
1622018149712000,1,0.12000000,632.07
1622018150008000,1,3.11000000,632.07
1622018150067000,1,2.24000000,632.09
1622018150067000,1,0.00384882,632.07
1622018150475000,1,3.23384000,632.07
1622018150505000,1,0.00000882,632.07
1622018152438000,0,2.73384000,632.44
1622018175176000,0,0.04702317,633.56
1622018192200000,1,3.22000000,632.91
1622018255628000,0,1.00000000,632.73
1622018334717000,1,0.18200000,632.28
1622018335402000,1,1.46756000,632.28
1622018351884000,1,0.00000981,632.28
1622018354848000,0,0.06038160,632.56
1622018440968000,1,0.69548757,629.89
1622018460969000,0,7.10000000,632.51
1622018482562000,1,3.23051000,632.31
1622018488784000,1,3.22899000,631.56
1622018490804000,1,0.00000734,631.56
1622018490804000,1,1.99999266,631.07
1622018493937000,0,3.15473159,632.45
1622018494902000,1,2.24000000,631.31
1622018494902000,1,3.10000000,631.29
1622018495011000,1,2.24000000,631.32
1622018501513000,1,2.24000000,631.07
1622018504173000,1,3.23248934,631.04
1622018504173000,1,3.23364293,630.91
1622018505631000,1,3.23000000,631.04
1622018506174000,1,2.24000000,631.07
1622018507522000,1,0.00248934,631.04
1622018519117000,0,0.50000000,630.84
1622018545903000,1,2.39000000,631.75
1622018546258000,1,0.84000000,631.75
1622018546328000,1,0.00204134,631.75
1622018567199000,1,3.23000000,632.11
1622018567303000,1,0.00204524,632.11
1622018567489000,1,6.89903912,631.77
1622018570943000,0,0.07842025,632.27
1622018603954000,1,3.23177000,632.31
1622018606168000,0,0.05452231,632.64
1622018660551000,0,1.26094601,631.28
1622018681193000,0,10.30000000,631.42
1622018745581000,1,3.00000000,627.99
1622018745680000,1,10.74117000,627.99
1622018745750000,1,2.16112000,627.99
1622018760294000,0,0.06235246,629.61
1622018764603000,0,0.46150000,629.71
1622018773079000,0,2.24000000,630.71
1622018794218000,1,3.24079000,630.68
1622018797639000,0,0.15340000,631.44
1622018804039000,1,0.00000759,630.68
1622018804039000,1,3.23999241,630.68
1622018804097000,1,0.00080518,630.68
1622018816227000,0,0.50000000,630.35
1622018842599000,0,4.00000000,628.40
1622018848901000,1,2.24000000,626.73
1622018849213000,1,1.29609179,626.40
1622018888870000,0,0.08671340,628.70
1622018896773000,0,0.07710000,627.27
1622018928330000,0,0.09478730,626.17
1622018982279000,1,0.89519079,625.81
1622018985932000,0,0.09501416,626.95
1622019013642000,0,2.24000000,628.42
1622019060238000,0,0.15769270,629.51
1622019139434000,1,2.20000000,628.55
1622019139435000,1,0.37000000,628.55
1622019139968000,1,46.39000000,628.55
1622019142039000,1,0.00850000,628.55
1622019145683000,0,0.07882756,628.72
1622019155476000,0,2.50000000,628.91
1622019155576000,0,7.00000000,628.91
1622019155696000,0,0.80000000,628.91
1622019164338000,0,3.12191000,629.53
1622019164443000,0,4.00000000,629.53
1622019164542000,0,3.17809000,629.53
1622019170982000,0,0.29480000,630.08
1622019192257000,1,3.23602000,631.19
1622019217221000,0,0.22590834,630.91
1622019251171000,1,3.24184000,630.39
1622019255811000,1,0.00000327,630.39
1622019258417000,1,3.24453000,629.57
1622019284854000,1,3.16914000,629.70
1622019305140000,0,0.10000000,631.00
1622019309422000,1,3.24009000,630.84
1622019311644000,1,0.00000171,630.84
1622019311644000,1,3.24008829,630.84
1622019312137000,0,0.31466052,631.24
1622019319091000,1,0.00000342,630.84
1622019355691000,1,0.00000403,629.70
1622019381098000,0,0.31626473,626.62
1622019420587000,1,3.00000000,626.51
1622019420693000,1,0.26249000,626.51
1622019440700000,0,0.06288806,629.14
1622019441555000,0,0.15823068,629.10
1622019463374000,0,0.78979870,629.92
1622019478679000,1,2.54389000,629.29
1622019478761000,1,0.70328000,629.29
1622019479077000,1,3.24000000,628.84
1622019480266000,0,2.24000000,629.68
1622019480266000,0,0.83781706,629.69
1622019489363000,0,3.50000000,629.20
1622019519832000,0,0.10048219,629.97
1622019529844000,0,0.78777515,630.46
1622019537219000,0,5.20328000,630.67
1622019537321000,0,5.09672000,630.67
1622019543534000,1,3.24000000,630.12
1622019564080000,0,7.26186000,628.61
1622019576903000,0,0.06310916,629.11
1622019594167000,0,2.90000000,629.89
1622019594167000,0,2.10000000,629.90
1622019626127000,0,0.55484219,630.81
1622019631398000,0,0.23582468,631.09
1622019650330000,1,3.24071000,630.51
1622019658303000,1,2.61787000,630.80
1622019658393000,1,0.62139000,630.80
1622019694898000,1,3.22902000,632.75
1622019697797000,1,0.00000225,632.75
1622019706083000,0,0.50000000,632.87
1622019709219000,0,1.33255467,632.87
1622019716285000,0,0.31362648,632.91
1622019727214000,1,3.23000000,631.90
1622019727447000,1,0.00373150,631.90
1622019729197000,1,3.23373000,631.90
1622019731450000,1,0.00000150,631.90
1622019731450000,1,3.23101850,631.48
1622019740607000,0,0.23603555,632.32
1622019853420000,0,0.88235148,631.99
1622019859507000,1,0.00000280,630.80
1622019860052000,1,0.00000553,630.51
1622019860052000,1,0.19726090,630.51
1622019860052000,1,0.07273357,630.51
1622019860725000,0,0.04607047,631.03
1622019877151000,0,0.66501137,632.05
1622019889879000,0,0.06233684,632.22
1622019891247000,0,0.39247956,632.19
1622019898539000,1,2.68484000,631.56
1622019899640000,1,0.54955000,631.56
1622019919794000,0,1.30231379,631.43
1622019937011000,1,2.50000000,631.70
1622019937209000,1,0.73452000,631.70
1622019995378000,1,3.23106087,632.39
1622019995462000,1,3.23188658,632.06
1622019995462000,1,1.96884189,631.98
1622020043391000,0,3.00000000,631.58
1622020045976000,0,6.50000000,632.06
1622020046188000,0,3.80000000,632.06
1622020069787000,1,2.24000000,631.77
1622020069787000,1,2.24000000,631.68
1622020078285000,1,2.24000000,631.34
1622020078285000,1,40.97000000,631.31
1622020084874000,1,2.24000000,631.33
1622020084874000,1,3.23000000,631.30
1622020084888000,1,0.00618179,631.30
1622020086130000,0,0.05460954,632.01
1622020086923000,1,3.23000000,631.30
1622020091013000,1,0.64000000,630.97
1622020091154000,1,4.01593000,630.97
1622020091158000,1,2.25249913,630.97
1622020110056000,1,2.24000000,631.03
1622020112042000,1,3.23853531,630.99
1622020121441000,1,3.23000000,630.94
1622020126993000,1,0.00903774,630.94
1622020130155000,0,2.50000000,631.60
1622020144585000,1,3.23219469,632.07
1622020163158000,1,11.59000000,631.76
1622020163241000,1,16.51784000,631.76
1622020163267000,1,51.99284000,631.73
1622020200453000,1,3.23297000,632.03
1622020219536000,1,2.50000000,632.38
1622020219631000,1,0.73146000,632.38
1622020249908000,1,3.22795000,633.01
1622020284016000,0,0.50000000,634.20
1622020290178000,0,1.27560345,634.68
1622020332882000,1,3.22336000,633.25
1622020337164000,0,10.30000000,633.75
1622020429848000,1,3.22000000,633.82
1622020446922000,1,2.19000000,633.51
1622020455972000,1,2.88426000,634.01
1622020456106000,1,0.34027000,634.01
1622020489346000,0,1.58035305,633.19
1622020489346000,0,3.91964695,633.19
1622020489481000,0,0.03089624,633.19
1622020490659000,0,0.15300000,633.31
1622020517246000,0,3.50000000,632.91
1622020536526000,1,2.24000000,631.98
1622020536526000,1,0.99265000,631.96
1622020560382000,1,0.22258203,631.61
1622020579257000,1,3.23244374,632.12
1622020600391000,0,0.07859772,632.97
1622020728852000,1,0.14000000,633.90
1622020734550000,1,1.57740000,633.38
1622020803241000,1,3.21000000,635.24
1622020803375000,1,0.00569206,635.24
1622020814514000,1,0.47671721,635.09
1622020818267000,1,2.50000000,635.09
1622020919495000,0,0.10000000,635.00
1622021085088000,1,1.00000000,633.71
1622021145631000,1,3.22626207,633.07
1622021149566000,0,0.15000000,632.90
1622021150759000,1,3.22818258,631.87
1622021150759000,1,1.04517742,631.87
1622021160283000,1,0.00696383,630.51
1622021160283000,1,0.16211857,630.19
1622021160811000,1,1.27560345,630.19
1622021178387000,0,0.07310000,631.28
1622021222179000,0,2.24000000,631.39
1622021222179000,0,3.26000000,631.42
1622021292619000,1,2.24000000,629.85
1622021292619000,1,4.38958329,629.82
1622021315993000,1,3.24321000,629.84
1622021430058000,0,0.05050000,630.39
1622021548301000,1,6.91000000,627.12
1622021650618000,1,0.00000116,626.51
1622021650618000,1,30.12108000,626.50
1622021650686000,1,3.26104297,626.46
1622021708736000,0,2.50000000,626.86
1622021709164000,0,3.04169000,626.86
1622021709267000,0,0.35831000,626.86
1622021782168000,0,0.10000000,628.00
1622021844213000,0,0.10000000,630.00
1622021857196000,0,1.26898844,631.70
1622021891412000,1,3.23994000,631.07
1622021892668000,1,0.00000609,631.07
1622021892668000,1,3.23993391,631.07
1622021894846000,1,0.00001218,631.07
1622021894846000,1,3.23993782,631.07
1622021900225000,1,0.00000827,631.07
1622021900225000,1,3.23971173,630.98
1622021902150000,1,0.00001761,630.98
1622021902150000,1,2.59874239,630.98
1622021902228000,1,0.64000000,630.98
1622021937307000,1,0.00098695,630.98
1622021937307000,1,3.23901305,630.94
1622021938525000,1,0.00059089,630.94
1622021938525000,1,1.85940911,630.66
1622021938664000,1,1.38000000,630.66
1622022086809000,1,3.19022600,627.72
1622022197158000,1,3.23936000,630.19
1622022198451000,1,2.50000000,629.54
1622022200266000,1,0.19400000,629.23
1622022225839000,0,0.10000000,630.06
1622022225839000,0,0.32676369,630.07
1622022239236000,1,0.23600000,630.07
1622022352520000,1,2.02464000,629.89
1622022374012000,0,6.00000000,631.50
1622022374128000,0,4.30000000,631.50
1622022393327000,0,1.00000000,632.33
1622022399961000,0,0.05452058,632.14
1622022545988000,0,0.09420623,631.99
1622022690640000,0,0.20000000,633.45
1622022802800000,0,1.64956981,635.88
1622022943841000,0,1.49181340,634.46
1622022960285000,0,0.17141526,634.52
1622023096169000,0,0.07630000,634.60
1622023184992000,1,5.20109912,630.19
1622023185187000,1,4.56720385,630.19
1622023185189000,1,0.53169703,630.19
1622023305055000,0,0.31957211,633.29
1622023347470000,0,3.94460716,634.24
1622023347470000,0,1.25539284,634.24
1622023440275000,1,0.16949528,632.86
1622023488826000,1,1.00000000,634.14
1622023534056000,0,2.24000000,631.98
1622023534056000,0,18.05377256,632.01
1622023566222000,0,2.54000000,630.23
1622023566276000,1,3.92000000,629.80
1622023566609000,1,0.08000000,629.80
1622023628792000,0,0.04066122,626.55
1622023629571000,1,1.59779632,625.29
1622023629571000,1,0.51201993,625.23
1622023633811000,1,10.38540293,625.09
1622023681119000,0,0.11088016,623.17
1622023707303000,1,0.51143281,623.00
1622023725101000,0,0.11087912,623.18
1622023733643000,0,0.11088910,622.99
1622023743146000,0,0.11089909,623.10
1622023745442000,0,0.24171255,622.76
1622023768669000,1,0.14652681,620.96
1622023768719000,1,2.09347319,620.96
1622023768719000,1,0.03405045,620.93
1622023910219000,1,0.03599331,625.04
1622023918290000,1,3.26000000,625.22
1622023918634000,1,0.00823387,625.22
1622023930972000,1,0.31323553,622.40
1622023945941000,1,3.28000000,620.87
1622023967289000,0,0.09640000,621.48
1622023979133000,1,2.24000000,619.80
1622023979133000,1,0.90000000,619.77
1622023979133000,1,4.00000000,619.44
1622023979133000,1,3.29522578,619.41
1622023979133000,1,3.06791786,619.30
1622023997430000,1,1.26898844,619.85
1622024020212000,0,1.61291883,620.63
1622024020212000,0,0.06908091,620.69
1622024022160000,0,0.15600000,620.69
1622024074272000,0,0.17190000,619.54
1622024074343000,0,0.17190000,619.54
1622024188185000,1,20.29377256,620.86
1622024215793000,0,2.24000000,623.23
1622024225390000,0,1.25820474,623.42
1622024268477000,1,4.01757000,621.88
1622024400324000,0,0.07483450,625.75
1622024426247000,0,2.24000000,626.67
1622024427894000,1,0.11109939,626.21
1622024428422000,1,0.11109939,626.21
1622024462174000,0,1.97758686,629.31
1622024483006000,0,2.29757000,629.06
1622024483287000,0,1.59034000,629.07
1622024506948000,1,6.85693071,628.15
1622024506948000,1,3.25239855,628.14
1622024525222000,1,0.15752000,628.53
1622024526472000,1,0.00000613,628.53
1622024655753000,0,2.30470663,624.36
1622024734531000,0,3.27604000,624.67
1622024738716000,0,0.00000792,624.67
1622024738716000,0,3.27544208,624.72
1622024756225000,0,0.00001044,624.72
1622024825588000,0,1.60794453,622.41
1622024825588000,0,0.39205547,622.42
1622024840498000,0,3.29126000,622.02
1622024846740000,0,0.00000849,622.02
1622024860296000,1,1.60753000,621.73
1622024869408000,1,0.90014968,621.17
1622024879532000,1,1.60944000,620.85
1622024879736000,1,0.00000562,620.85
1622024879736000,1,4.02430034,620.85
1622024879917000,1,10.46329757,620.55
1622024889668000,0,0.11110234,620.84
1622024901453000,0,2.64469000,619.20
1622024901669000,0,3.50000000,619.20
1622024901781000,0,1.75531000,619.20
1622024902326000,0,3.30478000,619.62
1622024903955000,0,0.00000373,619.62
1622024903955000,0,3.30149627,620.14
1622024960695000,1,2.24000000,617.00
1622024978046000,1,2.24000000,616.21
1622024978624000,0,2.24000000,616.95
1622024978624000,0,0.76000000,616.98
1622025008872000,0,2.50000000,616.98
1622025008883000,0,0.05793314,616.98
1622025030280000,1,0.67984432,618.92
1622025039118000,0,0.08003914,619.47
1622025066360000,0,0.70573907,619.96
1622025072415000,0,0.99154374,619.66
1622025159715000,1,4.00000000,618.45
1622025240319000,0,0.13172654,616.37
1622025261977000,0,3.50000000,616.68
1622025262101000,0,2.97852000,616.68
1622025264918000,0,0.00000239,616.68
1622025313828000,0,6.97170000,618.38
1622025319799000,0,2.24000000,619.41
1622025382893000,0,0.04680000,620.48
1622025557877000,0,2.00000000,617.85
1622025686529000,0,0.04105306,618.62
1622025699280000,0,0.06209790,618.97
1622025711811000,1,0.26497308,617.82
1622025729175000,0,0.10000000,620.00
1622025760681000,1,0.19308993,620.26
1622025771049000,1,2.24000000,619.93
1622025793281000,1,2.24000000,619.84
1622025841441000,0,2.24000000,620.74
1622025841441000,0,1.68262740,620.84
1622025858208000,1,3.29366862,620.45
1622025858447000,1,6.59945008,620.30
1622025858520000,1,2.30000000,620.30
1622025858520000,1,3.29551070,620.10
1622025915236000,1,3.28287000,622.21
1622025918103000,1,2.31000000,622.25
1622025924232000,1,1.60217383,623.13
1622025924340000,1,1.60214000,623.09
1622025944300000,0,0.81106791,624.62
1622025953507000,1,0.06390000,623.45
1622025955902000,0,0.03186039,624.60
1622025984572000,1,1.60000000,624.40
1622025987316000,1,3.27487000,624.04
1622026007326000,0,0.96935548,624.59
1622026018003000,1,0.00000358,624.04
1622026018003000,1,3.27638642,623.73
1622026081796000,0,0.03988613,625.28
1622026087442000,1,0.06134000,624.51
1622026092524000,1,2.24000000,624.55
1622026092654000,1,1.60004608,624.52
1622026092654000,1,2.17866000,624.51
1622026092654000,1,3.27248377,624.51
1622026092654000,1,6.38097296,624.48
1622026092654000,1,1.60008192,624.34
1622026092654000,1,7.26003709,624.23
1622026092654000,1,4.00108800,624.22
1622026092976000,1,0.47000000,624.21
1622026094941000,0,3.27629978,624.44
1622026098251000,0,0.03354097,624.05
1622026098561000,0,3.24454000,624.05
1622026111620000,1,2.23999999,623.19
1622026111636000,1,0.00000001,623.19
1622026241677000,0,0.63569760,622.09
1622026266883000,0,2.24000000,622.34
1622026280793000,1,1.60745000,621.62
1622026280891000,1,0.00000758,621.62
1622026280891000,1,4.01906589,621.61
1622026342072000,0,4.00000000,622.45
1622026342072000,0,2.24000000,622.46
1622026342072000,0,3.05144331,622.46
1622026345422000,0,2.24000000,623.56
1622026345525000,1,0.70849436,623.59
1622026345917000,0,0.00000701,624.05
1622026345917000,0,0.15711064,624.74
1622026367647000,0,2.95046900,623.65
1622026388998000,0,3.28000000,624.60
1622026398836000,0,2.24000000,623.95
1622026398972000,0,3.28046000,623.98
1622026402309000,0,0.00000916,623.98
1622026402309000,0,0.07759084,624.26
1622026422915000,0,3.27912000,624.29
1622026437496000,0,3.28533000,623.09
1622026478225000,0,3.03041000,622.93
1622026489594000,0,0.00000968,623.09
1622026496771000,0,3.28657000,622.92
1622026508432000,0,0.00000588,622.92
1622026577870000,0,0.00000154,624.29
1622026582627000,0,0.00000662,624.60
1622026587421000,0,2.24000000,625.22
1622026661053000,0,3.27691000,624.97
1622026675550000,0,0.00000154,624.97
1622026699417000,0,0.15500000,624.68
1622026710166000,0,3.28293000,623.87
1622026720953000,0,3.28396000,623.48
1622026725976000,0,3.28402000,623.47
1622026727843000,0,0.00000298,623.47
1622026727843000,0,3.28401702,623.47
1622026730050000,0,0.00000596,623.47
1622026730050000,0,0.00000796,623.48
1622026735537000,0,3.28450000,623.25
1622026736865000,0,0.00000775,623.25
1622026736865000,0,1.59999225,623.25
1622026739063000,0,1.68451550,623.25
1622026739627000,0,3.28450000,623.25
1622026744137000,0,0.00000775,623.25
1622026749774000,0,0.00000733,623.87
1622026764725000,0,3.28150000,624.04
1622026773295000,0,0.00000437,624.04
1622026817586000,0,0.07790000,625.56
1622026828692000,0,0.07872946,624.16
1622026859866000,1,2.24000000,623.28
1622026897989000,1,3.00000000,622.00
1622026912939000,1,5.00000000,621.00
1622026924174000,0,2.64056000,620.60
1622026924812000,0,0.00000663,620.60
1622026927492000,0,2.63788000,621.18
1622026931348000,0,0.00000199,621.18
1622026931348000,0,2.96469801,621.67
1622026933045000,0,0.00001186,621.67
1622026947538000,0,1.98005000,620.55
1622026949514000,0,0.00000154,620.55
1622026949514000,0,1.97855846,621.01
1622026952416000,1,23.56780452,620.75
1622026968817000,0,0.00000506,621.01
1622026968817000,0,0.65942494,621.02
1622027006285000,0,0.08091530,618.89
1622027034628000,0,0.66377000,617.59
1622027034941000,1,2.24000000,616.99
1622027034941000,1,1.68262740,616.97
1622027035964000,0,0.00000733,617.59
1622027035964000,0,6.38096267,617.59
1622027036951000,0,0.00001029,617.59
1622027045444000,1,0.19474354,618.48
1622027067514000,0,2.24000000,620.99
1622027087887000,0,0.00001121,621.02
1622027115040000,1,0.52522796,622.21
1622027162854000,0,0.32883000,622.65
1622027166763000,0,0.00000642,622.65
1622027264254000,1,0.61704537,618.87
1622027268172000,1,1.00000000,618.87
1622027328876000,1,1.00787129,618.66
1622027355338000,1,2.24000000,619.52
1622027355338000,1,0.00507900,619.49
1622027393569000,0,0.03206780,620.56
1622027400262000,1,0.14145022,619.00
1622027436265000,0,0.24950000,620.93
1622027441714000,0,0.50000000,621.00
1622027464915000,1,3.73506010,621.34
1622027489498000,1,0.99891079,621.43
1622027537105000,1,2.24000000,619.24
1622027595501000,1,2.24000000,617.60
1622027616930000,0,2.24000000,620.95
1622027616930000,0,0.82530112,621.00
1622027640383000,1,0.04819430,618.02
1622027652006000,0,1.61715000,618.97
1622027675150000,1,2.24000000,618.15
1622027675150000,1,1.06915000,618.11
1622027675150000,1,2.60000000,618.07
1622027675150000,1,6.33193749,618.04
1622027675150000,1,6.69299531,618.03
1622027675150000,1,15.03197337,618.03
1622027709355000,0,1.61791000,618.68
1622027709488000,0,0.00000291,618.68
1622027709488000,0,1.61773709,618.69
1622027728108000,0,2.24000000,620.62
1622027791654000,0,1.61232000,620.66
1622027794956000,0,1.61164000,620.95
1622027835812000,0,0.09152034,620.91
1622027880288000,1,0.26885623,618.92
1622027983146000,0,1.61619764,619.31
1622027983146000,0,4.04030236,619.31
1622028076473000,0,1.61539000,619.53
1622028076838000,0,0.00000877,619.53
1622028076838000,0,1.61570123,619.57
1622028179643000,0,1.61746000,618.78
1622028186061000,0,1.61716431,619.17
1622028186061000,0,0.88283569,619.21
1622028199243000,1,2.24000000,618.55
1622028199243000,1,6.56252216,618.52
1622028229890000,0,1.61845000,618.49
1622028230005000,0,0.00000230,618.49
1622028230005000,0,4.04655770,618.53
1622028280090000,1,7.50000000,617.49
1622028347029000,0,0.25000000,619.21
1622028360301000,1,0.11552272,619.42
1622028410679000,0,10.00000000,620.00
1622028487002000,1,5.00000000,620.00
1622028541883000,0,1.61308000,620.37
1622028546897000,0,2.93192000,620.65
1622028621209000,1,4.50000000,620.78
1622028674106000,1,3.29387776,620.39
1622028674106000,1,0.20612224,620.39
1622028713893000,0,1.61463240,619.96
1622028713893000,0,4.03623760,619.96
1622028715180000,0,1.61412681,620.15
1622028715180000,0,1.61380319,620.15
1622028731197000,0,0.04690000,620.20
1622028790418000,0,0.39943555,621.25
1622028795189000,1,2.24000000,621.05
1622029131104000,1,1.20000000,623.34
1622029200248000,0,0.20702872,624.58
1622029415056000,0,2.24000000,623.64
1622029415056000,0,0.30000000,623.67
1622029427844000,0,0.09104950,623.35
1622029433814000,0,0.39900869,623.42
1622029466402000,1,17.50000000,624.17
1622029487726000,1,3.27686000,624.17
1622029498901000,0,0.07750000,624.62
1622029512916000,0,7.03735133,624.86
1622029512916000,0,10.40000000,625.20
1622029512916000,0,0.28029691,625.37
1622029512916000,0,1.29993376,625.38
1622029512916000,0,1.30026703,625.38
1622029512916000,0,26.58776552,625.39
1622029512916000,0,27.92590000,625.40
1622029512916000,0,8.45087724,625.41
1622029512916000,0,44.19668000,625.45
1622029512916000,0,1.13000000,625.71
1622029512916000,0,8.00000000,625.76
1622029512916000,0,3.31000000,627.75
1622029512916000,0,10.08092821,627.76
1622029543097000,0,10.40000000,625.11
1622029593061000,0,1.71699230,624.93
1622029630390000,1,0.00000342,624.17
1622029822138000,0,1.59258018,626.97
1622029889426000,0,0.03989455,625.90
1622029959765000,1,0.85427641,625.76
1622029967246000,1,1.38572000,625.76
1622029973233000,0,0.39711047,626.40
1622030118342000,1,2.23999297,626.81
1622030187092000,0,0.09114405,626.75
1622030225409000,0,0.07972952,627.80
1622030249928000,1,2.24000000,627.67
1622030338235000,0,2.24000000,628.94
1622030338235000,0,0.13923462,628.97
1622030339172000,0,0.06160000,628.93
1622030348757000,0,0.04620000,629.15
1622030351078000,1,0.26048340,628.39
1622030359366000,0,0.04734015,629.15
1622030362896000,0,0.03964078,629.15
1622030484909000,1,0.39600000,627.10
1622030485032000,1,0.00066719,627.10
1622030579059000,0,1.01712000,626.85
1622030579446000,0,0.00000965,626.85
1622030579747000,0,0.39600000,626.89
1622030580093000,0,0.62157798,626.89
1622030591673000,0,0.97145000,627.68
1622030639865000,0,0.92722000,627.19
1622030768437000,0,0.03368330,629.98
1622030807977000,1,0.04000000,629.23
1622030930325000,0,2.24000000,634.92
1622030930418000,1,2.50000000,634.92
1622030930425000,1,1.45070119,634.92
1622030936537000,0,2.24000000,634.86
1622030936631000,0,1.00000000,635.00
1622030936631000,0,0.03964000,635.00
1622030937324000,0,2.24000000,634.97
1622030940591000,0,2.24000000,634.97
1622030989384000,0,0.00000078,635.00
1622031085582000,0,0.15645638,635.96
1622031133096000,1,0.32294317,634.32
1622031253170000,1,0.32214834,634.92
1622031324617000,1,31.88492324,634.19
1622031453493000,0,8.86971930,634.86
1622031618336000,0,0.04720000,634.10
1622031651613000,0,0.58520000,634.71
1622031712463000,1,0.70573907,632.87
1622031720292000,0,0.11452119,633.71
1622031741868000,0,2.50000000,633.00
1622031741874000,0,12.50000000,633.00
1622031786478000,0,1.00000000,633.91
1622031798674000,1,2.24000000,635.24
1622031834357000,0,0.87673112,634.30
1622031834357000,0,1.19608931,634.30
1622031834378000,0,0.99566907,634.30
1622031858048000,0,0.80725000,634.88
1622031858283000,0,0.00000663,634.88
1622031858283000,0,0.80715337,634.96
1622031884208000,1,0.06423069,634.36
1622031923648000,0,2.00000000,635.27
1622031940521000,0,3.15971347,635.20
1622032007870000,1,2.24000000,633.73
1622032035268000,0,2.24000000,633.57
1622032035268000,0,0.77079892,633.67
1622032035268000,0,3.28937940,633.67
1622032094247000,0,0.08091530,633.63
1622032148649000,0,0.08091000,633.66
1622032165342000,0,0.13415002,633.64
1622032176811000,0,0.00000530,633.66
1622032258827000,0,1.57710003,632.49
1622032271318000,0,0.29686872,632.30
1622032349907000,0,0.06195930,632.35
1622032353857000,0,0.06231025,632.27
1622032440273000,1,0.04961521,629.85
1622032440376000,1,0.23875138,629.85
1622032463675000,0,0.04750000,630.60
1622032477930000,0,0.03487925,630.52
1622032586106000,1,3.80000000,628.35
1622032586106000,1,1.40241480,628.33
1622032586136000,1,0.83758520,628.33
1622032586227000,1,3.80000000,628.34
1622032590810000,0,0.76606000,627.87
1622032625130000,0,0.89570841,630.06
1622032625130000,0,9.00000000,630.08
1622032829048000,0,1.58546949,631.17
1622032829166000,0,1.58542424,631.32
1622032829166000,0,3.60759114,631.73
1622032829402000,0,0.50660812,631.73
1622032829776000,0,1.07794188,631.73
1622032829776000,0,1.58542424,631.73
1622032857038000,1,2.24000000,631.71
1622032927640000,1,1.57428000,634.25
1622032947520000,1,3.22550000,634.41
1622032964865000,1,0.00000523,634.41
1622032964865000,1,3.22554477,634.36
1622033011027000,0,0.10021604,633.82
1622033296346000,0,0.16820000,633.49
1622033367500000,1,4.00000000,631.85
1622033429701000,0,0.03500000,631.79
1622033452774000,0,0.73060000,630.60
1622033610991000,0,3.25418000,629.73
1622033643137000,0,0.98313884,629.85
1622033658439000,0,0.06251130,629.55
1622033658853000,0,3.25466000,629.58
1622033706537000,1,1.07661938,628.90
1622033706538000,1,1.16338062,628.90
1622033706538000,1,4.00489693,628.87
1622033758867000,0,0.32877675,630.66
1622033802380000,0,0.04600000,631.05
1622033802908000,1,2.24000000,630.46
1622033838422000,1,1.58600000,629.29
1622033911965000,0,0.78847605,629.77
1622033916230000,0,1.58600000,630.10
1622033916549000,0,0.65400000,630.10
1622033929239000,0,0.23764717,630.22
1622033952111000,0,2.23999999,629.96
1622033952205000,0,0.00000001,629.96
1622034000394000,0,0.15735766,630.14
1622034002257000,0,2.81857430,630.01
1622034036122000,1,2.24000000,628.32
1622034037821000,1,0.26000000,628.20
1622034038186000,1,1.98000000,628.20
1622034039133000,1,2.24000000,627.75
1622034045562000,0,2.24000000,628.22
1622034107014000,1,2.24000000,626.36
1622034131828000,1,2.24000000,625.60
1622034132092000,1,1.59706000,625.56
1622034132281000,1,0.64294000,625.56
1622034146344000,0,0.04045267,625.68
1622034151929000,1,0.10000000,625.00
1622034152466000,1,6.30000000,624.23
1622034179752000,0,2.24000000,624.15
1622034199999000,1,2.23999999,622.88
1622034220313000,0,0.05621749,623.14
1622034227752000,1,3.28720000,622.11
1622034231467000,0,0.04074108,622.46
1622034268498000,0,0.11103172,621.61
1622034280089000,0,0.11103060,621.20
1622034280817000,0,0.23347219,621.19
1622034282799000,1,1.61059681,620.16
1622034282799000,1,16.35274273,620.15
1622034391878000,0,1.61400000,619.96
1622034392727000,1,3.30311368,619.28
1622034392734000,1,1.61361686,618.92
1622034392734000,1,1.06890000,618.91
1622034392734000,1,1.61397110,618.91
1622034392734000,1,0.93693368,618.89
1622034393436000,1,1.61361686,618.61
1622034393436000,1,1.34867127,618.61
1622034418458000,0,0.00069453,619.96
1622034455833000,0,1.17419789,620.51
1622034472204000,1,1.60826000,621.21
1622034508056000,0,0.04109872,619.93
1622034558566000,1,0.50000000,618.60
1622034562918000,1,0.40266000,617.78
1622034563031000,1,0.00000762,617.78
1622034563031000,1,0.49999238,617.63
1622034564661000,1,0.00000762,617.63
1622034645131000,0,0.78349348,620.24
1622034740093000,0,0.88600000,614.36
1622034740391000,0,1.35400000,614.36
1622034740693000,1,0.33702439,613.55
1622034782674000,0,2.24000000,615.93
1622034786277000,0,2.24000000,616.58
1622034789029000,1,2.24000000,615.86
1622034789447000,1,2.24000000,615.50
1622034800017000,1,1.05156000,615.01
1622034894071000,0,0.47166644,618.44
1622034908501000,0,0.11241559,617.35
1622034911465000,0,1.62105991,617.26
1622034911593000,0,2.24000000,617.27
1622034981727000,1,0.00000553,615.01
1622034985008000,1,3.15325000,614.00
1622034985162000,1,0.00000571,614.00
1622034985162000,1,0.23874567,613.01
1622034985906000,1,0.08000000,613.11
1622035009169000,1,0.11096290,614.33
1622035057517000,0,1.07082156,614.94
1622035066918000,1,2.24000000,613.59
1622035112533000,0,4.06803000,615.17
1622035134506000,1,1.62696000,613.43
1622035137427000,1,0.00000447,613.43
1622035218893000,1,0.74287070,611.16
1622035219435000,1,1.49712930,611.16
1622035219435000,1,1.63445227,611.08
1622035237652000,0,2.24000000,611.38
1622035237652000,0,1.63736707,611.41
1622035237652000,0,1.63672939,611.42
1622035237652000,0,0.34490354,611.42
1622035241527000,1,2.24000000,610.10
1622035250129000,0,0.04160756,609.61
1622035250580000,1,1.00000000,608.15
1622035282846000,1,0.05820582,607.35
1622035297749000,0,0.18110781,607.59
1622035317677000,0,0.06380000,606.98
1622035334786000,1,5.20465662,605.48
1622035345161000,1,3.37580000,605.83
1622035349513000,1,0.00000264,605.83
1622035349513000,1,0.95167902,605.83
1622035353323000,0,0.07898270,606.38
1622035372160000,1,3.36565000,607.44
1622035372243000,1,0.00000253,607.44
1622035383821000,0,0.27090000,607.65
1622035397346000,0,0.10622621,607.41
1622035418687000,0,0.43971467,607.03
1622035430082000,0,0.40887501,608.45
1622035522996000,0,2.24000000,608.00
1622035523000000,0,0.98847860,608.00
1622035542541000,0,1.63935000,610.37
1622035542830000,0,4.09739000,610.65
1622035542996000,0,0.00000437,610.65
1622035542996000,0,1.63867563,610.65
1622035550365000,1,1.63807000,610.19
1622035681260000,0,0.08123665,611.61
1622035720994000,0,0.08119545,610.52
1622035728020000,0,0.08120873,610.48
1622035781027000,0,0.28357409,611.30
1622035784498000,0,0.23760000,610.91
1622035797785000,0,0.04339645,610.57
1622035800188000,0,0.04878271,610.38
1622035838786000,0,0.08109063,613.41
1622035840769000,0,0.08109063,613.41
1622035847281000,0,2.24000000,613.70
1622035847281000,0,2.33630000,613.74
1622035862072000,1,2.24000000,612.41
1622035867585000,1,2.24000000,611.88
1622035867585000,1,1.63284640,611.85
1622035867585000,1,0.30760996,611.84
1622035886007000,1,3.33855000,612.61
1622035936163000,0,0.04730000,614.01
1622035971813000,0,0.08078702,614.48
1622035980890000,0,1.61495188,614.60
1622036003835000,1,1.63084296,612.59
1622036003835000,1,0.00015704,612.54
1622036051056000,1,3.34012778,611.54
1622036183691000,0,0.37911335,614.66
1622036215050000,1,7.22832000,612.48
1622036219745000,0,0.77128822,612.78
1622036249718000,1,2.24000000,607.71
1622036249718000,1,0.62000000,607.68
1622036250934000,1,0.00661269,607.68
1622036280336000,0,1.64832534,607.19
1622036280336000,0,1.07862530,607.25
1622036326331000,1,1.00000000,606.00
1622036383392000,1,3.38016000,604.40
1622036393485000,1,25.69900000,602.00
1622036393633000,1,24.30100000,602.00
1622036425463000,0,1.09100000,604.81
1622036425466000,0,0.00009795,604.81
1622036427752000,1,3.37969946,604.03
1622036437984000,1,3.38032000,604.74
1622036462807000,0,0.54000000,605.86
1622036464137000,0,1.11199693,605.86
1622036474151000,0,0.49319537,606.94
1622036527522000,1,2.50000000,606.15
1622036563285000,0,0.16250103,605.90
1622036596798000,1,3.00000000,606.75
1622036596798000,1,1.64662824,606.74
1622036596798000,1,0.36888757,606.64
1622036700386000,1,3.35681000,609.06
1622036740689000,1,5.00000000,608.18
1622036747330000,0,0.05186775,607.70
1622036769976000,1,2.91000000,605.00
1622036770754000,1,0.00024793,605.00
1622036889517000,0,1.65268808,605.78
1622036889517000,0,10.74563110,605.78
1622036898428000,1,0.23324847,605.00
1622036975519000,1,2.05309886,604.27
1622036993827000,0,0.09620000,604.19
1622036994339000,1,20.95824578,603.20
1622037039907000,1,1.00000000,604.47
1622037047411000,0,1.51198530,604.49
1622037146782000,1,0.50000000,601.00
1622037236217000,0,2.24000000,602.56
1622037243260000,1,1.55639534,602.00
1622037248257000,0,1.00000000,602.00
1622037276083000,0,2.24000000,603.59
1622037295961000,1,1.00000000,600.39
1622037323452000,1,2.07086666,600.00
1622037323452000,1,1.00000000,600.00
1622037324437000,1,3.21200000,597.32
1622037324437000,1,15.27236248,596.43
1622037335269000,1,1.25820474,596.93
1622037340323000,0,0.04241214,597.67
1622037346822000,0,0.36380940,597.92
1622037367175000,0,0.03328538,597.86
1622037378533000,1,1.26000000,595.00
1622037383555000,0,0.08313644,595.33
1622037387672000,1,2.24000000,593.33
1622037388674000,0,3.95070000,593.33
1622037392288000,1,0.26344649,591.91
1622037392393000,1,0.05000000,591.91
1622037400684000,0,0.00000119,593.33
1622037402395000,0,0.07503000,594.23
1622037403769000,0,0.00000357,594.23
1622037434700000,1,3.42857000,595.86
1622037468230000,1,1.68166000,594.26
1622037480700000,1,3.43191000,595.34
1622037493892000,1,1.68248000,593.94
1622037494298000,1,1.68248551,593.39
1622037494298000,1,1.68219449,593.39
1622037513932000,1,3.43861000,594.04
1622037551167000,1,3.43700000,594.73
1622037568674000,0,1.00969545,593.19
1622037568904000,1,2.07282043,591.96
1622037576844000,0,4.00000000,593.17
1622037576844000,0,0.96505000,593.18
1622037592243000,0,0.96505000,593.79
1622037604048000,0,0.14968360,593.79
1622037628034000,1,1.68617000,592.60
1622037643293000,0,4.21765815,593.49
1622037662759000,0,1.68203703,595.07
1622037662759000,0,4.20441297,595.07
1622037699350000,1,0.10667656,597.78
1622037707620000,0,1.24932859,599.49
1622037713369000,1,1.67216000,597.64
1622037713589000,0,0.99660398,598.90
1622037759552000,0,2.24000000,598.95
1622037763986000,0,0.48360000,600.76
1622037793795000,0,1.00000000,600.23
1622037812075000,1,5.00000000,598.26
1622037823632000,0,1.41111000,599.15
1622037844090000,0,1.37896069,599.51
1622037844090000,0,3.44715385,599.51
1622037844090000,0,8.95880529,599.56
1622037844090000,0,3.70000000,599.85
1622037844090000,0,2.24000000,599.86
1622037870507000,0,0.52943911,598.19
1622037872613000,0,1.00000000,597.59
1622037915190000,0,5.00000000,599.00
1622037918931000,0,5.00000000,600.00
1622037959925000,0,2.03856298,599.02
1622037992915000,0,1.11981000,595.84
1622038030709000,0,1.06887000,595.94
1622038031136000,0,1.06868000,596.10
1622038146301000,1,0.40000000,599.81
1622038207335000,1,0.10000000,601.00
1622038227316000,0,1.26708638,602.09
1622038270544000,0,1.10364000,602.11
1622038270544000,0,0.44734823,602.12
1622038319803000,0,3.40771000,601.28
1622038385947000,0,0.08345510,601.02
1622038403085000,0,0.95200000,601.16
1622038426752000,0,0.16550232,601.20
1622038464905000,0,0.10000000,599.00
1622038527031000,0,1.07692554,599.80
1622038527032000,0,1.16307446,599.80
1622038527032000,0,3.41526255,599.82
1622038527032000,0,0.72434975,600.30
1622038527036000,0,2.68854041,600.30
1622038527036000,0,2.61414635,600.41
1622038548570000,1,1.66812000,598.83
1622038606270000,1,2.24000000,599.57
1622038708970000,0,0.08040000,601.86
1622038712586000,0,1.27990000,601.89
1622038816191000,0,3.41141000,600.17
1622038824249000,0,2.24000000,602.36
1622038824249000,0,2.72876973,602.39
1622038854917000,0,3.40115000,601.81
1622038859809000,0,0.00000355,601.81
1622038859809000,0,3.40099645,601.84
1622038879913000,0,3.40256000,601.55
1622038887657000,1,34.01377936,601.50
1622038888172000,1,34.01426086,601.50
1622038888179000,1,1.36073783,601.50
1622038893744000,0,0.00000541,601.84
1622038918866000,0,0.72266445,602.71
1622039006141000,0,3.39714000,602.47
1622039160334000,0,0.98659141,603.87
1622039280249000,1,0.48259271,602.73
1622039312237000,0,30.40423000,603.33
1622039312326000,0,3.50000000,603.33
1622039312476000,0,2.50000000,603.33
1622039312561000,0,6.45729000,603.33
1622039312649000,0,3.50000000,603.33
1622039313969000,0,0.11765371,603.67
1622039331670000,1,2.24000000,603.34
1622039331750000,1,51.02960000,603.31
1622039377050000,0,7.05160000,602.92
1622039402124000,0,0.07650000,603.82
1622039453906000,0,0.16176047,601.98
1622039707442000,1,0.03400000,605.03
1622039760279000,0,1.45018489,604.58
1622039823869000,1,3.38481000,603.97
1622039826096000,1,0.00000279,603.97
1622039913314000,1,1.65232000,604.51
1622039942397000,1,6.05012055,605.54
1622040301189000,0,2.24000000,605.27
1622040301189000,0,1.07400594,605.30
1622040349515000,1,1.00000000,605.90
1622040393068000,1,0.11293166,606.02
1622040393747000,1,0.11293166,606.21
1622040477688000,0,0.07980000,606.45
1622040498095000,0,0.22860000,605.98
1622040536062000,1,0.11290003,606.35
1622040542322000,0,1.29038733,607.49
1622040600263000,1,0.05072209,605.54
1622040600389000,0,0.34420000,606.70
1622040624375000,1,0.17215400,605.60
1622040714098000,0,0.07980000,607.00
1622040733953000,1,3.37078000,606.71
1622040824659000,0,0.73307948,606.66
1622040882077000,0,10.70000000,606.16
1622040921348000,1,2.24000000,606.20
1622041023889000,0,0.17640000,604.33
1622041029636000,0,0.32952874,605.41
1622041084234000,1,1.65360000,604.39
1622041087522000,1,1.65532000,603.66
1622041192495000,0,2.24000000,605.78
1622041192495000,0,6.70834094,605.81
1622041192495000,0,3.38459411,605.83
1622041192495000,0,1.10504411,605.88
1622041229901000,0,0.66019674,605.61
1622041284446000,1,2.24000000,603.49
1622041284446000,1,7.38193359,603.46
1622041284446000,1,1.67556231,603.36
1622041372388000,1,2.46600000,602.95
1622041372436000,1,5.30633867,602.95
1622041373051000,1,21.10466133,602.95
1622041417697000,0,1.22996821,603.54
1622041417771000,0,1.22900000,603.64
1622041418522000,1,1.88571747,603.12
1622041490553000,1,5.00000000,603.88
1622041556520000,1,4.00000000,599.72
1622041556520000,1,0.95059977,599.71
1622041557132000,1,2.03856298,599.75
1622041560378000,1,7.40454000,599.68
1622041575915000,0,0.93974843,599.23
1622041582422000,0,0.70485933,598.86
1622041629947000,1,3.41327000,599.45
1622041632148000,1,0.77128822,598.64
1622041651031000,0,0.33376167,599.23
1622041669197000,0,0.52845695,599.37
1622041675720000,0,0.39636915,599.20
1622041680247000,0,0.04822535,599.18
1622041718854000,0,0.10000000,601.00
1622041838111000,1,0.03951747,600.76
1622041985847000,1,1.65626537,603.37
1622041985847000,1,3.38847300,603.36
1622041986070000,0,0.04976730,604.31
1622042110434000,0,1.27100000,599.64
1622042110617000,0,9.17735930,599.63
1622042110617000,0,0.96900000,599.64
1622042141919000,1,3.41172000,599.71
1622042160326000,0,0.70621783,601.63
1622042263385000,0,0.29727793,597.68
1622042271817000,0,0.05298530,597.70
1622042287751000,1,2.50000000,596.39
1622042288645000,1,3.30000000,596.39
1622042410030000,1,0.60000000,595.00
1622042412989000,0,0.20968055,595.46
1622042425971000,1,0.10000000,594.37
1622042426303000,1,1.24932859,594.37
1622042441791000,0,3.06457000,595.94
1622042442256000,0,0.00000631,595.94
1622042442256000,0,0.25005653,596.49
1622042448086000,0,0.04991035,597.01
1622042473639000,1,0.20935000,594.10
1622042476052000,1,0.00000869,594.10
1622042476052000,1,2.23999131,594.10
1622042490553000,0,0.15745342,594.90
1622042496713000,0,20.50000000,594.74
1622042496919000,0,13.00000000,594.74
1622042497011000,0,0.04276603,594.74
1622042497044000,0,4.00000000,594.74
1622042497155000,0,5.50000000,594.74
1622042498949000,0,16.13185000,594.74
1622042499181000,0,2.50000000,594.74
1622042499307000,0,7.71416000,594.74
1622042503457000,1,3.44361000,594.29
1622042505917000,0,0.00000202,594.74
1622042505917000,0,0.05841298,595.12
1622042520030000,0,0.15823035,595.17
1622042570689000,0,0.10000000,595.50
1622042637895000,1,3.43876000,595.21
1622042651850000,0,1.16488415,595.25
1622042651850000,0,1.16491527,595.27
1622042662434000,1,1.67634000,595.94
1622042698743000,1,4.19572000,595.50
1622042743719000,1,0.00000908,595.50
1622042921208000,1,3.43460000,596.26
1622042925578000,1,3.43767000,595.61
1622042952402000,1,3.43559000,595.94
1622042983113000,1,0.00000713,595.61
1622043000561000,0,0.08618300,596.42
1622043026968000,0,4.18837000,597.25
1622043027308000,0,0.00000109,597.25
1622043027410000,0,3.05976000,597.41
1622043027531000,0,3.00000000,597.41
1622043027634000,0,4.82994000,597.41
1622043027849000,0,0.00000224,597.41
1622043058102000,1,0.03975494,598.24
1622043169149000,0,0.14480000,602.17
1622043189429000,1,2.82994000,600.84
1622043190995000,0,0.42980000,601.11
1622043227363000,1,2.50000000,601.15
1622043227435000,1,0.90693000,601.15
1622043238640000,1,0.00000821,601.15
1622043238640000,1,3.40714179,601.00
1622043260819000,0,1.66436940,601.32
1622043261098000,0,4.16178312,601.36
1622043266594000,1,3.40437000,601.35
1622043273771000,1,0.00000387,601.35
1622043278706000,1,0.07968200,600.39
1622043294774000,0,1.00353961,600.89
1622043394820000,0,0.04820000,602.73
1622043448895000,0,0.04830000,602.05
1622043462691000,0,0.04830000,602.44
1622043470514000,0,0.61776996,601.79
1622043733767000,0,0.33079467,599.62
1622043878511000,0,1.60536166,600.34
1622044080327000,0,0.22477083,597.49
1622044091557000,0,0.10728985,596.21
1622044098014000,0,0.08047008,595.90
1622044098087000,1,0.03983496,594.87
1622044104496000,0,0.06035054,596.11
1622044117027000,0,0.04526442,596.06
1622044183898000,0,0.15370000,599.41
1622044247052000,1,3.40721000,601.20
1622044248197000,1,0.00000239,601.20
1622044406309000,1,0.08537100,598.36
1622044485858000,0,2.24000000,599.93
1622044485858000,0,7.18898526,600.02
1622044490653000,1,1.66741757,599.08
1622044490653000,1,1.66740243,599.08
1622044497242000,0,0.24916949,599.03
1622044535784000,0,2.12915440,598.00
1622044535833000,0,0.11084560,598.00
1622044557304000,1,3.42322000,598.32
1622044576773000,1,0.14481744,597.91
1622044608504000,0,0.24260000,598.43
1622044629367000,1,4.00000000,598.70
1622044629420000,1,0.17298178,598.70
1622044629420000,1,1.49501822,598.50
1622044629441000,1,0.17355124,598.50
1622044629520000,1,10.84602682,598.38
1622044708215000,0,0.07747182,599.96
1622044729205000,0,1.66350551,601.46
1622044746211000,1,0.33323336,602.76
1622044769901000,0,0.05756961,603.97
1622044779535000,0,0.10000000,604.00
1622044783280000,1,5.00000000,603.63
1622044783437000,1,1.65535000,603.59
1622044827976000,0,1.66223000,602.07
1622044837967000,0,0.11330000,603.62
1622044867195000,0,1.70000000,602.07
1622044873797000,0,0.27575425,602.72
1622044997235000,1,1.00000000,604.99
1622045018244000,1,2.49500000,606.00
1622045018275000,1,0.73638613,606.00
1622045022254000,0,1.65000000,606.35
1622045022326000,0,0.00054088,606.35
1622045023175000,1,0.71591235,605.69
1622045043845000,0,0.02020000,607.00
1622045191477000,0,2.24000000,610.69
1622045226938000,0,0.60000000,610.65
1622045290303000,1,2.24000000,606.74
1622045315725000,0,0.06530467,607.72
1622045333321000,0,0.04780000,608.31
1622045356569000,0,1.21913432,607.39
1622045425102000,1,0.05143296,606.10
1622045448986000,1,0.46253000,604.38
1622045453544000,1,0.00000747,604.38
1622045454663000,1,5.00000000,603.46
1622045520136000,0,0.04820000,602.97
1622045678425000,0,0.06542797,603.18
1622045807153000,0,0.85000000,606.14
1622045807303000,0,2.53365829,606.14
1622045880321000,0,0.40865861,609.00
1622045900713000,0,0.17860459,609.21
1622045949479000,1,1.64000000,608.17
1622045949621000,1,0.00089370,608.17
1622045973011000,0,3.37233000,608.63
1622045977072000,0,0.00000230,608.63
1622046000292000,0,1.07255560,609.27
1622046050498000,1,0.86000000,608.03
1622046076260000,0,0.10000000,610.00
