timestamp ms,type,amount,price
1627516890162000,1,3.10000000,431.7000
1627516890162000,1,4.88616798,431.6900
1627516890162000,1,1.37108824,431.6900
1627516895191000,1,5.75000000,431.7600
1627516895204000,1,0.00144605,431.7600
1627516901386000,1,29.86100787,430.6500
1627516906705000,1,4.88812524,431.3300
1627516906705000,1,2.05045452,431.2200
1627516923141000,1,0.08036000,431.2200
1627516923474000,1,2.03904262,431.2200
1627516923474000,1,5.75144605,431.2200
1627516923474000,1,1.96983292,431.2200
1627516936670000,1,0.23096707,430.9000
1627516936670000,1,5.74903293,430.9000
1627516936762000,1,0.00241312,430.9000
1627516936762000,1,14.95696978,430.8700
1627516940217000,1,2.00000000,430.5800
1627516942039000,1,2.30000000,430.5500
1627516943800000,1,2.00000000,430.1600
1627516943800000,1,4.90080081,430.1400
1627516943800000,1,1.33698821,429.9900
1627516949810000,1,3.63074770,429.8700
1627516963304000,1,5.74643629,429.6000
1627516980242000,1,1.69252473,429.8400
1627516980242000,1,4.08747527,429.8400
1627516980744000,1,1.66397078,429.8400
1627516980744000,1,8.06602922,429.8400
1627516980809000,1,0.00624737,429.8400
1627516989648000,0,4.91090000,430.1500
1627516996743000,1,2.16770000,429.7800
1627516999711000,1,2.00000000,429.7800
1627517002166000,1,6.39764206,429.7700
1627517033751000,1,1.37880000,429.6700
1627517034369000,1,1.40835994,429.6700
1627517034402000,1,1.00820000,429.6700
1627517034484000,1,6.10831256,429.6700
1627517039761000,1,0.45409967,429.3800
1627517043331000,1,0.28185923,429.4000
1627517050957000,1,2.69000000,429.4000
1627517050991000,1,3.06144605,429.4000
1627517052027000,1,2.30000000,429.3300
1627517055669000,1,2.30046884,429.1000
1627517055669000,1,5.75144605,429.1000
1627517055669000,1,3.26809790,429.1000
1627517058039000,1,2.00000000,428.8200
1627517058039000,1,3.97170448,428.8000
1627517064047000,1,2.00000000,428.8400
1627517064047000,1,4.91818385,428.8200
1627517073459000,1,2.30046884,428.8000
1627517073459000,1,5.75144605,428.8000
1627517073459000,1,8.14808511,428.7800
1627517073542000,1,0.00795051,428.7800
1627517092758000,1,2.80877690,428.6500
1627517096273000,1,7.80000000,428.8800
1627517103247000,1,7.70000000,428.8100
1627517124242000,1,7.07002000,428.7800
1627517148206000,1,3.57912075,428.7800
1627517148206000,1,5.75087925,428.7800
1627517148283000,1,0.00056680,428.7800
1627517153302000,1,7.80000000,428.3700
1627517162100000,0,0.07418403,428.7100
1627517170868000,1,2.83707007,428.4100
1627517200818000,1,4.91373124,429.2500
1627517210668000,1,4.35450261,429.2500
1627517210668000,1,4.26549739,429.2500
1627517210803000,1,0.00471748,429.2500
1627517235372000,1,4.49269664,428.7400
1627517242442000,1,3.30730336,428.7400
1627517275441000,1,4.91615502,429.0900
1627517625694000,0,2.50000000,431.2800
1627517665731000,1,2.30046884,432.4400
1627517665731000,1,5.75144605,432.4400
1627517665731000,1,2.01810511,432.4400
1627517665862000,1,4.50000000,432.4400
1627517666273000,1,1.51378000,432.4400
1627517672818000,1,2.42986559,431.8000
1627517689756000,1,4.87818506,432.3400
1627517725103000,1,0.46000000,432.0300
1627517729820000,1,7.70000000,431.7200
1627517729820000,1,4.88593626,431.7200
1627517729820000,1,7.98332025,431.5700
1627517729820000,1,4.73187686,431.5300
1627517733289000,1,7.70000000,431.7600
1627517733289000,1,4.88593626,431.7200
1627517789544000,1,7.80000000,432.0600
1627517794907000,1,7.70000000,432.0600
1627517797409000,1,4.88210506,432.1500
1627517802854000,1,4.88137711,432.1800
1627517828162000,1,5.75144605,432.1800
1627517828680000,1,2.58000000,432.1800
1627517828686000,1,0.00007729,432.1800
1627517830950000,1,0.21366858,431.7700
1627517834474000,1,7.48633142,431.7700
1627517837968000,1,7.70000000,431.7700
1627517850396000,1,4.88469318,431.8000
1627517850396000,1,6.63344789,431.8000
1627517853905000,1,4.88274349,432.0100
1627517867909000,1,2.30046884,432.2500
1627517867909000,1,5.54430429,432.2500
1627517887043000,1,5.75144605,431.9400
1627517887043000,1,2.00855395,431.9400
1627517892980000,1,7.70000000,431.4300
1627517892980000,1,4.88601097,431.3300
1627517898990000,1,7.70000000,431.4300
1627517898990000,1,4.88601097,431.3300
1627517960471000,1,2.30046884,432.8300
1627517960471000,1,5.75144605,432.8300
1627517960471000,1,14.85808511,432.8300
1627517960607000,1,0.00465576,432.8300
1627517967576000,1,4.60993409,432.3900
1627517971064000,1,7.70000000,432.3900
1627517998124000,1,4.88271940,432.1000
1627517998124000,1,7.80000000,432.1000
1627518005070000,1,1.65998514,432.3800
1627518008567000,1,2.15766028,432.3800
1627518012102000,1,3.88235458,432.3800
1627518028303000,1,0.99000000,432.3200
1627518028355000,1,0.83000000,432.3200
1627518029355000,1,0.67196695,432.3200
1627518032173000,1,7.80000000,431.9000
1627518032173000,1,8.15407628,431.7000
1627518032173000,1,4.88278884,431.6900
1627518043071000,1,4.92427851,431.3300
1627518053458000,1,1.13598371,431.3300
1627518053458000,1,2.16876062,431.3300
1627518060616000,1,2.48222416,430.8300
1627518066167000,1,2.50000000,430.8400
1627518066167000,1,7.70000000,430.7600
1627518079220000,1,7.80000000,430.2300
1627518082682000,1,7.70000000,430.0500
1627518082682000,1,4.90168084,430.0100
1627518202737000,1,4.90198075,430.5000
1627518205166000,1,4.45275155,430.5000
1627518256721000,1,2.30046884,430.5000
1627518256721000,1,1.19953116,430.5000
1627518257404000,1,5.75144605,430.5000
1627518257404000,1,2.08143105,430.5000
1627518257861000,1,0.11000000,430.5000
1627518257876000,1,3.95289214,430.5000
1627518363324000,1,4.90995949,430.2800
1627518364414000,1,0.84148656,430.2800
1627518364414000,1,2.30046884,430.2800
1627518364414000,1,1.76800409,430.2800
1627518480090000,1,2.30046884,429.9800
1627518480090000,1,2.61315433,429.9800
1627518484884000,1,2.51470238,429.9800
1627518486369000,1,0.05029405,429.9800
1627518489706000,1,0.00102641,429.9800
1627518511076000,0,4.91370000,429.9300
1627518569850000,1,1.54870000,429.5300
1627518570803000,1,1.33710000,429.5300
1627518592680000,0,1.01090000,429.6500
1627518629121000,1,1.13300000,429.5300
1627518630432000,1,3.00000000,429.5300
1627518630466000,1,1.02980000,429.5300
1627518630845000,1,0.27256282,429.5300
1627518630845000,1,8.13659156,429.5300
1627518630845000,1,2.30046884,429.5300
1627518637442000,1,2.30000000,429.1500
1627518638587000,1,4.01661243,428.9800
1627518677841000,0,4.91480000,429.8000
1627518677945000,0,0.00009791,429.8000
1627518708722000,1,2.30046884,429.6200
1627518708722000,1,1.22073116,429.6200
1627518715108000,1,1.01860000,429.4700
1627518785235000,1,2.30046884,429.2800
1627518785235000,1,5.75144605,429.2800
1627518785235000,1,7.88808511,429.2800
1627518785245000,1,0.00171645,429.2800
1627518821749000,1,7.80000000,429.0400
1627518821749000,1,2.39546301,429.0100
1627518824249000,1,0.80264052,429.0100
1627518827729000,1,2.57400000,429.0100
1627518919494000,1,3.49283014,428.4600
1627518946854000,1,1.60927919,428.2300
1627518953859000,1,4.92619110,428.3200
1627518960838000,1,2.83845999,428.4800
1627518991892000,1,4.33179505,428.4600
1627518994384000,1,3.36820495,428.4600
1627518994384000,1,4.45592276,428.4600
1627518994906000,1,0.46916636,428.4600
1627519012047000,1,1.07770000,428.7400
1627519012410000,1,1.22276884,428.7400
1627519012410000,1,5.75144605,428.7400
1627519012410000,1,3.92578511,428.7400
1627519012527000,1,4.49798027,428.7400
1627519025183000,1,5.75000000,428.1900
1627519037492000,1,4.92793440,428.1500
1627519037492000,1,1.59998918,428.0900
1627519051925000,1,6.40792613,427.9500
1627519057968000,1,6.40792000,427.9600
1627519058564000,1,1.29207387,427.9500
1627519064011000,1,1.29207000,427.9600
1627519124630000,1,7.10284828,428.2300
1627519140579000,1,7.80000000,427.9500
1627519140579000,1,4.93153117,427.9000
1627519144065000,1,4.93153117,427.9000
1627519185087000,1,3.16844364,428.2100
1627519224158000,1,0.15823240,428.3000
1627519236016000,1,2.30046884,428.3000
1627519236016000,1,1.69953116,428.3000
1627519236083000,1,3.18621000,428.3000
1627519236087000,1,0.86570489,428.3000
1627519236087000,1,7.80305113,428.3000
1627519282673000,1,4.92886886,428.1100
1627519343726000,1,4.93095287,427.9600
1627519352435000,1,2.30000000,427.8600
1627519352518000,1,0.00046884,427.8600
1627519353737000,1,1.09036310,427.7500
1627519353737000,1,2.29963690,427.7500
1627519356792000,1,4.68593699,427.5000
1627519382731000,0,4.14000000,428.7400
1627519384790000,1,4.92839720,428.1200
1627519393844000,0,2.00000000,428.7400
1627519396298000,1,2.00000000,428.3500
1627519396298000,1,4.92645362,428.3300
1627519414053000,1,0.48182057,428.3300
1627519414053000,1,5.75144605,428.3300
1627519414053000,1,1.59490928,428.3300
1627519414375000,1,0.72439601,428.3300
1627519414411000,1,3.81454802,428.3300
1627519435964000,1,8.33095399,427.9500
1627519447032000,1,2.13440068,427.9500
1627519447032000,1,4.14559932,427.9500
1627519448515000,0,3.00000000,428.0000
1627519448585000,0,1.93659000,428.0000
1627519530498000,1,7.86721072,427.3900
1627519530498000,1,4.93363152,427.2900
1627519530498000,1,14.13950662,427.2800
1627519534435000,1,4.49048543,427.4000
1627519537908000,1,1.73585367,427.4500
1627519567948000,1,2.82518000,427.7400
1627519747796000,1,4.92833442,428.1500
1627519765543000,1,4.61409916,428.0000
1627519765543000,1,2.30046884,428.0000
1627519765543000,1,3.18543200,428.0000
1627519767089000,1,4.00000000,428.0000
1627519842258000,1,4.14000000,427.9500
1627519842756000,1,13.64740000,427.9500
1627519900982000,1,0.14000000,427.9400
1627519900982000,1,0.48000000,427.9400
1627519901002000,1,0.96208372,427.9400
1627520014982000,1,6.53977811,427.2500
1627520029047000,1,4.93651180,427.3500
1627520029047000,1,1.26022189,427.2500
1627520032452000,1,2.66470065,427.3500
1627520035962000,1,2.27181115,427.3500
1627520035962000,1,7.80000000,427.3500
1627520057005000,1,4.93445586,427.5600
1627520073521000,1,5.44804512,428.1100
1627520080095000,1,2.30046884,428.1100
1627520080095000,1,1.69953116,428.1100
1627520080160000,1,4.05190000,428.1100
1627520082428000,1,0.00001489,428.1100
1627520082428000,1,5.91966310,428.0300
1627520082512000,1,2.26628646,428.0300
1627520087552000,1,2.30046884,427.7200
1627520087552000,1,0.79052116,427.7200
1627520087913000,1,1.76000000,427.7200
1627520087955000,1,0.07591295,427.7200
1627520087982000,1,2.33660726,427.7200
1627520088231000,1,9.99392841,427.7200
1627520088231000,1,5.74607159,427.7200
1627520088755000,1,0.00537446,427.7200
1627520095637000,1,7.81161786,427.1900
1627520095637000,1,1.66019000,427.1900
1627520095637000,1,7.80000000,427.1800
1627520096755000,1,4.93605962,427.3700
1627520096755000,1,3.24201720,427.1900
1627520107002000,0,0.33060000,427.7200
1627520303865000,0,1.96000000,427.1500
1627520303917000,0,0.04000000,427.1500
1627520327111000,0,2.00000000,427.0900
1627520342276000,0,0.95831568,427.1500
1627520378831000,1,4.94000000,426.1900
1627520433911000,1,2.00000000,426.5800
1627520434391000,1,6.67823000,426.5800
1627520445886000,1,3.07976000,426.6000
1627520452847000,1,2.41509881,426.4700
1627520452847000,1,2.29490119,426.4700
1627520453940000,1,0.00556765,426.4700
1627520455111000,1,2.00000000,426.2300
1627520455111000,1,2.00000000,426.0100
1627520455843000,1,0.42479625,425.9800
1627520458424000,1,0.42479000,425.9900
1627520458424000,1,3.01992132,425.9800
1627520458829000,1,2.59513000,425.9900
1627520458829000,1,0.42479132,425.9800
1627520459339000,1,0.42479132,425.9800
1627520461421000,1,3.60569979,425.9800
1627520499878000,1,3.53651925,426.0500
1627520502500000,1,4.95245953,426.0300
1627520502500000,1,4.94906605,425.8700
1627520505944000,1,1.61134883,426.0300
1627520532927000,1,3.34111070,426.0300
1627520532927000,1,6.88543032,426.0300
1627520536395000,1,0.91456968,426.0300
1627520536395000,1,4.95245953,426.0300
1627520536912000,1,4.95245953,426.0300
1627520605977000,1,4.94245539,426.1700
1627520616495000,1,0.00881529,426.1700
1627520622488000,1,3.77230683,426.1700
1627520739624000,1,4.94087694,426.9400
1627520739624000,1,0.80977650,426.9400
1627520753686000,1,6.99022350,426.9400
1627520753686000,1,1.36635718,426.9400
1627520790261000,1,7.80000000,427.4400
1627520790261000,1,0.15138905,427.4000
1627520793739000,1,4.78413717,427.4000
1627520797239000,1,4.93552622,427.4000
1627520812231000,1,4.93552622,427.4000
1627520818228000,1,4.70785512,427.4000
1627520878228000,1,4.88707232,427.4800
1627520918580000,1,0.29000000,427.4800
1627520999976000,1,2.42878328,427.2600
1627521011003000,1,4.85779518,426.9900
1627521024895000,1,3.44263544,427.0200
1627521032738000,1,1.48000000,427.0200
1627521033160000,1,0.82000000,427.0200
1627521033732000,0,2.00000000,427.0900
1627521038941000,0,2.00000000,427.0500
1627521040779000,1,4.09000000,427.0200
1627521041487000,1,0.25706012,427.0200
1627521041526000,1,1.40438593,427.0200
1627521041526000,1,2.55782569,427.0200
1627521041633000,1,0.54424984,427.0200
1627521042488000,1,2.82704021,426.6100
1627521044930000,1,4.97295979,426.6100
1627521053104000,0,2.00000000,426.6700
1627521056381000,1,0.17498078,426.3800
1627521076025000,0,4.95388000,426.3900
1627521089400000,1,0.00037849,425.9200
1627521092046000,1,1.99962151,425.9200
1627521095910000,1,3.75182454,425.9200
1627521112427000,1,2.30046884,425.9300
1627521132593000,1,5.75144605,425.9300
1627521132593000,1,2.29855395,425.9300
1627521132653000,1,0.00191489,425.9300
1627521139494000,0,3.50000000,425.9500
1627521139556000,0,1.45904000,425.9500
1627521151502000,1,1.03712784,425.5700
1627521176591000,0,3.51488000,425.9200
1627521181073000,0,3.00000000,425.9200
1627521181148000,0,1.28512000,425.9200
1627521183757000,0,2.00000000,425.9300
1627521194345000,1,2.30046884,425.6300
1627521194345000,1,0.90953116,425.6300
1627521196455000,1,4.11000000,425.6300
1627521217534000,1,0.21989967,425.3500
1627521220048000,1,7.68010033,425.3500
1627521220048000,1,1.14051513,425.1900
1627521251091000,1,7.90000000,425.0800
1627521254648000,1,3.21471002,425.0900
1627521258099000,1,4.68528998,425.0900
1627521306521000,1,2.30000000,426.0500
1627521306549000,1,0.00046884,426.0500
1627521308502000,1,2.20154503,425.9400
1627521308823000,1,0.09892380,425.9400
1627521308824000,1,0.00000001,425.9400
1627521320749000,1,0.04910846,425.6500
1627521320749000,1,14.95089154,425.6500
1627521321209000,1,7.80000000,425.4000
1627521321209000,1,2.64741829,425.3000
1627521326242000,1,7.80000000,425.4000
1627521332205000,1,2.30000000,425.4000
1627521332226000,1,7.80000000,425.2200
1627521336966000,1,2.62898599,425.2300
1627521344650000,1,7.90000000,425.0500
1627521392224000,1,1.03065882,425.0000
1627521392290000,1,0.50000000,424.9400
1627521397760000,1,1.03065000,425.0100
1627521415717000,1,2.00000000,425.0200
1627521453823000,1,7.90000000,424.9800
1627521460798000,1,6.48526245,425.0600
1627521461281000,1,1.31473755,425.0600
1627521461773000,1,1.65495693,425.0600
1627521464342000,1,1.51991945,425.0600
1627521512013000,1,2.30046884,425.4600
1627521512013000,1,2.99953116,425.4600
1627521512404000,1,4.59412240,425.4600
1627521512404000,1,2.02587760,425.4600
1627521514220000,1,2.30000000,425.4600
1627521515685000,1,1.73768485,425.4600
1627521515876000,1,4.01376120,425.4600
1627521536432000,1,8.21128777,424.9000
1627521536432000,1,7.80000000,424.9000
1627521536432000,1,4.95910276,424.8900
1627521541942000,1,2.00000000,424.9400
1627521544962000,1,2.40974731,424.9400
1627521549878000,0,0.08010000,425.1200
1627521550025000,0,4.00000000,425.1200
1627521550091000,0,0.88807711,425.1200
1627521552189000,0,3.28423000,425.2800
1627521552253000,0,4.50000000,425.2800
1627521556356000,1,0.70000000,424.9500
1627521556356000,1,4.96926633,424.9100
1627521556909000,1,0.60000000,424.9600
1627521556909000,1,11.06205258,424.9500
1627521557359000,1,11.06205000,424.9600
1627521557359000,1,1.65357958,424.9500
1627521557870000,1,0.70000000,424.9600
1627521557870000,1,0.59998784,424.9500
1627521558354000,1,0.70000000,424.9700
1627521558354000,1,0.25357958,424.9600
1627521558857000,1,0.25357958,424.9600
1627521560057000,1,2.30046884,424.9600
1627521560057000,1,1.29998526,424.9500
1627521560057000,1,0.64954590,424.9500
1627521560120000,1,0.00381837,424.9500
1627521747003000,0,1.06844689,424.6000
1627521906847000,1,0.07183000,423.5600
1627522076864000,0,4.98160000,423.9800
1627522102810000,1,3.05422946,423.8000
1627522111049000,1,0.04998000,423.8000
1627522111178000,1,2.25048884,423.8000
1627522111178000,1,5.75144605,423.8000
1627522111178000,1,7.43332701,423.8000
1627522111758000,1,0.17744166,423.8000
1627522112111000,1,0.08758368,423.8000
1627522121327000,1,7.90000000,423.4400
1627522121327000,1,4.86263088,423.3300
1627522133226000,1,1.59370000,423.3300
1627522133417000,1,0.51011382,423.3300
1627522133417000,1,0.49088618,423.3300
1627522137283000,1,7.90000000,423.0700
1627522137283000,1,7.30885292,423.0500
1627522139822000,1,11.61195951,423.1800
1627522194832000,1,2.35541665,423.2800
1627522245006000,1,0.22292014,423.5700
1627522306646000,0,0.07180000,423.9600
1627522319459000,1,3.48575005,423.7100
1627522324767000,1,2.30046884,423.7100
1627522324767000,1,5.75144605,423.7100
1627522324767000,1,4.06808511,423.7100
1627522324862000,1,3.56445657,423.7100
1627522385147000,1,1.17539400,423.4300
1627522388637000,1,1.93941250,423.4300
1627522427102000,1,3.07105767,423.6500
1627522453633000,1,4.97765945,423.7400
1627522459703000,0,0.00003759,423.9800
1627522459703000,0,10.39056241,424.2500
1627522508028000,1,7.61160192,424.0200
1627522508028000,1,2.30046884,424.0200
1627522508028000,1,5.74792924,424.0200
1627522508034000,1,0.00351681,424.0200
1627522513678000,1,7.63510192,423.9900
1627522514228000,1,8.04839808,423.9900
1627522624885000,1,12.66275000,424.6000
1627522728378000,1,1.97820000,424.7600
1627522734464000,1,9.73834717,424.6900
1627522811060000,1,1.68399208,424.6700
1627522822010000,1,7.80000000,424.6600
1627522857490000,1,1.93275803,424.6700
1627523022473000,1,5.75144605,424.8600
1627523022473000,1,1.07765395,424.8600
1627523022562000,1,1.04050000,424.8600
1627523022696000,1,1.02310000,424.8600
1627523024651000,1,0.30208180,424.6700
1627523044608000,1,5.56516017,424.6700
1627523056205000,1,4.63268273,424.5400
1627523058644000,1,0.15637939,424.5500
1627523062140000,1,0.44248248,424.5500
1627523064864000,0,1.07319158,424.8600
1627523079753000,1,1.04950000,424.5500
1627523084822000,1,3.29786683,424.5500
1627523084940000,1,2.30903375,424.5500
1627523084940000,1,0.69096625,424.5500
1627523086138000,1,1.23378984,424.5500
1627523086141000,1,0.37571275,424.5500
1627523086141000,1,3.12428725,424.5500
1627523086201000,1,2.62715880,424.5500
1627523097293000,1,2.00000000,423.8800
1627523117176000,1,4.97662499,423.7600
1627523124673000,1,4.96581686,423.7600
1627523134026000,0,0.14160000,424.1200
1627523142210000,1,1.23371814,423.7600
1627523142343000,1,4.51772000,423.7600
1627523150216000,1,7.80000000,423.5200
1627523169671000,1,1.75193806,423.6500
1627523237436000,0,7.97000000,425.0200
1627523237489000,0,3.00000000,425.0100
1627523237489000,0,8.34951901,425.0500
1627523237816000,0,1.00650000,425.0900
1627523237992000,0,3.96670000,425.0900
1627523238027000,0,0.00009441,425.0900
1627523277572000,1,2.30046884,425.6700
1627523277572000,1,1.38273116,425.6700
1627523277685000,1,1.00620000,425.6700
1627523278012000,1,2.01710000,425.6700
1627523279167000,1,1.16700000,425.6700
1627523284860000,1,4.61280995,425.2700
1627523288332000,1,4.00940529,425.3000
1627523302896000,1,3.00000000,425.0100
1627523303320000,1,4.04603000,425.0100
1627523354302000,1,7.90000000,425.1600
1627523379387000,0,2.00000000,425.4600
1627523379387000,0,4.96282463,425.5100
1627523379491000,0,4.96282463,425.5100
1627523423863000,1,4.96006357,425.1800
1627523463896000,1,1.77377573,425.1700
1627523532626000,1,4.96098790,425.0700
1627523534923000,1,4.96098790,425.0700
1627523538937000,1,1.73832339,425.0700
1627523628997000,0,4.96980000,424.8700
1627524471371000,0,0.10910000,425.9300
1627524665922000,0,0.00000410,426.3900
1627524762315000,0,9.93920000,426.6000
1627524810641000,1,7.24630000,426.6500
1627525099139000,0,0.06800000,426.9500
1627525352243000,0,2.00000000,427.0000
1627525401444000,0,2.00000000,426.6600
1627525407905000,0,2.00000000,426.6900
1627525408170000,0,2.00000000,426.6900
1627525440785000,0,2.00000000,426.8800
1627525634052000,0,4.17421000,429.9000
1627525634133000,0,3.62579000,429.9000
1627525639974000,1,2.32350000,429.8300
1627525640043000,1,0.00007124,429.8300
1627525640043000,1,1.06402876,429.8100
1627525640106000,1,4.74614052,429.8100
1627525640218000,1,2.32502209,429.8000
1627525657520000,0,2.32310000,430.8400
1627525684596000,1,0.58638600,430.1900
1627525790491000,0,2.00000000,430.5400
1627525790495000,0,3.00000000,430.5500
1627525790495000,0,3.90000000,430.5600
1627525790843000,0,1.00420066,430.5600
1627525886744000,0,4.91374797,429.8000
1627526237562000,0,4.91000000,429.7600
1627526295887000,0,1.25760000,429.6700
1627526341406000,1,2.00000000,429.3900
1627526341638000,1,1.00000000,429.3700
1627526342152000,1,2.00000000,429.3800
1627526344676000,1,2.00000000,429.4000
1627526345415000,1,2.00000000,429.4000
1627526346423000,1,1.96000000,429.3800
1627526355935000,1,3.00000000,429.3500
1627526355935000,1,48.06833000,429.3400
1627526356003000,1,44.62227000,429.3500
1627526404581000,1,2.33008000,428.7800
1627526408903000,0,6.36970000,428.8800
1627526409035000,0,1.00980000,428.8800
1627526410754000,0,2.08820000,428.9500
1627526410877000,0,1.09500000,428.9500
1627526512837000,0,1.25960000,429.0100
1627526733692000,0,2.00000000,428.5900
1627526733692000,0,3.64900000,428.6600
1627526828698000,0,2.00000000,428.2600
1627526828759000,0,4.92750185,428.2800
1627527493010000,0,0.13411356,426.4100
1627527770820000,1,4.95120000,425.6500
1627527771118000,1,0.00008996,425.6500
1627527861224000,1,3.22670000,426.2000
1627528142450000,0,0.12930000,426.6500
1627528536431000,0,0.39000000,426.0700
1627528564136000,0,4.95503691,425.9200
1627528564353000,0,4.95000000,425.9200
1627528785233000,0,2.00000000,426.0900
1627528787336000,0,2.00000000,426.0700
1627529178980000,0,4.95000000,425.6900
1627529204942000,0,4.95522601,425.9700
1627529204942000,0,3.00000000,426.0200
1627529204942000,0,7.80000000,426.0300
1627529205003000,1,14.24477399,426.1500
1627529205061000,1,3.00000000,426.0400
1627529415210000,0,2.00000000,425.0300
1627529577345000,0,0.11390000,424.7900
1627529596487000,0,2.00000000,424.9700
1627529701084000,1,1.28840000,424.7700
1627529966927000,0,7.80000000,426.6100
1627530497672000,0,1.96000000,425.6800
1627530499800000,0,0.07009674,425.8400
1627530623493000,0,7.80000000,426.8400
1627530930129000,0,4.95000000,425.7300
1627530930133000,0,0.00703511,425.7300
1627531109715000,0,3.50000000,426.0000
1627531558117000,0,4.94000000,427.7000
1627531558119000,0,0.00123543,427.7000
1627531877479000,0,0.09310000,426.3900
1627532040912000,0,0.23100917,427.3400
1627532542396000,0,2.00000000,428.4900
1627532542396000,0,3.00000000,428.5000
1627532542396000,0,7.80000000,428.5400
1627532930409000,0,2.00000000,428.7900
1627532930409000,0,2.40000000,428.8000
1627532930409000,0,4.92120614,428.8100
1627532930463000,1,3.55300388,428.8100
1627533317570000,0,4.50000000,429.2500
1627533544736000,0,4.91274729,429.5100
1627533766609000,0,0.00487347,429.7600
1627533813619000,1,2.00000000,429.6100
1627534003145000,0,0.90000000,430.1000
1627534003145000,0,4.91013460,430.1800
1627534003145000,0,2.05584650,430.1800
1627534003910000,0,2.47850000,430.2600
1627534003937000,0,5.22150000,430.2600
1627534460963000,0,4.91000000,429.3900
1627534461055000,0,0.00396205,429.3900
1627534511568000,0,1.69040000,429.6900
1627534934189000,1,7.80000000,428.5400
1627534954442000,0,4.92000000,428.4500
1627534954562000,0,0.00490569,428.4500
1627535603884000,1,3.51190000,427.3500
1627535604024000,1,1.41970000,427.3500
1627535604044000,1,0.00003809,427.3500
1627535604044000,1,2.56376191,427.2500
1627535604609000,1,1.89853809,427.2200
1627535614428000,1,2.34051716,426.9100
1627535614428000,1,2.99948284,426.9100
1627535614531000,1,4.93547163,426.9000
1627535639240000,1,2.33890722,427.2200
1627535639240000,1,2.59239278,427.2100
1627535781783000,0,1.05240000,427.3100
1627535842715000,1,4.92000000,427.4700
1627535842773000,1,0.00928487,427.4700
1627535843023000,1,4.93000000,427.3200
1627536257375000,0,0.62420000,427.4700
1627536452066000,0,1.88360000,426.7600
1627537100033000,0,0.11571681,428.8500
1627537144594000,0,0.33850000,429.1700
1627537209500000,0,4.91780000,429.0100
1627537209544000,0,8.13856240,429.0100
1627537706670000,0,0.06760000,429.6600
1627538551678000,1,0.06377045,429.4700
1627538871078000,0,1.02309436,429.9100
1627538938647000,0,0.17359043,429.9200
1627539251114000,1,0.10159215,429.1500
1627539695373000,0,0.12649809,429.0200
1627539719312000,0,0.06870000,429.0000
1627540103718000,0,2.00000000,428.9300
1627540103718000,0,1.48866974,428.9400
1627540680228000,0,0.07664564,428.9700
1627540839736000,0,0.13889095,428.7300
1627540866219000,0,0.49792415,428.7400
1627541372081000,1,0.15617817,428.8900
1627541654301000,0,0.53664633,428.9400
1627541765565000,1,2.33570000,427.7600
1627541990527000,0,3.33000000,428.1300
1627542006562000,1,2.00000000,427.8800
1627542006562000,1,2.24767782,427.8600
1627542029862000,1,2.33620843,427.7500
1627542256748000,0,0.11561168,429.2200
1627542567279000,0,0.22590000,428.7600
1627543003110000,1,2.33000000,427.9000
1627543278677000,0,0.24912595,427.9000
1627543364895000,0,1.08460000,427.3700
1627543781365000,0,3.72000000,427.7000
1627543985230000,1,2.00000000,427.9900
1627544251059000,1,0.49509486,427.4900
1627544369252000,1,0.53808276,427.2200
1627544433331000,1,2.00000000,427.4100
1627544759190000,1,2.33590000,427.8300
1627544837930000,1,2.33720000,427.6000
1627544928358000,0,1.01356408,428.0200
1627545146329000,0,0.11591953,428.2300
1627545610717000,0,0.06044546,426.9700
1627546067134000,0,0.40768959,426.2900
1627546108310000,1,1.65517000,425.7400
1627546262627000,0,0.13423297,425.6600
1627546571119000,0,0.06991097,426.0700
1627546662651000,0,3.43210000,426.3500
1627547032426000,0,0.09837027,425.8400
1627547289397000,1,0.10379900,425.8500
1627547404609000,0,0.08372731,426.3800
1627547405663000,0,0.07919897,426.3800
1627547406658000,0,0.07919897,426.5600
1627547644807000,0,2.00000000,425.8200
1627547644807000,0,48.00000000,425.8400
1627547663092000,0,0.11686084,425.7200
1627547755555000,0,0.22750000,425.7200
1627548346336000,1,1.96000000,427.3600
1627548359624000,1,1.30000000,427.3000
1627548359926000,1,2.33923000,427.1700
1627548932717000,0,0.09256061,427.0300
1627548974012000,0,0.06810000,426.5900
1627549331264000,0,0.06927026,426.9800
1627549676289000,0,1.02480000,427.0000
1627549705172000,0,5.97520000,427.0000
1627549887427000,0,0.12500000,428.2400
1627550074623000,0,2.00000000,429.0000
1627550074623000,0,1.90000000,429.0100
1627550074623000,0,4.91608794,429.0200
1627550074623000,0,2.00000000,429.0300
1627550074623000,0,0.80925414,429.1000
1627550105261000,0,1.00000000,428.5000
1627550838102000,0,0.23187527,429.1100
1627551050380000,0,0.09580000,429.1300
1627551150414000,0,0.47333269,428.8100
1627551362354000,0,0.29728481,429.7300
1627551532253000,0,3.49200000,429.8700
1627551539801000,1,0.30000000,429.6100
1627551652215000,1,3.00000000,429.4000
1627551902641000,0,4.90000000,430.6300
1627551984494000,1,2.31910000,430.8900
1627552208009000,1,0.20000000,431.3400
1627552849215000,1,1.58540000,430.3500
1627552849643000,1,1.93390000,430.1900
1627552849644000,1,1.06610000,430.1900
1627552849644000,1,0.23390000,430.1800
1627553122280000,0,0.06990000,429.2200
1627553386637000,0,0.09030000,428.7700
1627553549417000,0,2.00000000,428.9500
1627553549417000,0,1.38660000,429.0100
1627553871822000,0,1.00000000,429.0100
1627554309263000,1,1.00000000,429.0100
1627554478683000,0,0.09030000,428.8700
1627554959574000,0,0.11290000,428.9100
1627555061924000,1,0.47401000,428.0600
1627555260349000,1,2.13880000,427.3100
1627555682281000,0,0.34030000,426.8400
1627555920258000,1,0.43328724,426.8200
1627556866934000,0,2.00000000,427.6200
1627556866934000,0,1.22820000,427.6300
1627557043303000,0,0.22650000,427.5300
1627557918786000,0,0.13710000,427.5000
1627558161157000,0,2.26600000,427.3900
1627559033504000,1,0.09386475,423.2700
1627559033817000,1,1.90613525,423.2700
1627559033817000,1,3.00000000,423.1300
1627559033817000,1,3.09386475,423.1200
1627559239886000,1,0.97875000,422.5400
1627559239973000,1,0.00000876,422.5400
1627559242532000,1,0.05927542,421.7600
1627559242590000,1,2.36488352,421.3700
1627559248739000,0,3.45931000,420.9900
1627559254535000,0,2.50000000,421.5700
1627559285358000,1,1.30000000,421.6800
1627559339098000,0,0.06360089,422.9500
1627559355403000,0,0.60000000,422.8400
1627559401300000,0,7.16130000,423.2400
1627559402032000,0,2.03660000,423.4900
1627559806115000,0,0.60120000,423.0900
1627560784511000,0,0.36537617,422.4500
1627560892421000,0,0.09192792,422.0800
1627562184814000,1,2.36580000,422.4200
1627562184897000,1,0.00004579,422.4200
1627562185056000,1,1.30000000,422.3300
1627562420930000,0,0.06900802,422.5600
1627562443314000,1,0.21758080,422.2300
1627562692618000,0,3.00000000,422.8800
1627562692618000,0,2.00000000,422.8900
1627562692618000,0,5.00000000,422.9100
1627562787287000,1,0.51833805,422.6200
1627562795362000,1,2.00000000,422.7400
1627562795362000,1,2.36411185,422.6900
1627562795362000,1,0.63588815,422.6700
1627563341344000,1,0.16887087,422.4000
1627563357615000,0,2.36722130,422.6900
1627564080281000,1,0.40076562,423.7500
1627564637120000,1,0.23873500,425.5400
1627564991708000,1,0.06405000,425.8600
1627565291288000,1,1.09716401,425.8900
1627565387794000,0,1.06560115,426.4200
1627565716587000,0,0.11350000,426.4400
1627565765478000,0,0.22710000,426.4400
1627565877051000,1,1.30000000,425.3800
1627566006608000,0,0.25020000,425.7800
1627566254746000,0,0.31820000,426.0300
1627566566037000,0,1.02290000,426.0600
1627566964799000,0,1.50000000,426.4000
1627567055310000,0,0.22710000,426.5200
1627567113024000,0,2.00000000,426.6600
1627567113024000,0,0.26970000,426.6800
1627567113220000,0,0.11350000,426.6800
1627567411261000,0,2.33273942,426.5500
1627567460922000,0,0.40000000,426.8300
1627567460922000,0,2.62070000,426.8400
1627567647083000,0,0.19190000,427.1400
1627568148582000,1,0.50450000,427.1700
1627568970319000,0,3.85430000,426.1600
1627569497305000,0,3.51207000,426.4800
1627569498378000,0,4.00000000,426.4800
1627569670423000,1,0.19155555,427.0100
1627569897378000,1,0.49564800,427.1700
1627569973824000,1,0.11432157,427.2900
1627570262152000,0,0.05927542,428.9000
1627570545228000,1,2.32801000,429.2500
1627570962576000,1,0.70400000,428.5400
1627571292839000,1,0.50000000,428.4600
1627571345860000,0,2.03000000,429.0600
1627571346023000,0,0.00719600,429.0600
1627571747882000,1,2.33355000,428.1200
1627571747950000,1,0.00000891,428.1200
1627571913090000,0,4.89000000,430.2300
1627572107337000,1,0.19963000,429.9800
1627572130869000,0,0.11240000,430.7800
1627572351686000,0,0.08980000,431.1400
1627572466103000,0,0.23130000,431.1700
1627572530848000,0,0.56359619,432.0000
1627572530867000,0,0.52882805,432.0000
1627572531009000,0,11.70000000,432.0500
1627572531806000,1,1.05100000,432.0700
1627572569866000,1,3.00000000,433.7600
1627572569866000,1,0.62554683,433.7200
1627572570109000,0,2.29151121,434.2200
1627572586126000,1,2.00000000,433.9200
1627572587711000,1,2.30345000,433.7800
1627572588962000,1,2.00000000,433.6400
1627572600339000,1,0.43156713,433.4700
1627572620664000,1,2.00000000,434.2500
1627572625633000,1,0.09300000,434.5900
1627572694416000,0,1.03065882,435.0000
1627572694416000,0,8.99999118,435.0000
1627572694984000,0,0.00000882,435.0000
1627572721193000,1,0.04827586,436.1300
1627572721971000,1,1.95172414,436.1300
1627572722030000,1,2.29143000,436.1100
1627572722697000,1,2.29143000,436.0100
1627572722698000,1,0.00000370,436.0100
1627572722834000,1,2.29143370,435.8500
1627572722834000,1,3.43800630,435.8200
1627572723050000,1,2.29144000,435.8200
1627572723063000,1,0.00000215,435.8200
1627572723223000,1,2.29280000,435.8200
1627572723224000,1,0.00005101,435.8200
1627572724916000,1,2.00000000,435.7700
1627572794220000,1,2.29545225,435.3800
1627572794220000,1,3.39934775,435.3600
1627572794295000,1,4.48235378,435.3600
1627572794477000,1,1.13820000,435.3700
1627572878986000,0,3.00000000,436.8900
1627572878986000,0,5.00707000,436.9000
1627572879049000,0,3.00000000,436.8900
1627572882226000,0,5.71594245,437.9500
1627572882226000,0,2.28574755,437.9500
1627572893420000,1,2.28675000,436.1400
1627572893554000,1,0.00000966,436.1400
1627572897192000,1,2.00000000,435.7800
1627572909327000,0,0.60000000,435.8300
1627572920407000,1,2.00000000,435.5300
1627573138579000,0,2.90730000,434.4600
1627573211324000,0,2.90807000,434.3300
1627573238230000,1,0.10007823,433.7600
1627573336324000,1,2.00000000,434.0300
1627573336324000,1,1.08761229,434.0100
1627573370677000,1,0.09837027,434.2200
1627573518182000,0,1.93930000,434.5700
1627573623171000,1,0.07316527,435.8000
1627573623917000,0,2.26240000,436.3000
1627573623965000,0,2.29280000,436.4200
1627573624081000,0,0.00004175,436.4200
1627573624081000,0,1.22125825,436.5700
1627573624410000,0,4.50963951,436.5700
1627573639002000,0,12.00000000,437.8900
1627573639062000,0,1.60000000,437.8900
1627573697043000,0,2.28763852,437.4400
1627573697043000,0,2.40768976,437.4500
1627573697043000,0,2.54429994,437.5700
1627573697142000,0,1.01590000,437.5700
1627573697331000,0,2.15806164,437.5700
1627573697331000,0,2.28740826,437.5700
1627573699655000,0,0.92478000,439.1300
1627573699784000,0,0.00000432,439.1300
1627573699784000,0,2.27906087,439.2900
1627573700481000,0,0.08136000,439.3000
1627573700728000,0,0.01864000,439.3000
1627573700728000,0,0.06272000,439.3900
1627573700881000,0,0.01864679,439.3900
1627573703462000,0,2.27607064,440.3200
1627573703462000,0,2.27450936,440.3200
1627573703956000,0,2.27335761,440.5600
1627573705848000,1,3.00000000,439.9100
1627573705943000,1,2.27100000,439.9000
1627573705979000,1,0.00001630,439.9000
1627573707541000,0,2.00000000,439.8800
1627573713863000,1,2.27055000,439.9700
1627573719218000,0,2.27344000,440.3800
1627573719263000,0,0.00000031,440.3800
1627573719286000,0,2.27344000,440.4100
1627573719312000,0,0.00000031,440.4100
1627573719450000,0,2.27200000,440.4600
1627573747444000,0,2.28011000,438.9500
1627573768714000,0,2.27480000,439.8700
1627573769006000,0,1.23100000,440.0500
1627573769088000,0,2.27565000,440.0600
1627573769105000,0,0.00000459,440.0600
1627573769168000,0,2.27330000,440.1700
1627573769174000,0,0.00002071,440.1700
1627573769174000,0,1.61937929,440.2800
1627574029933000,0,0.42010000,439.0000
1627574034175000,1,0.06360089,438.5300
1627574127423000,0,2.40458000,437.9100
1627574128133000,0,0.90000000,438.4800
1627574189666000,1,3.00000000,438.9000
1627574318484000,0,0.09370000,438.0400
1627574396048000,0,7.95483000,437.7700
1627574396123000,0,0.00000739,437.7700
1627574400372000,0,0.89007368,438.0100
1627574556380000,1,2.00000000,439.7800
1627574588554000,1,2.27610000,438.5800
1627574588560000,1,0.00006221,438.5800
1627574588744000,1,3.10476000,438.4500
1627574588816000,1,2.27616221,438.4500
1627574643261000,1,4.79908000,438.2900
1627574647335000,1,0.00000959,438.2900
1627574647335000,1,4.80271041,437.9400
1627574736908000,1,0.13500000,441.4400
1627574762651000,0,0.75318000,442.1900
1627574762808000,0,0.00000878,442.1900
1627574763230000,0,5.65368406,442.7500
1627574763230000,0,2.26166594,442.7500
1627574763462000,0,2.00000000,442.9000
1627574763646000,1,0.10200000,442.4000
1627574772609000,1,2.00000000,442.2900
1627574772609000,1,0.36624333,442.0700
1627574787010000,0,1.73180000,442.6800
1627574787013000,0,3.02823053,442.6800
1627574787056000,0,3.00000000,442.7500
1627574787056000,0,2.26047839,442.7600
1627574787056000,0,2.25982861,442.8900
1627574787056000,0,0.07983774,442.9600
1627574787063000,0,4.67715074,442.9600
1627574787063000,0,0.72168872,443.0100
1627574787129000,0,2.00000000,442.7500
1627574787169000,0,1.05190000,443.0100
1627574787173000,0,3.41630000,443.0100
1627574787174000,0,1.53560000,443.0100
1627574787189000,0,7.96242130,443.0100
1627574787345000,0,1.59371000,443.2200
1627574787378000,0,3.41630000,443.0100
1627574787380000,0,1.53560000,443.0100
1627574787411000,0,0.69860682,443.0100
1627574787411000,0,0.66611861,443.2200
1627574787411000,0,0.50000000,444.0000
1627574787501000,0,0.10000000,444.3000
1627574787501000,0,0.10000000,444.5100
1627574787501000,0,0.64963623,445.4100
1627574787522000,1,1.58884000,444.9100
1627574787572000,0,4.06166682,443.9900
1627574787572000,0,2.26034562,443.9900
1627574788697000,0,47.19909338,445.4100
1627574789200000,0,0.91452288,445.4100
1627574789200000,0,18.43674751,445.4100
1627574797146000,0,0.91452288,447.4500
1627574799379000,0,1.00000000,447.4700
1627574799464000,0,0.12326000,448.0000
1627574805136000,1,7.40000000,445.9000
1627574809217000,1,2.00000000,444.9800
1627574813408000,1,2.00000000,444.5700
1627574814104000,1,2.00000000,444.3100
1627574819217000,1,2.00000000,445.7900
1627574823586000,0,0.11905655,445.8200
1627574825265000,1,2.00000000,444.9700
1627574840476000,1,3.00000000,445.7300
1627574840536000,1,3.00000000,445.7200
1627574904678000,1,0.59749570,445.9900
1627574921892000,0,0.88774000,448.0000
1627574921892000,0,3.00000000,448.2800
1627574921892000,0,4.70568724,448.3000
1627574921892000,0,0.50000000,448.4400
1627574921892000,0,6.94533298,448.4700
1627574931735000,0,2.00000000,448.4900
1627574938942000,1,4.01383000,448.4800
1627574953224000,1,0.65270452,448.4600
1627574953402000,1,2.34729000,448.4600
1627574994483000,0,2.20060866,449.0000
1627574994483000,0,0.10000000,449.3000
1627574997449000,1,1.04450369,449.3900
1627574999206000,1,1.85549000,449.3900
1627574999263000,1,7.40000000,449.3800
1627575002409000,1,4.68304000,448.4400
1627575019016000,1,7.40000000,446.9900
1627575019836000,1,0.14818142,446.5600
1627575040850000,1,2.23337919,447.3200
1627575040850000,1,2.23310987,447.3100
1627575055413000,1,2.23316972,447.3400
1627575055413000,1,5.58238028,447.3400
1627575071753000,0,2.00000000,449.4400
1627575090739000,1,2.22608000,448.7500
1627575103779000,0,1.29961018,449.7200
1627575109788000,1,2.22309000,449.1200
1627575130167000,1,2.22474000,448.6400
1627575141255000,1,2.22743000,448.3800
1627575161287000,0,0.07566373,448.7700
1627575210981000,1,4.68279357,449.1400
1627575226347000,1,2.22547000,449.0600
1627575237861000,1,0.00000636,449.0600
1627575237861000,1,5.56394364,448.9600
1627575238377000,1,2.22540000,448.9700
1627575238380000,1,0.00007636,448.9700
1627575238583000,1,5.56395000,448.8100
1627575238676000,1,0.00000762,448.8100
1627575238676000,1,2.22546238,448.7900
1627575239453000,1,0.70187734,448.6400
1627575259509000,0,2.16245166,449.7800
1627575275128000,1,4.67819000,449.5900
1627575293069000,1,0.00000763,449.5900
1627575293069000,1,4.67908237,449.5500
1627575324732000,1,2.22547000,449.0700
1627575324799000,1,0.00000636,449.0700
1627575324799000,1,0.27663958,448.9500
1627575326911000,1,5.56395762,448.9600
1627575326911000,1,0.93604238,448.9600
1627575326980000,1,1.28942000,448.9600
1627575327728000,1,0.00001398,448.9600
1627575327728000,1,2.22538602,448.7400
1627575327786000,1,0.00009034,448.7400
1627575487334000,0,6.01976000,449.9900
1627575489782000,0,1.20031288,450.0000
1627575489782000,0,1.00000000,450.0000
1627575489782000,0,0.06919192,450.0000
1627575489782000,0,1.22841974,450.0000
1627575489782000,0,0.15110001,450.0000
1627575489782000,0,0.09889999,450.0000
1627575489782000,0,2.00000000,450.0000
1627575490262000,0,1.38024000,450.3500
1627575490417000,0,7.95388000,450.3600
1627575501525000,0,0.08539000,450.6400
1627575501676000,0,0.00000484,450.6400
1627575501676000,0,0.99999516,450.6600
1627575501684000,0,0.00000484,450.6600
1627575515384000,0,2.21651814,451.6000
1627575524282000,1,4.65716000,451.3600
1627575526971000,1,4.56721036,450.3500
1627575528711000,0,1.57317000,450.9900
1627575557030000,1,3.05203000,450.9500
1627575573475000,1,4.66564970,450.7100
1627575573475000,1,2.00000000,450.5200
1627575573475000,1,4.43919240,450.5000
1627575573656000,1,3.26500000,450.7100
1627575573714000,1,1.40060000,450.7100
1627575574162000,1,3.00000000,450.2100
1627575596444000,1,4.67350000,449.8800
1627575599497000,1,0.00002489,449.8800
1627575599497000,1,4.57854711,449.3800
1627575599750000,1,4.67670000,449.5700
1627575599775000,1,0.00004372,449.5700
1627575620283000,1,2.22495150,448.9900
1627575620283000,1,6.24284850,448.9800
1627575642599000,0,2.22085000,450.6600
1627575644852000,1,7.30000000,450.2600
1627575657354000,0,2.00000000,451.1800
1627575657354000,0,3.00000000,451.1800
1627575667692000,1,2.21494735,450.8600
1627575667819000,1,5.53984000,450.8500
1627575667885000,1,0.00000649,450.8500
1627575668031000,1,5.50000000,450.8000
1627575668092000,1,1.90000000,450.8000
1627575668887000,1,7.30000000,450.6400
1627575675601000,1,2.21804000,450.3000
1627575694316000,1,5.50000000,450.3700
1627575694512000,1,1.90000000,450.3700
1627575709265000,1,4.67132000,450.3000
1627575709375000,1,2.21972000,450.1900
1627575712063000,0,2.00000000,450.5200
1627575712063000,0,2.90000000,450.5300
1627575712063000,0,59.21775609,450.5400
1627575727452000,1,3.50000000,450.1500
1627575727562000,1,1.16940000,450.1500
1627575762017000,0,3.42010000,450.1200
1627575858713000,0,2.04305000,450.7200
1627575871901000,0,0.78204000,450.5300
1627576286670000,0,1.30000000,449.4600
1627576301486000,0,4.68350000,449.6100
1627576359481000,0,0.00000381,449.6100
1627576359481000,0,4.68357619,449.6200
1627576391813000,1,0.06573094,449.1800
1627576471884000,0,0.00001216,449.6200
1627576501584000,0,2.22315000,450.1500
1627576502894000,0,0.00000234,450.5300
1627576502894000,0,2.22088766,450.5400
1627576502930000,0,0.00000250,450.5400
1627576504575000,0,5.54076419,451.6200
1627576504575000,0,2.21634581,451.6200
1627576504587000,0,0.00000836,451.6200
1627576504717000,0,2.21873715,451.8500
1627576504717000,0,5.09196285,451.8600
1627576504789000,0,1.10570000,451.8600
1627576507991000,1,2.21117000,451.6600
1627576519687000,0,0.11203188,453.1100
1627576521890000,1,3.00000000,452.5800
1627576521890000,1,0.13911000,452.5700
1627576521942000,1,2.06742133,452.5700
1627576522118000,1,2.90000000,452.2000
1627576522118000,1,1.60000000,452.1900
1627576522176000,1,3.91805639,452.1900
1627576522176000,1,2.20653133,452.1900
1627576522176000,1,2.90000000,452.1900
1627576522176000,1,0.82048228,452.1700
1627576522246000,1,13.52450000,452.1700
1627576532153000,1,7.40000000,451.8500
1627576539570000,1,2.00000000,451.7100
1627576551846000,1,2.21254602,451.5400
1627576551846000,1,0.97496398,451.5400
1627576592858000,1,0.04915000,451.5900
1627576599700000,0,2.21231952,452.3200
1627576599732000,0,2.01440000,452.4400
1627576599831000,0,1.12230000,452.4400
1627576599872000,0,2.39460000,452.4400
1627576599877000,0,0.00006652,452.4400
1627576599877000,0,1.52393348,452.5100
1627576606083000,1,0.04898500,452.4400
1627576606187000,1,0.11186400,452.4400
1627576608892000,1,0.46354384,452.4400
1627576666252000,0,4.00000000,452.7900
1627576732661000,1,2.20658000,452.7400
1627576742953000,1,1.54237486,452.1800
1627576751073000,1,0.23823299,452.1400
1627576858497000,0,0.06420000,452.2300
1627576902861000,0,0.10700000,452.7600
1627577011146000,0,0.21330000,454.0800
1627577081435000,1,4.64199624,453.1400
1627577081435000,1,1.21476580,453.1300
1627577112897000,1,2.20730000,452.5500
1627577126705000,0,0.99030000,452.7800
1627577144371000,0,0.84566786,452.8300
1627577284601000,1,0.22258193,452.0200
1627577331333000,0,0.10700000,452.4400
1627577399954000,1,0.22297915,451.8500
1627577407997000,1,0.50000000,451.8500
1627577543013000,0,0.13402408,454.1000
1627577543016000,0,0.00000001,454.1000
1627577543329000,0,2.20166723,454.5300
1627577555623000,1,0.23306069,453.9100
1627577569119000,1,0.11098549,453.9700
1627577586414000,1,4.52312000,453.9700
1627577620207000,0,1.39800000,454.7500
1627577621161000,0,2.57198000,455.0000
1627577621389000,0,0.00000126,455.0000
1627577621422000,0,1.54237486,455.5200
1627577621422000,0,2.19825140,455.5300
1627577621422000,0,0.12238123,455.5400
1627577621422000,0,4.50729251,455.5600
1627577625595000,0,0.09999999,456.0800
1627577625610000,0,0.00000001,456.0800
1627577625942000,0,2.19257000,456.7000
1627577626109000,0,0.00000213,456.7000
1627577626109000,0,1.89359787,456.9600
1627577626214000,0,2.19138728,456.9400
1627577626214000,0,3.58452763,456.9600
1627577626214000,0,4.22408509,456.9600
1627577626292000,0,0.95624000,456.9600
1627577637683000,0,2.00000000,456.2800
1627577637683000,0,3.00000000,456.4100
1627577637683000,0,2.19306075,456.4300
1627577637683000,0,2.19319258,456.4300
1627577637683000,0,7.17100252,456.4400
1627577680037000,1,1.00000000,455.7200
1627577733049000,1,0.08528985,455.4000
1627577745760000,0,4.62031000,455.8700
1627577808490000,1,7.30000000,458.7100
1627577808668000,1,2.17807980,458.5700
1627577808668000,1,5.44642020,458.5700
1627577824661000,1,2.17840000,458.2900
1627577828883000,1,2.00000000,458.0500
1627577838076000,0,2.18599193,458.1300
1627577839700000,0,13.00000000,458.2900
1627577931824000,0,4.59135000,458.7400
1627577960856000,0,1.74000000,459.8000
1627577962481000,0,0.22460496,460.0000
1627577962481000,0,0.27539504,460.0000
1627577963510000,0,0.77225520,460.0000
1627577963719000,0,0.33864976,460.0000
1627577963719000,0,1.30310000,460.0000
1627577963719000,0,1.36520000,460.0000
1627577963719000,0,1.19930000,460.0000
1627577963719000,0,8.88655024,460.0000
1627577963769000,0,7.85954976,460.0000
1627577963769000,0,0.10000000,460.0000
1627577963769000,0,1.00000000,460.0000
1627577963769000,0,0.32258065,460.0000
1627577963769000,0,0.48938613,460.0000
1627577963978000,0,0.01061387,460.0000
1627577966931000,0,3.00000000,460.6900
1627577970254000,1,3.00000000,460.1900
1627577970312000,1,2.16965863,460.1800
1627577970312000,1,5.42437944,460.1800
1627577970312000,1,2.99986193,460.1800
1627577970316000,1,0.00013807,460.1800
1627577970316000,1,5.42646193,460.0300
1627577970478000,1,0.00020155,460.0300
1627577970689000,1,2.16960000,459.7700
1627577970695000,1,0.00005863,459.7700
1627577970695000,1,4.80804137,459.7700
1627577995725000,1,2.17475000,459.4300
1627578023231000,1,0.17697906,459.3500
1627578030216000,0,4.57870000,459.9700
1627578043881000,1,1.33042770,459.6300
1627578048334000,1,2.17428000,459.4000
1627578075614000,1,6.67681000,458.5900
1627578093337000,0,1.70010000,458.5500
1627578093687000,0,1.08850000,458.5500
1627578138430000,0,1.19870000,458.6400
1627578146482000,1,0.84494122,458.8500
1627578258411000,1,4.59395230,457.7800
1627578258411000,1,4.40604770,457.7800
1627578260626000,1,3.06160389,457.6300
1627578260646000,1,0.56295197,457.6300
1627578260761000,1,1.94600691,457.5600
1627578260795000,1,0.23720853,457.5600
1627578260837000,1,5.45820000,457.4500
1627578260951000,1,4.19570000,457.1900
1627578261140000,1,3.41953104,457.2000
1627578261179000,1,1.58046896,457.2000
1627578316505000,0,4.61300000,456.6300
1627578316688000,0,3.00000000,456.8200
1627578316688000,0,2.19110000,456.8300
1627578316824000,0,0.00001410,456.8300
1627578349656000,1,1.00000000,455.6800
1627578411070000,1,7.30000000,454.9500
1627578418680000,0,2.00000000,455.0900
1627578421508000,1,5.49211417,454.7500
1627578421508000,1,1.19269053,454.7400
1627578428643000,1,0.46000000,454.7600
1627578433301000,1,6.81300000,454.3600
1627578435701000,1,2.19680760,454.0400
1627578435701000,1,7.30000000,454.0400
1627578435701000,1,0.00000336,453.9700
1627578435701000,1,5.49288647,453.8300
1627578435701000,1,4.62732273,453.8200
1627578435701000,1,14.29978650,453.7700
1627578435701000,1,0.12051080,453.7200
1627578435701000,1,4.62873071,453.6500
1627578435701000,1,0.11453468,453.5800
1627578435701000,1,0.13340987,453.2900
1627578435701000,1,4.63161681,453.2500
1627578435701000,1,21.70390527,453.0800
1627578436291000,1,2.00000000,454.0700
1627578436291000,1,0.12696940,453.8700
1627578482204000,1,7.30000000,454.9000
1627578640970000,0,0.05881119,456.0000
1627578689604000,0,3.00000000,456.2300
1627578773769000,1,2.82700000,455.7500
1627578773816000,1,1.78641029,455.7500
1627578774109000,1,1.43440000,455.5900
1627578841347000,1,2.19617000,455.0400
1627578883222000,1,7.30000000,454.5800
1627578884364000,1,2.19760000,454.3200
1627578909483000,1,7.30000000,454.1200
1627578909797000,1,2.19975000,453.9200
1627578911290000,0,0.08400000,454.1000
1627578918305000,1,3.50648000,453.3400
1627578918468000,1,2.20415000,453.2500
1627578918536000,1,5.50000000,453.2800
1627578918865000,1,0.93131048,453.4900
1627578918865000,1,0.00000792,453.2500
1627578918865000,1,3.06868160,453.1300
1627578946436000,0,3.00000000,453.4800
1627578946808000,1,4.64031942,453.0000
1627578946808000,1,0.35968058,453.0000
1627578946857000,1,3.93566000,453.0100
1627578946923000,1,3.00465000,453.0000
1627579021283000,0,3.00000000,453.0500
1627579045605000,1,2.20759324,452.5900
1627579045605000,1,0.79240676,452.5800
1627579146956000,0,1.18697401,452.5800
1627579191021000,1,4.63890000,453.1800
1627579191078000,1,2.20522000,453.1600
1627579203176000,0,3.00000000,452.9900
1627579344817000,0,2.00000000,453.8800
1627579344817000,0,0.30825510,453.9200
1627579415651000,1,2.20294000,453.1700
1627579415773000,1,0.00000401,453.1700
1627579540401000,0,0.04393808,452.9100
1627579620517000,1,7.94132000,452.1800
1627579688474000,1,0.30000000,452.3600
1627579871792000,1,4.64981000,452.1900
1627579887434000,1,0.00000230,452.1900
1627579939629000,1,7.40000000,451.3700
1627580126346000,1,4.65426000,451.7300
1627580136839000,1,0.00000648,451.7300
1627580136839000,1,4.65505352,451.6500
1627580137038000,1,4.65684000,451.5100
1627580154080000,1,2.21534000,451.1300
1627580169820000,1,2.21785000,450.5800
1627580169922000,1,0.00000551,450.5800
1627580169922000,1,5.60496449,450.5400
1627580227059000,1,4.66762000,450.3900
1627580307124000,0,1.10360000,450.3700
1627580363539000,1,0.09521991,450.0800
1627580622948000,1,4.00000000,451.8600
1627580622998000,1,0.65324000,451.8600
1627580623049000,1,0.00000899,451.8600
1627580623167000,1,2.21243833,451.6400
1627580623167000,1,1.05256167,451.6300
1627580623293000,1,3.60226396,451.6300
1627580625762000,0,4.00000000,451.9100
1627580731021000,0,0.08804920,452.0200
1627580764502000,1,4.65153000,452.0200
1627580777605000,1,0.00000092,452.0200
1627580781426000,1,4.65451000,451.7400
1627580841268000,0,0.10720000,451.8300
1627580872907000,0,2.00000000,451.6600
1627580894159000,1,4.65316000,451.8600
1627580917569000,1,0.00000001,451.8600
1627580917569000,1,4.11767999,451.7000
1627580982276000,1,4.65660000,451.5500
1627580983417000,1,0.00000051,451.5500
1627580983417000,1,0.38774199,451.4000
1627580983885000,1,0.41009199,451.4000
1627580984393000,1,3.86036000,451.4000
1627581236633000,1,1.03680000,451.9600
1627581236642000,1,3.50000000,451.9600
1627581236705000,1,0.11549465,451.9600
1627581238747000,1,3.86755000,451.7500
1627581265192000,1,0.00000594,451.4000
1627581324358000,0,0.09600000,451.4200
1627581391701000,1,1.05140000,450.8100
1627581809638000,1,2.30000000,450.0300
1627582077334000,1,2.21623000,450.9500
1627582137188000,1,4.66344000,450.7900
1627582162302000,1,0.00000508,450.7900
1627582162302000,1,2.21757025,450.6700
1627582162302000,1,0.30000000,450.6600
1627582162302000,1,4.66432970,450.6500
1627582162302000,1,7.30000000,450.6500
1627582162302000,1,5.51809497,450.5200
1627582239769000,1,2.21534000,451.1300
1627582239912000,1,2.21546751,451.0800
1627582268738000,1,4.66056000,450.9900
1627582544785000,0,0.43000000,450.4400
1627582611189000,1,1.00000000,450.0000
1627582708683000,0,3.00000000,450.6300
1627582708683000,0,2.00000000,450.6400
1627582708683000,0,1.52823000,450.7300
1627582708683000,0,0.56367000,450.7400
1627582768119000,0,0.58000133,450.4300
1627582969913000,0,4.66800000,450.8600
1627583084522000,1,2.21160000,451.9900
1627583084859000,1,1.04690000,451.9900
1627583121937000,0,3.36150000,451.9900
1627583221208000,1,2.20712000,452.7200
1627583261827000,0,0.53450000,453.1100
1627583312483000,0,1.98829996,452.9900
1627583331651000,1,4.64000000,452.2800
1627583331719000,1,0.00739205,452.2800
1627583331943000,1,1.16790000,452.2800
1627583447672000,1,2.21310000,451.5400
1627583463748000,0,4.65000000,451.8800
1627583550622000,0,4.56920000,451.3400
1627583559677000,1,3.00000000,451.1400
1627583559680000,1,1.28590000,451.1300
1627583578776000,1,4.65000000,451.1200
1627583859826000,1,1.37510000,450.1400
1627584394529000,1,1.98829996,449.6200
1627584704132000,0,0.12920000,449.9900
1627584975870000,0,0.30878805,451.3700
1627585472519000,0,0.06430000,451.4200
1627585610052000,0,0.20508353,450.5200
1627585862111000,0,0.06649489,452.0400
1627585862111000,0,0.38340511,452.4100
1627586249687000,0,0.20263420,451.7500
1627586266373000,0,0.23840000,451.4400
1627586381787000,0,0.12440000,451.3600
1627586537311000,1,2.28446607,450.4800
1627586593736000,1,1.00000000,450.3600
1627586594100000,1,2.21927305,450.2000
1627586594100000,1,5.54841695,450.2000
1627586594322000,1,1.30000000,449.9000
1627586599331000,1,13.05636240,449.5000
1627586599331000,1,7.30000000,449.4800
1627586599331000,1,2.22329929,449.4000
1627586599331000,1,37.73368000,449.3900
1627586599331000,1,48.06899000,449.3200
1627586599331000,1,5.55864351,449.2100
1627586599331000,1,7.48190872,449.2000
1627586599331000,1,1.16107290,449.1800
1627586666938000,0,7.35460000,449.9100
1627586747583000,1,4.66725000,450.3300
1627586747692000,1,0.00000816,450.3300
1627586747692000,1,2.21908184,450.2900
1627586747815000,1,0.00001392,450.2900
1627586747815000,1,5.54860095,450.1900
1627586780602000,0,1.65941334,450.2500
1627586836398000,1,0.34058666,450.0300
1627586836398000,1,0.77481334,450.0300
1627586836775000,1,1.04380000,450.0300
1627586837864000,1,0.06178000,450.0300
1627586837950000,1,0.00000834,450.0300
1627587003077000,1,0.50190870,450.0100
1627587073425000,1,0.21624516,449.7300
1627587164491000,1,0.20665510,449.8400
1627587170146000,1,0.31128480,449.7600
1627587227734000,1,2.22305000,449.5600
1627587416891000,0,0.24989138,450.0900
1627587760234000,1,1.32400000,448.6600
1627587821345000,1,2.00000000,448.4400
1627587821345000,1,1.63674500,448.4200
1627588173493000,0,0.64440000,450.9400
1627588173576000,1,0.23712800,450.2900
1627588225363000,0,0.30060000,451.0400
1627588377492000,1,0.67058229,450.7500
1627588448229000,0,2.00000000,449.0700
1627588461505000,0,2.00000000,449.7300
1627588465294000,1,4.08299000,449.7200
1627588531471000,0,0.34842303,449.2200
1627588595489000,1,0.11220662,448.9700
1627588691942000,0,1.30000000,449.2400
1627588816364000,1,0.22436361,449.2000
1627589097593000,0,11.14760000,450.7400
1627589097860000,0,2.21892000,450.9600
1627589104192000,1,0.07920623,450.6500
1627589107101000,0,2.21688000,451.3800
1627589131994000,0,2.00000000,452.4400
1627589203852000,1,0.23768123,452.1700
1627589280267000,0,0.24084685,451.7200
1627589284200000,0,2.21468246,451.8200
1627589311807000,1,1.00000000,451.5000
1627589387731000,1,4.65960000,451.0600
1627589444965000,0,0.21420000,452.0500
1627589484583000,1,2.00000000,451.8300
1627589484583000,1,4.65237074,451.8100
1627589484583000,1,5.86801051,451.8100
1627589514908000,1,3.04620000,451.9500
1627589582018000,1,0.00007139,451.0600
1627589582018000,1,0.66985685,450.9500
1627589591423000,1,0.45000000,451.2400
1627589609115000,0,1.06549068,451.8200
1627589639088000,0,0.08778185,452.1400
1627589656974000,0,0.06480000,452.5800
1627589731188000,0,1.06770000,453.5300
1627589861564000,1,1.00000000,452.0700
1627590186810000,0,0.17150000,452.5900
1627590403473000,0,2.00000000,451.4000
1627590440155000,1,1.77943100,451.3000
1627590461473000,0,1.29990000,451.6100
1627590566267000,0,1.53500818,452.1800
1627590652824000,1,1.26942559,451.6400
1627590796098000,1,2.21244000,451.7200
1627590796378000,1,5.53075000,451.5800
1627590796378000,1,0.00000246,451.5800
1627590796485000,1,2.21240896,451.4500
1627590796485000,1,2.03949104,451.4300
1627590796565000,1,10.69261000,451.4300
1627590796570000,1,1.17780000,451.4300
1627590796603000,1,0.47442917,451.4300
1627591131994000,1,10.00000000,450.0000
1627591199421000,1,7.00000000,449.5300
1627591199471000,1,0.40000000,449.5300
1627591320229000,0,2.00000000,450.1000
1627591593850000,1,0.09517078,449.5900
1627591662423000,1,2.21871000,450.3500
1627591702491000,0,1.00951741,451.4300
1627592196241000,0,0.21470000,451.1700
1627592256722000,0,0.06440000,451.2300
1627592283899000,1,2.00000000,450.7900
1627592283958000,0,1.23669000,450.7900
1627592290986000,0,0.00000749,450.7900
1627592365177000,0,2.00000000,450.6300
1627592365177000,0,3.00000000,450.7000
1627592365177000,0,1.53530356,450.7100
1627592449334000,1,0.13744945,450.8000
1627592715965000,0,1.30000000,450.9500
1627592978046000,1,2.00000000,449.9900
1627592978046000,1,0.12551445,449.9300
1627593120972000,0,2.00000000,450.0400
1627593120972000,0,4.67518113,450.1200
1627593120972000,0,7.95798512,450.2400
1627593120972000,0,4.67386695,450.2600
1627593120972000,0,2.74004410,450.3000
1627593222636000,0,0.11024162,450.2100
1627593455429000,0,0.93047341,450.1700
1627593987413000,1,1.07293183,449.2700
1627594056689000,1,1.53500818,449.7000
1627594272609000,0,1.00732602,449.4200
1627594440271000,0,0.07688926,448.0300
1627594607142000,0,0.10810000,447.9700
1627594621720000,1,4.69000000,447.4500
1627594622780000,1,0.00618815,447.4500
1627594622780000,1,0.09381185,447.3400
1627594701730000,1,1.66647507,447.9400
1627594934917000,0,0.07820000,449.3000
1627595003527000,0,0.26515713,449.1700
1627595324716000,0,0.08610000,449.8000
1627595453191000,1,2.22620000,448.7100
1627595484921000,1,2.22836264,448.4900
1627595485222000,1,5.57177000,448.3200
1627595589528000,1,0.23527392,447.6100
1627595631883000,0,3.17900000,447.7600
1627595640259000,0,0.14840272,447.7600
1627595643694000,1,0.10000000,447.3400
1627595643694000,1,0.30000000,447.2700
1627595643694000,1,1.09142139,447.2600
1627595895387000,0,1.89127685,447.1200
1627595895387000,0,0.27462315,447.1300
1627595925803000,1,0.30000000,446.2200
1627595925803000,1,0.82599739,446.2100
1627596031351000,1,0.10889551,446.1900
1627596452503000,1,7.40000000,447.4800
1627596452584000,1,4.69652000,447.4500
1627596655872000,1,2.22395000,449.3900
1627596655939000,1,0.00000196,449.3900
1627596655939000,1,7.29999804,449.3800
1627596853332000,1,0.91562000,449.8500
1627597041396000,1,3.50000000,449.2600
1627597050464000,1,1.00000000,448.5900
1627597124310000,0,2.16000000,448.7000
1627597717159000,0,0.21510000,450.3300
1627597971574000,0,0.22046010,450.1300
1627597973665000,0,0.22046009,450.1300
1627597974691000,0,0.22046010,450.1300
1627597975719000,0,0.22046009,450.1300
1627597976742000,0,0.22046010,450.1300
1627597977767000,0,0.22046009,450.1300
1627598231315000,0,0.10941284,450.4100
1627598361703000,0,3.00000000,450.5300
1627598530262000,1,0.80307904,450.2600
1627598803933000,0,1.15633812,450.3700
1627599044903000,0,0.06384153,450.2900
1627599785980000,1,0.80000000,450.5600
1627599791116000,0,2.16000000,450.9700
1627599798081000,0,2.16000000,451.1300
1627600055946000,0,0.84064859,452.8900
1627600421271000,0,4.63310000,454.4700
1627600421332000,0,0.00006798,454.4700
1627600707266000,0,3.00000000,453.6100
1627600707266000,0,4.63720696,453.6300
1627600707598000,0,1.26310000,453.6300
1627600707727000,0,1.05570000,453.7500
1627600707753000,0,1.11730000,453.7500
1627600708476000,0,8.07680000,453.7500
1627600708644000,0,9.04420000,453.7500
1627600708653000,0,1.81680000,453.7500
1627600708899000,0,1.47110000,453.7500
1627600709111000,0,1.13360000,453.7500
1627600709170000,0,2.32080000,453.7500
1627600709355000,0,2.48230000,453.7500
1627600709497000,0,1.06950000,453.7500
1627600709520000,0,2.68930000,453.7500
1627600709554000,0,1.88820000,453.7500
1627600709643000,0,1.20090000,453.7500
1627600709716000,0,1.97140000,453.7500
1627600709733000,0,1.53060000,453.7500
1627600709780000,0,5.07720000,453.7500
1627600709789000,0,1.05230000,453.7500
1627600709850000,0,1.33300000,453.7500
1627600709904000,0,1.22230000,453.7500
1627600710255000,0,7.11453000,453.7500
1627600715057000,0,2.34258089,454.5000
1627600730847000,0,10.00000000,455.0000
1627600730847000,0,3.33000000,455.0000
1627600735733000,1,3.50640000,455.0700
1627601388596000,1,3.00000000,453.4100
1627601388596000,1,4.30000000,453.4000
1627601515590000,0,2.20962246,452.9700
1627601515590000,0,0.34240406,452.9800
1627601669631000,0,0.08576055,452.6500
1627601773568000,0,0.22440000,453.0700
1627601839056000,1,4.64200000,452.4900
1627601899967000,0,2.16000000,452.9700
1627601899967000,0,0.38297004,452.9900
1627601924470000,1,0.00004406,452.4900
1627601924470000,1,2.15999594,452.4900
1627602123153000,1,0.14263402,452.4200
1627602124167000,1,0.14263402,452.4200
1627602125188000,1,1.87473196,452.4200
1627602125188000,1,0.38263402,452.4100
1627602346780000,0,1.00000000,451.9400
1627602387518000,0,1.00000000,451.4900
1627602420705000,1,2.16000000,451.0100
1627602420705000,1,0.20000000,451.0000
1627602420705000,1,4.65665871,450.9900
1627602420705000,1,0.25401094,450.9400
