timestamp ms,type,amount,price
1625185663900000,1,7.24710180,232.7100
1625185663913000,1,1.08125000,232.7100
1625187601513000,1,1.07153572,234.5600
1625187841618000,1,1.06714474,233.7100
1625187892189000,0,1.06523498,234.2200
1625187896329000,0,0.00000001,234.2200
1625187961652000,1,1.06732698,233.7500
1625188081755000,1,1.06988488,233.6700
1625188321806000,1,1.07126023,232.9600
1625188441803000,1,0.44740281,232.6900
1625188809077000,0,1.07875884,231.7200
1625188921896000,1,1.07888831,231.4900
1625189648375000,1,1.08125000,228.6800
1625195007007000,0,34.07058472,226.0800
1625195594004000,0,8.98031650,224.4500
1625196324286000,0,0.22166067,224.2800
1625196363454000,1,0.42690734,222.7900
1625196653489000,1,0.22100857,222.3400
1625196695597000,1,1.09979041,221.4100
1625197253387000,0,6.44614457,220.9000
1625197253387000,0,0.31773534,220.9100
1625197323844000,1,1.12953508,220.2800
1625197563910000,1,1.13122171,220.0000
1625197817472000,1,3.86877829,220.0000
1625197823964000,0,0.10029525,219.9100
1625197833362000,0,0.10029525,219.8700
1625198071281000,1,1.08125000,217.5900
1625198071877000,1,0.23925010,217.5900
1625198094078000,1,2.54226481,217.5900
1625198126243000,0,1.13100000,217.7600
1625198156119000,0,0.64900000,218.1400
1625198164151000,1,0.43764806,217.9100
1625198164151000,1,0.00012277,217.9000
1625198543843000,0,1.08125000,218.5900
1625198644431000,1,1.14061501,219.3300
1625198884612000,1,1.13983495,219.2400
1625199022251000,0,1.14030286,219.0000
1625199244813000,1,1.14066706,219.3500
1625201255856000,0,0.41384209,220.4300
1625201433379000,0,0.41384209,220.6900
1625203039970000,0,0.41827185,220.1200
1625204990378000,0,0.15130780,216.1400
1625205874130000,1,1.08125000,218.9900
1625208034923000,1,0.28219799,216.8100
1625209490842000,0,1.08125000,219.9400
1625211433999000,0,0.43962229,220.2800
1625211485689000,0,1.08125000,220.1200
1625211949510000,0,0.41256073,222.8800
1625211959192000,0,0.42150669,223.2100
1625212605667000,0,1.08125000,223.2500
1625212783106000,0,5.60646031,223.2000
1625212783106000,0,1.23894219,223.2900
1625212783110000,0,6.61010224,223.2900
1625212795192000,0,1.08125000,223.5400
1625212827208000,1,42.71000000,223.7200
1625212907825000,0,0.08934155,223.8600
1625212938715000,1,1.08125000,223.6400
1625213781548000,1,2.47641000,225.6800
1625215119202000,0,0.41914356,223.9300
1625215119202000,0,0.44734268,223.9700
1625215119202000,0,0.42762570,224.0300
1625215119202000,0,4.69308705,224.0400
1625215119202000,0,7.13251481,224.0600
1625215119202000,0,5.03810592,224.0600
1625215119202000,0,0.43180454,224.1300
1625218221540000,1,1.08125000,219.5600
1625218221540000,1,7.50558779,219.5600
1625219006566000,1,6.78069516,220.2600
1625219223663000,0,1.08125000,221.2600
1625220949524000,1,1.08125000,217.9800
1625221406761000,0,35.72000000,218.6000
1625222258524000,0,0.55364317,219.0400
1625224766883000,0,0.13516191,222.0300
1625224780733000,0,0.09020421,221.8300
1625224953006000,1,2.37097844,222.1800
1625225333414000,1,1.00000000,221.8500
1625227261790000,0,1.08125000,221.3600
1625227262108000,0,12.28811475,221.3600
1625227731534000,0,0.43564674,221.8300
1625227731534000,0,6.41082598,221.8800
1625227731534000,0,0.41916716,221.9400
1625227731534000,0,6.73336000,221.9700
1625227731534000,0,4.76755805,221.9800
1625229193259000,0,1.08125000,222.3400
1625229193651000,0,8.43100000,222.3400
1625229194017000,0,3.79777282,222.3400
1625229971539000,0,1.08125000,223.2700
1625229972479000,0,37.28875000,223.2700
1625230319694000,1,11.17189315,223.9100
1625230960848000,1,1.09264573,223.0000
1625231593652000,0,7.40297314,225.6100
1625231593654000,0,3.68843255,225.6100
1625231593658000,0,7.40297314,225.6300
1625231600071000,0,7.33079420,226.5000
1625231853450000,1,40.64000000,226.8700
1625233988369000,0,8.09310010,226.9600
1625234558465000,1,41.96000000,226.8100
1625235485430000,1,7.40417850,225.0500
1625235485431000,1,7.40417850,225.0500
1625235485441000,1,7.40417850,225.0500
1625235485497000,1,1.08125000,225.0800
1625235485929000,1,1.90000000,224.1300
1625235485929000,1,6.19310010,224.0300
1625235772185000,0,1.08125000,226.9000
1625236696454000,1,0.29944603,231.0600
1625236736073000,1,0.22166067,230.4200
1625239496133000,0,15.25378966,229.7800
1625242133060000,1,10.84901909,230.5700
1625242133068000,1,24.15098091,230.5700
1625245421203000,0,10.80921183,231.4900
1625264939167000,1,0.53142651,228.5700
1625264939222000,1,1.08125000,228.5700
1625264942604000,1,1.02407724,228.4600
1625266284532000,0,7.26655389,231.4200
1625266284532000,0,3.54602229,231.4200
1625266284532000,0,3.72053160,231.5000
1625266284533000,0,7.26655389,231.5000
1625266284535000,0,4.15066732,231.5000
1625266284535000,0,3.11588657,231.6300
1625266284538000,0,18.51793145,231.6300
1625266284593000,1,1.08125000,231.5300
1625266284694000,0,0.66753058,232.1400
1625266533732000,0,0.44300148,231.9400
1625266857054000,0,10.75525910,232.6100
1625266857054000,0,0.42310837,232.6500
1625266857054000,0,0.42352528,232.7100
1625266857054000,0,5.43923826,232.7400
1625266857054000,0,7.13936093,232.7500
1625266857054000,0,15.05438019,232.7600
1625266857054000,0,0.43743767,232.7700
1625266857054000,0,0.43794817,232.8000
1625266857054000,0,43.16837175,232.8000
1625267037310000,0,1.08125000,232.3400
1625267037864000,0,35.00000000,232.4800
