timestamp ms,type,amount,price
1625962072294000,1,1.08125000,293.7500
1625972409091000,0,1.08125000,290.1600
1625973134233000,0,1.08125000,289.4600
1625977749988000,1,0.99975608,286.9800
1625977749988000,1,4.79877220,286.9700
1625977749990000,1,3.90440276,286.9700
1625977749990000,1,0.51526484,286.8800
1625977749990000,1,1.28819921,286.8600
1625977749990000,1,0.09066147,286.8500
1625977750127000,0,1.08125000,286.9600
1625977750436000,1,16.18516500,286.8300
1625980684214000,0,0.75127445,290.9800
1625983492572000,1,1.08125000,292.2500
1625984738399000,1,1.08125000,290.5900
1625984738439000,1,3.91875000,290.5900
1625984766234000,0,2.68921000,290.4700
1625986179366000,0,2.74587641,289.1900
1625990039162000,1,8.43200000,289.8800
1625990040292000,1,7.58286822,289.8800
1625990242189000,0,0.69378896,290.2900
1625991064776000,1,0.44887054,288.7400
1625992035017000,0,10.19227694,291.4100
1625992115301000,0,1.20076044,292.6000
1625992505332000,1,0.42334689,290.2900
1625993345976000,1,0.43900945,291.4200
1625995804939000,0,8.54179598,292.9800
1625995804939000,0,20.56327910,292.9800
1625995805050000,1,8.54179598,293.0000
1625995805112000,1,1.08125000,293.0000
1625995805120000,1,34.16711020,293.0000
1625995806374000,1,8.43200000,293.0000
1625995812481000,1,8.54024300,293.0000
1625995812579000,1,34.16322185,293.0000
1625995813145000,1,34.16517314,293.0000
1625995813665000,1,17.39003067,293.0000
1625998488940000,0,1.08125000,293.7700
1626000359683000,0,8.52036190,293.7000
1626000359771000,1,8.52036190,293.7000
1626000359780000,1,1.08125000,293.7000
1626000359913000,1,13.11833093,293.7000
1626005782043000,0,2.34447595,296.1600
1626005968081000,1,0.11455766,296.0000
1626011125871000,1,6.68327423,296.6800
1626012017405000,0,1.00000000,299.0000
1626012683638000,0,0.42974194,298.4900
1626012748358000,0,0.99999999,298.4900
1626012748541000,0,0.00000001,298.4900
1626013133972000,0,1.08125000,298.6100
1626013849277000,0,5.64553083,300.2600
1626013888860000,0,0.08303716,301.0700
1626014717483000,0,1.12483872,303.6900
1626014717488000,0,5.58895596,303.6900
1626015720084000,1,5.56313590,304.5100
1626015720091000,1,5.56313590,304.5100
1626015720092000,1,5.56313590,304.5100
1626015720096000,1,1.08125000,304.5100
1626016129115000,0,5.56599627,305.0700
1626016129118000,0,5.56599627,305.0700
1626016670072000,0,5.56778208,305.2400
1626016670083000,0,0.21821670,305.2400
1626016670083000,0,2.41177869,305.2400
1626016670083000,0,3.15600339,305.3500
1626016670084000,0,5.56778208,305.3500
1626016670170000,0,1.08125000,305.3700
1626017277172000,0,0.42997148,305.0900
1626017701516000,1,1.08125000,305.2200
1626018333991000,0,0.42164336,304.4800
1626018333991000,0,6.14693257,304.4800
1626019102966000,0,1.08125000,307.0000
1626019109401000,1,0.10036464,306.5100
1626019501965000,1,8.43200000,305.5900
1626020015325000,0,1.08125000,305.8800
1626020206243000,1,0.84265325,304.2600
1626020282123000,1,5.58779594,302.1200
1626020282125000,1,5.58779594,302.1200
1626020282126000,1,4.18406563,302.1200
1626020282128000,1,5.58779594,302.1200
1626020282136000,1,1.08125000,302.1200
1626020326586000,1,5.59392753,301.9300
1626020326615000,1,1.08125000,301.9300
1626022042092000,1,5.52666280,306.3100
1626022114876000,0,1.08125000,307.3300
1626022115649000,0,4.91408048,307.3300
1626022115657000,0,5.52662876,307.3300
1626022115662000,0,4.49290898,307.3300
1626023500397000,0,2.92197204,307.4000
1626025910895000,0,0.08000000,305.1200
1626027429236000,1,0.43184793,304.2400
1626027429236000,1,0.56815207,304.2000
1626027941073000,0,1.67372958,304.8000
1626028006790000,1,5.55568382,304.8800
1626028006791000,1,2.63726471,304.8800
1626028006791000,1,1.08131081,304.6800
1626028006791000,1,1.83710830,304.6700
1626028006843000,1,9.63506222,304.6700
1626028006843000,1,2.70335674,304.6000
1626028006843000,1,49.58158104,304.5900
1626028046335000,1,0.58929000,303.7100
1626029081276000,0,5.55460840,306.0500
1626029081280000,0,2.62138622,306.0500
1626029081280000,0,2.93322218,306.2800
1626029081337000,0,11.44265276,306.2900
1626029081337000,0,16.36201052,306.3100
1626029081337000,0,14.74533672,306.3400
1626029081415000,1,1.08125000,306.1100
1626029081470000,0,8.17590000,306.0500
1626029081496000,0,5.55197499,306.0500
1626029081501000,0,5.55197499,306.0500
1626029081502000,0,4.83648548,306.0500
1626029082351000,1,0.53395707,306.4700
1626029325283000,0,1.88841997,306.8700
1626029886466000,1,8.43200000,306.5900
1626029899707000,1,1.08125000,306.5900
1626029901303000,1,6.54027425,306.5900
1626035007732000,0,6.49590300,305.5200
1626035031710000,0,32.41175479,305.4300
1626035073468000,1,0.81870578,304.9600
1626035193419000,1,0.79918035,305.1700
1626035433481000,1,0.81921551,304.2700
1626035553528000,1,0.81921551,304.7800
1626035651811000,0,0.58028000,305.3100
1626035673625000,1,0.82007544,304.7800
1626036020029000,1,5.57908692,303.2600
1626036020030000,1,5.57908692,303.2600
1626036020032000,1,5.57908692,303.2600
1626036020088000,1,1.08125000,303.2600
1626036026343000,1,0.41613044,303.2600
1626036063924000,1,2.02946559,303.1100
1626036299476000,1,33.02341119,303.0000
1626036318862000,1,7.27751290,303.0000
1626036394114000,1,0.11729951,302.7400
1626036754206000,1,0.82610993,302.4900
1626036874329000,1,0.12300801,302.6900
1626036894017000,0,0.82538945,303.1400
1626036994866000,1,0.82475209,302.6000
1626037234787000,1,0.82722166,301.2100
1626037354740000,1,0.82926991,300.8900
1626037715062000,1,0.83012352,301.1600
1626037835138000,1,0.83012352,302.1200
1626038075244000,1,0.82666490,302.9200
1626038195252000,1,0.82391325,303.5900
1626038315347000,1,0.82155767,303.9900
1626038435383000,1,0.82085631,304.4200
1626038555607000,1,0.82085631,304.7200
1626038675667000,1,0.81948405,305.7200
1626038795642000,1,0.81691337,305.6100
1626038915787000,1,0.81792900,305.6500
1626039035858000,1,0.81792900,305.7200
1626039056654000,0,2.43342615,307.5700
1626039063038000,0,0.84644783,308.2100
1626039155990000,1,0.81417312,306.3300
1626039276080000,1,0.81611334,306.1600
1626039276243000,1,0.26912431,306.1600
1626039396140000,1,0.81611334,308.5800
1626039516985000,0,0.81079328,307.3500
1626040167059000,0,0.38676014,309.5200
1626040212629000,1,0.16575500,309.6300
1626040896330000,1,0.43181605,309.2100
1626041082158000,1,8.05435499,310.0700
1626041211175000,1,2.32715790,308.7400
1626043067467000,1,2.74587641,305.7300
1626045111911000,0,0.41888992,303.8400
1626045111911000,0,0.20091008,303.8600
1626045589968000,0,5.64400530,304.0200
1626045589977000,0,0.63972898,304.0200
1626046826733000,1,5.61501895,304.3900
1626046826734000,1,2.59000439,304.3900
1626046826734000,1,3.02501456,304.2200
1626046826736000,1,5.61501895,304.2200
1626046826737000,1,5.61501895,304.2200
1626046826739000,1,1.19646710,304.2200
1626048006095000,1,1.08125000,304.9800
1626048236390000,0,1.08125000,303.5300
1626048487211000,0,1.08125000,302.2200
1626053847929000,0,0.19830777,302.5600
1626056538421000,0,5.59706901,306.0600
1626056538424000,0,2.57816719,306.0600
1626056538424000,0,3.01890182,306.0800
1626056538436000,0,5.59706901,306.0800
1626056538437000,0,2.83404494,306.0800
1626056538437000,0,1.90000000,306.1900
1626056538437000,0,0.86302407,306.2400
1626056538437000,0,3.01706648,306.2400
1626056538437000,0,2.58000253,306.2500
1626056558501000,0,4.14671940,306.6200
1626056558501000,0,3.30666089,306.7000
1626056863602000,0,1.08125000,306.5500
1626058584604000,1,5.58151917,307.7600
1626058584632000,1,4.41848083,307.7600
1626060483451000,0,3.69579392,309.1800
1626060489403000,0,6.68313340,309.3300
1626060503107000,0,6.55099896,309.7600
1626060507899000,0,0.09000000,310.0000
1626060549592000,0,3.82731550,310.3700
1626060549592000,0,1.73245536,310.4900
1626060549594000,0,5.55977086,310.4900
1626060549597000,0,2.27606254,310.4900
1626060550553000,1,0.16556291,310.4400
1626060552790000,0,0.65788058,310.7400
1626060690794000,0,6.97297300,311.1700
1626061204498000,1,0.50000000,311.5500
1626061574915000,0,6.70851618,313.2400
1626061586582000,0,0.41743057,313.8100
1626061586582000,0,2.67751501,313.8200
1626061586582000,0,6.64202727,313.8700
1626061586582000,0,0.45718014,313.9000
1626061586582000,0,4.86076891,313.9200
1626061621113000,0,7.96661213,314.2100
1626061621113000,0,1.41868240,314.2100
1626061698195000,0,0.08000000,315.0000
1626061698195000,0,0.36152867,315.0800
1626061831955000,0,7.93803245,315.3000
1626061835714000,0,7.93803245,315.3000
1626061835714000,0,1.51156252,315.4700
1626061835714000,0,3.10402163,315.5100
1626061866428000,0,7.92636595,315.7100
1626061866428000,0,1.90000000,315.7400
1626061866428000,0,4.99347682,315.8500
1626061940584000,0,7.93358280,315.4300
1626061940584000,0,0.90294599,315.5500
1626061940584000,0,5.68659141,315.5600
1626062183358000,0,0.75771624,318.1100
1626062183368000,0,1.08125000,318.1100
1626062290481000,0,0.42614856,317.6500
1626062290481000,0,0.02327397,317.7400
1626062384031000,0,0.44194425,318.0100
1626062629955000,0,0.44228154,317.3700
1626062637489000,0,7.88600898,317.4100
1626062637489000,0,0.56879366,317.4100
1626062637489000,0,10.14816020,317.4500
1626062701280000,0,7.87875041,317.8000
1626062701280000,0,0.55575809,317.9000
1626062701280000,0,10.14446194,317.9900
1626062734981000,0,0.39945112,317.9100
1626062734981000,0,7.87476046,317.9200
1626064324174000,1,1.75994421,317.2700
1626064745096000,1,0.50000000,317.9800
1626066189823000,1,0.43831105,316.9400
1626066189823000,1,0.72526790,316.9100
1626066915942000,0,1.08125000,314.9000
1626068692633000,0,1.08125000,315.5500
1626070204766000,0,3.76839973,315.1100
1626070204766000,0,0.42430628,315.1200
1626070204766000,0,3.74054312,315.1500
1626071959908000,0,0.37099945,318.4400
1626071980560000,0,5.39050635,318.6900
1626071980561000,0,2.46151566,318.6900
1626071980561000,0,2.92899069,318.8400
1626071980563000,0,5.39050635,318.8400
1626071980567000,0,2.67379312,318.8400
1626071980567000,0,2.71671323,318.9500
1626071980571000,0,1.00653611,318.9500
1626071980571000,0,4.38397024,318.9600
1626072147945000,0,6.62911343,320.5700
1626072147945000,0,0.37088657,320.5900
1626072369626000,1,1.18697340,319.5200
1626072760001000,0,1.08125000,321.4300
1626073184683000,1,0.14898229,319.3800
1626073676189000,0,31.43288564,318.0000
1626073681689000,0,1.08125000,318.0000
1626073681690000,0,31.42779990,318.0000
1626073682271000,0,22.67637681,318.0000
1626073682384000,0,0.54062500,318.5600
1626073840110000,0,0.43786467,319.2900
1626073840110000,0,0.10276033,319.3000
1626074169202000,1,0.58178948,320.5300
1626074807493000,1,0.29089474,319.0700
1626074937184000,1,0.35000000,319.8800
1626076198993000,0,0.44924691,317.1000
1626076198993000,0,1.60000000,317.1300
1626076198993000,0,7.88994983,317.1600
1626076198993000,0,0.42459189,317.1700
1626076198993000,0,6.78327238,317.2400
1626076198993000,0,0.74662476,317.2400
1626076198993000,0,0.42386269,317.2600
1626076198993000,0,3.74351068,317.2900
1626076198993000,0,1.56066255,317.3200
1626077098126000,1,1.00000000,315.5000
1626077098757000,1,7.92940292,314.9900
1626077098757000,1,6.55314225,314.9700
1626077098757000,1,18.83330872,314.9400
1626077373409000,0,7.85176212,315.3200
1626077833427000,0,6.53743213,317.5200
1626077833427000,0,1.60000000,317.5300
1626077833427000,0,4.45916606,317.5900
1626078020479000,0,3.53581188,318.4700
1626078020479000,0,1.77772541,318.4800
1626078029333000,0,1.60000000,318.5000
1626078029333000,0,7.54808777,318.5500
1626078216329000,0,1.00000000,317.6300
1626079093130000,1,1.00000000,317.1600
1626080480307000,1,4.78414294,315.8900
1626080480523000,0,1.08123751,315.6000
1626081324531000,1,4.19386756,315.0000
1626081324561000,1,4.02130704,315.0000
1626083386802000,0,2.42060154,313.8600
1626083574368000,0,3.15354727,313.5600
1626083574368000,0,1.84645273,313.5700
1626083805888000,0,1.08125000,311.9900
1626084033284000,1,1.00000000,310.0000
1626085274582000,0,1.00000000,310.6500
1626085568352000,1,1.00000000,310.4100
1626087215458000,1,1.08125000,309.8300
1626087251525000,1,7.81007618,309.4400
1626087356624000,0,1.08125000,310.2600
1626089382295000,1,6.56857593,309.6000
1626089660060000,0,1.08125000,311.6200
1626089782050000,0,1.00000000,311.4100
1626090599648000,0,8.04311080,311.1800
1626091075857000,0,8.05889810,310.5300
1626092865682000,1,1.08125000,308.9600
1626092865743000,1,5.41125133,308.9600
1626092866280000,1,6.69197201,308.6400
1626092866280000,1,0.86915297,308.4500
1626092866280000,1,0.44603092,308.4400
1626092866280000,1,8.05978083,308.4100
1626094006952000,1,0.92780170,307.9500
1626094408389000,1,1.08125000,310.8200
1626095317724000,0,13.41187894,310.0000
1626095566269000,1,16.01547657,309.5000
1626097185321000,1,5.42072262,308.6000
1626097185329000,1,2.67317417,308.6000
1626097185329000,1,2.74754845,308.4200
1626097197158000,0,1.00000000,308.1400
1626097966730000,0,1.60000000,308.0700
1626098120018000,0,1.08125000,308.2500
1626101601268000,1,1.08125000,306.1500
1626102108401000,1,1.08124232,304.8400
1626102780349000,1,0.82010234,304.3700
1626106265478000,0,1.71850614,301.8700
1626106265482000,0,2.21250707,301.8700
1626106265482000,0,3.29416291,301.9100
1626106265681000,0,5.50658996,301.9100
1626106265833000,0,1.02861397,301.9100
1626106312346000,0,0.09888913,302.9500
1626106464222000,1,2.34447595,301.6300
1626106719204000,0,0.07773429,301.5400
1626106813439000,0,1.00000000,300.9000
1626106813793000,1,0.42368852,300.4400
1626106813793000,1,0.41726244,300.3400
1626106813793000,1,15.17452561,300.3300
1626106996050000,0,0.09920634,301.2000
1626107173421000,1,5.52127763,300.4700
1626107682839000,0,0.09934760,301.3800
1626107716619000,1,1.08125000,301.1900
1626107720368000,1,9.46312398,301.1900
1626108151888000,1,5.52189211,300.5600
1626108151889000,1,2.78821178,300.5600
1626108151889000,1,2.73368033,300.5200
1626108151893000,1,4.38175638,300.5200
1626108151950000,1,0.72978634,300.3800
1626108368540000,0,0.09931801,296.5100
1626108368740000,1,0.13456215,295.9700
1626109306583000,1,2.42060154,297.9800
1626109338146000,0,1.08125000,298.6500
1626109338175000,0,3.96771609,298.9600
1626109481720000,0,3.90341143,298.8100
1626109491208000,0,0.55594763,298.6800
1626110342420000,1,0.84228968,296.0800
1626110406539000,0,0.77776280,296.8900
1626110496413000,0,1.08125000,298.3000
1626110672000000,1,1.08125000,297.3700
1626112630683000,0,29.36000000,296.4200
1626115885138000,1,6.00000000,295.9200
1626115922324000,1,0.23400000,295.0100
1626116353270000,0,0.23400000,294.4900
1626116386575000,0,0.43697485,294.8100
1626116386575000,0,8.48832168,294.8400
1626116386575000,0,2.70860027,294.8400
1626116386575000,0,0.41824331,294.8800
1626116386575000,0,22.61000000,294.8800
1626116386575000,0,11.88579096,294.9100
1626116386575000,0,4.02089130,294.9400
1626116386575000,0,0.43677285,294.9500
1626116386575000,0,6.59800668,294.9500
1626116386575000,0,10.05285072,294.9800
1626116386692000,1,8.48832168,295.0000
1626116386711000,1,33.94879953,295.0000
1626116386918000,1,1.25012321,295.0000
1626116386996000,1,1.25012321,295.0000
1626116387252000,1,4.68487161,295.0000
1626116789818000,0,8.43361274,296.8600
1626116794436000,0,0.00004197,296.8600
1626116972608000,0,5.58439678,298.6400
1626116972610000,0,1.08125000,298.6400
1626117030653000,0,8.39085099,298.3400
1626117030725000,1,5.25438598,298.3400
1626117067907000,0,0.06928537,298.6200
1626117422708000,1,16.17996501,297.2800
1626117482953000,0,0.23400000,297.0000
1626118493885000,1,1.54072409,292.0000
1626118493885000,1,0.45927591,292.0000
1626118637802000,0,0.23400000,294.0000
1626118737745000,1,0.42156667,293.9100
1626118737745000,1,7.57843333,293.8500
1626118840428000,0,4.01490878,295.3900
1626118840428000,0,8.47305978,295.4000
1626118840428000,0,39.99446385,295.4700
1626118923780000,0,0.35858000,295.5400
1626118924140000,0,0.35822000,295.5400
1626118924554000,0,0.35763000,295.5400
1626120458803000,0,1.56316000,291.7800
1626120463567000,0,39.50000000,291.7800
1626120463609000,0,1.08125000,291.7800
1626120466823000,0,7.38320000,291.7800
1626120471512000,0,0.00008624,291.7800
1626120712129000,0,0.43284009,294.1200
1626120712129000,0,0.56715991,294.1900
1626120984633000,1,1.00000000,295.4800
1626121122775000,0,0.44563774,296.9400
1626121122775000,0,8.42577047,297.0100
1626121122775000,0,16.77769853,297.0100
1626121123120000,0,0.43125517,296.9900
1626121123120000,0,8.98228819,297.0100
1626121123120000,0,8.42577047,297.0100
1626121123120000,0,0.41181124,297.0800
1626121123120000,0,3.99367542,297.1100
1626121123120000,0,1.16278022,297.1100
1626121123120000,0,11.91528206,297.1200
1626122008195000,0,5.07843510,295.4900
1626122896673000,1,6.67506117,295.0100
1626127368406000,1,6.83413263,294.5700
1626132613129000,0,1.08125000,297.0100
1626132896064000,0,2.35814016,297.2300
