timestamp ms,type,amount,price
1624492887580000,0,0.44598901,209.1300
1624492887580000,0,1.06397343,209.2600
1624492888634000,0,2.64510000,209.2600
1624492891502000,1,2.99578341,208.7000
1624492891548000,1,0.00000001,208.7000
1624492898719000,0,7.72796792,208.9600
1624492981364000,1,0.42520260,207.2200
1624493434927000,1,0.44405168,206.7100
1624494327876000,1,0.09735000,207.8900
1624494327876000,1,0.33515000,207.8800
1624494560726000,1,0.09727000,208.0700
1624494983146000,1,12.05959430,207.1000
1624494983146000,1,16.87899852,207.0700
1624494983146000,1,0.42624277,206.9800
1624494983146000,1,0.22166624,206.9500
1624494983146000,1,4.76536500,206.9400
1624494983146000,1,0.55398608,206.9300
1624494983146000,1,4.19415185,206.9200
1624495219850000,1,4.31417903,206.2200
1624496177905000,0,8.43200000,203.2700
1624496440858000,0,0.10063000,201.7100
1624496440858000,0,8.61226233,201.7100
1624496457723000,0,0.10052000,201.9400
1624496499398000,1,7.75734618,201.5000
1624496520056000,0,3.93998107,201.6600
1624497929490000,0,0.43250000,203.2500
1624498312957000,0,8.43100000,202.8800
1624498541172000,0,7.39138247,201.8200
1624498578970000,1,1.08733721,201.2500
1624498578970000,1,2.71840360,201.1500
1624498578970000,1,4.37124981,201.1400
1624498578970000,1,5.60458894,201.1400
1624498579140000,1,1.08733721,201.1500
1624498579140000,1,2.71840360,201.1200
1624498579140000,1,7.07143075,201.0200
1624498579178000,0,0.10063000,200.9400
1624498579273000,0,0.10062000,200.9400
1624498622067000,1,1.66050169,199.1300
1624498622272000,1,0.43698302,199.1900
1624498622272000,1,0.46559670,199.1400
1624498640978000,1,0.43250000,199.4600
1624498713487000,0,1.19400000,199.3900
1624499014435000,1,7.69519262,198.5700
1624499014435000,1,0.26373706,198.5600
1624499258059000,1,8.43200000,198.1600
1624499258079000,1,0.61858435,198.1600
1624499258084000,1,3.54972964,198.1600
1624499258364000,0,0.10250000,198.0300
1624499258364000,0,7.30779636,198.0400
1624499295273000,0,0.10294000,197.1900
1624499295273000,0,0.32956000,197.2000
1624499340192000,1,43.77000000,197.0400
1624499349669000,1,0.15192000,196.8900
1624499425988000,0,50.54712135,197.6800
1624499495391000,0,0.10225000,197.9100
1624499504816000,1,0.25889642,197.1100
1624499504816000,1,1.27006052,197.1100
1624499505082000,1,0.10266000,197.1300
1624499518893000,1,0.10332000,196.4600
1624499519269000,1,0.10332000,196.4600
1624499616951000,1,0.43250000,197.7100
1624499616964000,0,0.10214000,198.1400
1624499624968000,1,0.10236000,197.7200
1624499668772000,0,0.10272000,197.6100
1624499729509000,1,0.43250000,197.1200
1624499781795000,0,0.10300000,197.0700
1624499859763000,1,4.52119364,196.8500
1624499912545000,0,0.10256000,197.3200
1624500587836000,1,0.33943030,196.8400
1624500628889000,1,0.42631348,195.8200
1624500628899000,1,0.26416909,195.8200
1624500628899000,1,0.16214439,195.8200
1624500629207000,1,0.11404283,195.8200
1624500629207000,1,0.31845717,195.8100
1624501205078000,0,0.10299000,197.1000
1624501205078000,0,1.16498219,197.1100
1624502005576000,0,2.58233693,193.2500
1624502006097000,0,0.10473000,193.2500
1624502042729000,0,0.10467000,193.3600
1624502044748000,0,0.10494000,193.4400
1624502225574000,0,0.10499000,193.3500
1624502438072000,0,15.38552163,193.7200
1624502600452000,0,0.10396000,194.6700
1624502663352000,0,0.10440000,194.4400
1624502713087000,1,0.10416000,194.3000
1624503222389000,0,0.10418000,194.8500
1624503584968000,1,0.18091635,193.9300
1624504061994000,0,2.00000000,195.0100
1624504550636000,0,8.43100000,195.0700
1624505718988000,0,0.44481898,198.7100
1624505718988000,0,0.43857653,198.7600
1624505718988000,0,0.70274325,198.8200
1624505718988000,0,5.99590877,198.8400
1624505718988000,0,0.43524345,198.8600
1624505781812000,1,1.66830098,199.2900
1624505784007000,0,0.43250000,199.3400
1624505955922000,1,0.10162000,199.1600
1624506047993000,1,0.42931126,198.8900
1624506047993000,1,1.27411326,198.8800
1624506077914000,0,0.85094260,198.7400
1624506570607000,0,0.10341000,196.2900
1624506832462000,0,0.20000000,197.1800
1624507993127000,0,0.76651026,198.0300
1624509206880000,0,0.43250000,196.8600
1624509888381000,1,0.59254946,197.3900
1624510031290000,1,0.10262000,197.2200
1624510609558000,0,0.10282000,197.4300
1624510702550000,1,0.10257000,197.3100
1624510816724000,1,3.81092479,196.8000
1624510838993000,1,0.43250000,196.2500
1624510839063000,1,2.37127417,196.2500
1624510839088000,1,39.83622583,196.2500
1624510874739000,0,0.10337000,196.3800
1624510944533000,0,50.64035310,197.3100
1624510945076000,0,15.97964690,197.3100
1624511094909000,0,1.71351980,197.7100
1624511107066000,1,0.10252000,197.4000
1624511553469000,1,2.01912273,197.6700
1624513084157000,0,0.10191000,199.1900
1624513084157000,0,12.55662144,199.2000
1624513084157000,0,17.58011684,199.2900
1624513084157000,0,5.82425065,199.2900
1624513084157000,0,8.09401398,199.3900
1624513084157000,0,7.13374980,199.4000
1624513427547000,0,9.13671560,198.8800
1624513834025000,0,8.26628632,199.7300
1624513834135000,0,0.43250000,199.7300
1624513834455000,0,41.31121368,199.7300
1624514606259000,1,0.10123000,199.9300
1624514606259000,1,1.95251635,199.9200
1624514988122000,1,0.10198000,199.0900
1624517126336000,0,8.43100000,200.1800
1624517126655000,0,0.35137162,200.3000
1624518008712000,0,0.15000000,200.9800
1624518050051000,0,0.15000000,200.9700
1624518109413000,1,0.10095000,200.4800
1624518275846000,1,15.14860805,199.7200
1624518276405000,1,9.13671560,199.3900
1624518311284000,0,0.10164000,199.7100
1624519481745000,1,0.10074000,200.9000
1624519822283000,0,2.93819780,202.4200
1624520355411000,0,6.39117252,201.1900
1624521742683000,1,0.41735280,199.6300
1624522150655000,1,1.25596583,199.1000
1624522270748000,1,1.25518548,199.1100
1624522540589000,0,5.97306606,199.7500
1624522607247000,0,0.43832475,200.9600
1624522751450000,1,1.24402866,201.1000
1624523111903000,0,1.24508192,200.7900
1624523376809000,1,1.92572154,200.0400
1624523376809000,1,4.81480711,200.0200
1624523376809000,1,0.43466279,200.0100
1624523376809000,1,7.97341661,200.0100
1624524818862000,0,5.24130218,201.2000
1624524844917000,0,0.43728979,201.8200
1624525913906000,0,3.32628309,202.8300
1624526293228000,1,1.23353234,202.4500
1624526413384000,1,1.23487280,201.6500
1624526566545000,0,1.23977188,201.3900
1624527546679000,0,0.44012719,202.5800
1624527548196000,0,9.91841553,202.7300
1624527549951000,0,15.08535815,203.2200
1624528243861000,0,2.56500794,201.3600
1624529589399000,0,0.14825063,202.2800
1624529896904000,1,3.32628309,203.0700
1624529948064000,1,6.39117252,202.7600
1624530616632000,0,1.23389763,202.6100
1624530736481000,0,1.23566627,202.3200
1624530856569000,0,1.20792275,201.9500
1624531119798000,1,4.06483644,201.2800
1624531156738000,1,1.23823675,201.7100
1624531396863000,1,1.23940310,200.7400
1624531756995000,1,0.43815875,200.7200
1624531756995000,1,0.80723329,200.6800
1624531885635000,0,1.24457063,200.7600
1624532417130000,1,1.25313283,199.7000
1624532612750000,0,4.07922421,200.5700
1624535604503000,1,0.66531804,204.0400
1624535604906000,0,1.03764728,204.5300
1624536371366000,0,0.43250000,206.5900
1624536498741000,1,1.21012633,205.9600
1624536859331000,1,1.21202424,206.2500
1624537656547000,1,10.00000000,205.6300
1624538828867000,0,10.10023762,206.2100
1624539105926000,0,8.78108108,207.2000
1624539614311000,0,6.24821600,207.4000
1624540043001000,1,2.42706261,205.2000
1624541882215000,0,0.91377487,205.9100
1624542261071000,1,1.21530309,205.2800
1624542280582000,1,6.24821600,205.1700
1624542381262000,1,1.21844234,205.0800
1624542616784000,1,1.72966492,204.9900
1624542619891000,0,3.49417101,205.0100
1624542620840000,1,4.32518255,204.9300
1624542741299000,1,1.22153816,204.5400
1624542861282000,1,1.22201583,204.6500
1624542981371000,1,0.43062091,204.6600
1624542981371000,1,0.79097693,204.6400
1624543101433000,1,1.22123980,204.7700
1624543160473000,0,0.41876917,205.2000
1624543160569000,0,2.13510000,205.2000
1624543160578000,0,0.00004783,205.2000
1624543169642000,0,0.43250000,205.8000
1624543221511000,1,1.21359223,205.8700
1624543245133000,1,1.00000000,205.9100
1624543341562000,1,1.21359223,204.9400
1624543461650000,1,1.21986923,204.4000
1624543574859000,1,43.71000000,203.8200
1624543574859000,1,12.26152958,203.7500
1624543574859000,1,7.95008801,203.7200
1624543574859000,1,1.87633553,203.6900
1624543574859000,1,17.16614140,203.6800
1624543574859000,1,12.19498270,203.5400
1624543574859000,1,26.85700000,203.5300
1624543574859000,1,4.69150578,203.5200
1624543574859000,1,1.90000000,203.5100
1624543574859000,1,24.51374648,203.5000
1624543574859000,1,49.04528049,203.3100
1624543574859000,1,6.40000000,203.1900
1624543574859000,1,100.00000000,203.1800
1624543574965000,0,1.90000000,203.0000
1624543574965000,0,4.68911829,203.0000
1624543574966000,0,6.31300000,203.0000
1624543574968000,0,8.43100000,203.0000
1624543574976000,0,49.03652427,203.0000
1624543575003000,0,126.45629612,203.0000
1624543575040000,0,7.34944000,203.0000
1624543575065000,0,0.49261084,203.0000
1624543575183000,0,18.66801615,203.0000
1624543575322000,0,4.90684415,203.0000
1624543575426000,0,32.58919858,203.0000
1624543575489000,0,49.02725118,203.0000
1624543575692000,0,40.48000000,203.0000
1624543576015000,0,49.02771498,203.0000
1624543576346000,0,24.51786926,203.0000
1624543576347000,0,24.51786926,203.0000
1624543576348000,0,49.03573852,203.0000
1624543576350000,0,17.16250849,203.0000
1624543576354000,0,12.25893463,203.0000
1624543576434000,0,18.16277060,203.0000
1624543576469000,0,24.08094761,203.0000
1624543576555000,0,12.95264900,203.0000
1624543576558000,0,49.02615780,203.0000
1624543576646000,0,56.50131042,203.0000
1624543576669000,0,39.74000000,203.0000
1624543576676000,0,39.22855974,203.0000
1624543576816000,0,15.11908735,203.0000
1624543643860000,0,0.43250000,203.9100
1624543897708000,1,4.62999960,203.6800
1624543897708000,1,0.42240345,203.6200
1624543932109000,0,4.62998362,203.6900
1624544170838000,1,0.43443198,204.0700
1624544170838000,1,0.43687874,204.0200
1624544239124000,0,0.43250000,204.4500
1624544753292000,0,25.21813984,204.9500
1624544962135000,0,1.22058392,204.8200
1624547371062000,0,0.42722151,206.3700
1624547672074000,0,6.11880101,209.5100
1624548492625000,0,0.45128986,210.5700
1624548492625000,0,0.45128986,210.5700
1624548520855000,1,0.14825063,210.3400
1624548520855000,1,0.14825063,210.3400
1624548807547000,0,8.17754663,210.6800
1624548807547000,0,3.70029750,210.6800
1624548807547000,0,4.47724913,210.7900
1624548807557000,0,3.42638285,210.7900
1624548807575000,0,8.72406960,210.7900
1624548807575000,0,0.70274325,210.8700
1624548807575000,0,19.78595334,210.9000
1624548807635000,0,3.97682131,210.9000
1624548807635000,0,3.08084869,210.9500
1624548843127000,0,7.14209000,212.5900
1624548850557000,1,0.14649152,212.8300
1624549432382000,0,6.00000000,211.5900
1624550006342000,1,6.11880101,209.6600
1624550051215000,0,0.47940936,208.5900
1624550055814000,1,2.32414344,208.2300
1624550055815000,1,0.11155909,208.2300
1624550055815000,1,6.08925632,208.2300
1624550216178000,1,4.93326740,207.7700
1624550216178000,1,1.97273899,207.7700
1624550216178000,1,1.23599288,207.7600
1624551177171000,1,0.43250000,208.3500
1624551463371000,1,12.02060408,207.8100
1624551463371000,1,6.91949310,207.8000
1624551465670000,1,4.73502430,207.8100
1624551470323000,1,1.18375607,207.8800
1624551501411000,1,0.29593902,207.9600
1624552675691000,0,0.43422484,210.7400
1624552966173000,0,1.00226928,211.5200
1624553445358000,0,8.43100000,212.6100
1624554463208000,0,0.43250000,215.0000
1624554464481000,0,1.62607308,215.0000
1624554464808000,0,0.43250000,215.0000
1624554465136000,0,33.20377692,215.0000
1624554484484000,1,8.43200000,215.0000
1624554490032000,1,46.54957949,215.0000
1624554490053000,1,11.63739488,215.0000
1624554490545000,1,18.44665353,215.0000
1624555250336000,1,2.03430000,215.0300
1624555496176000,1,0.35300000,216.6700
1624555511629000,0,0.44954990,216.6700
1624555511629000,0,5.47049387,216.7000
1624555914387000,1,4.07922421,215.0900
1624556485866000,0,26.73546640,215.3800
1624556485866000,0,6.95004000,215.3800
1624556485866000,0,11.61631491,215.4000
1624556485866000,0,1.12650944,215.4100
1624556514318000,1,11.61499786,215.1400
1624556514442000,0,11.61499786,215.1000
1624556514480000,0,11.61401071,215.1000
1624556514575000,0,46.46524726,215.1000
1624556518184000,0,2.90000000,215.1000
1624556519284000,0,0.85637421,215.1000
1624557606663000,0,0.42634760,217.5600
1624558191798000,1,8.43200000,215.7000
1624558675781000,1,0.62027044,215.5900
1624558816560000,1,1.71351980,215.3600
1624559087756000,0,0.43942034,215.2800
1624559087756000,0,0.42938138,215.2900
1624559087756000,0,0.41967533,215.3400
1624559087756000,0,4.35758400,215.3800
1624559087756000,0,2.45952666,215.4200
1624559087762000,0,6.50894973,215.4200
1624559087820000,0,11.62503485,215.3100
1624559087820000,0,7.29926255,215.4200
1624559087820000,0,1.90000000,215.5900
1624559087820000,0,20.75570260,215.6500
1624559087902000,0,0.46117526,217.1300
1624559125762000,0,0.41802316,217.5400
1624559129855000,0,0.44704559,217.8800
1624559129855000,0,0.01412967,217.8900
1624559619836000,1,0.43769971,216.5000
1624562742763000,1,5.92004377,214.6800
1624564112262000,1,0.69724085,213.3900
1624564492343000,0,4.09120581,214.4600
1624565756552000,0,0.43250000,215.4100
1624565792055000,1,3.65870581,215.2300
1624565819256000,1,3.05787931,215.1700
1624567110950000,0,0.42758923,214.0000
1624567110950000,0,3.68750422,214.0000
1624570146302000,1,10.00000000,212.1100
1624571358523000,0,10.45273224,212.0000
1624573585879000,0,4.91713309,210.8200
1624573586246000,1,8.78108108,210.4800
1624573586295000,1,0.51882364,210.4800
1624575059975000,1,8.28137817,209.0300
1624575059976000,1,3.66698269,209.0300
1624575059976000,1,4.61439548,209.0200
1624575740645000,0,0.43250000,210.1000
1624576241368000,0,0.25941182,209.5000
