timestamp ms,type,amount,price
1623024922060000,0,0.02812276,43256.0600
1623024925713000,0,0.02814041,43287.2000
1623024931159000,0,0.10605842,43355.6900
1623025035464000,1,0.00221683,43320.6700
1623025322108000,1,0.00417310,43254.8800
1623025777616000,1,0.00048484,43231.8000
1623027831997000,0,0.02066463,43582.1100
1623028431563000,0,0.01919580,43439.7700
1623030401331000,0,0.00519500,43951.0300
1623030401348000,0,0.00000500,43951.0300
1623030401348000,0,0.09184911,43951.0400
1623030669231000,1,0.01318744,43922.9500
1623030780816000,1,0.01502869,43939.4900
1623031229295000,1,0.01639952,44120.8000
1623031484359000,1,0.03207252,43935.4800
1623031788653000,0,0.02691791,44005.2800
1623031788786000,0,0.02192800,44005.2800
1623031992914000,0,0.00520000,43991.3600
1623031992914000,0,0.00048090,43993.3100
1623032462192000,0,0.00120985,43959.4400
1623032473192000,0,0.00491688,43967.0500
1623032956789000,0,0.00422009,43858.1600
1623033024365000,0,0.00253505,43864.3900
1623033182355000,0,0.03417439,43814.2000
1623033182400000,0,0.03445537,43814.2000
1623035834451000,0,0.03230817,44034.6800
1623035834506000,0,0.03446117,44034.6800
1623037204643000,1,0.00836481,43698.7800
1623037204643000,1,0.00836408,43694.0200
1623038847542000,0,0.00520000,44016.1200
1623039304443000,0,0.03409882,44043.8000
1623039304535000,1,0.01247860,44044.3000
1623039973175000,0,0.00400000,43763.4400
1623039973265000,0,0.03330801,43763.4400
1623040175563000,0,0.00411735,43736.7300
1623040175588000,0,0.00400000,43736.7300
1623040497269000,0,0.01554116,43810.0700
1623042831501000,1,0.00158116,43728.9200
1623042831754000,1,0.00444818,43725.6300
1623043240392000,1,0.01000000,43717.5700
1623043475793000,0,0.01000000,43700.8100
1623043960725000,1,0.00330354,43551.7700
1623043961306000,1,0.00416336,43551.7700
1623044361731000,0,0.00530561,43709.0600
1623044874346000,0,0.02811215,43924.9600
1623044878346000,0,0.01565946,43942.3100
1623045033001000,0,0.01000000,44018.8200
1623045033105000,0,0.01160000,44018.8200
1623045287341000,0,0.01000000,44146.3400
1623045314934000,0,0.00311626,44121.6300
1623045389198000,0,0.01864518,44144.9200
1623045722677000,1,0.00970000,44145.6900
1623045722677000,1,0.00335902,44130.9100
1623045836572000,1,0.00499471,44022.3300
1623046288384000,1,0.01000000,43969.7300
1623046288550000,1,0.02445892,43969.7300
1623046289295000,1,0.01000000,43892.3800
1623046672637000,0,0.02906994,43969.4600
1623046754797000,0,0.00980000,43905.0600
1623046754798000,0,0.00040000,43905.0600
1623046754798000,0,0.00930000,43917.0200
1623046754814000,0,0.00040000,43917.0200
1623046754814000,0,0.00980000,43919.6800
1623046754814000,0,0.00896384,43920.4200
1623047511906000,0,0.00603902,43720.6600
1623047877908000,1,0.01000000,43659.3100
1623049089719000,1,0.00603902,43558.9300
1623049235296000,1,0.00927900,43498.6400
1623049240601000,1,0.00970000,43465.9500
1623049241386000,1,0.00352249,43453.9700
1623049274814000,1,0.01020000,43423.8300
1623049437211000,0,0.00960000,43461.5200
1623050586520000,0,0.01010000,43465.6800
1623050590425000,0,0.00990000,43476.5700
1623051410987000,1,0.00970000,43328.2000
1623051410987000,1,0.00309000,43320.7900
1623052899391000,0,0.00520000,43518.2000
1623052929190000,0,0.00980000,43605.8800
1623052929190000,0,0.00520000,43610.3700
1623052929328000,0,0.00950000,43614.8600
1623053522470000,1,0.00990000,43273.3300
1623053945932000,0,0.00343420,43181.5200
1623055478714000,1,0.00879965,43108.6300
1623056618533000,1,0.00970000,43028.7000
1623056618901000,1,0.00837779,43017.3000
1623056618957000,1,0.00172221,43017.3000
1623056618957000,1,0.00807779,43007.1900
1623056619007000,1,0.00172221,43007.1900
1623057384334000,1,0.00558450,43231.7700
1623057938693000,0,0.00698170,43326.9900
1623058092081000,0,0.00990000,43448.8900
1623058092081000,0,0.05446994,43449.6600
1623058092606000,0,0.00416430,43449.6600
1623058230277000,1,0.00100000,43395.0000
1623058733527000,1,0.00100000,43366.0000
1623060711978000,1,0.00369412,43768.5700
1623061098417000,0,0.01000000,43894.5900
1623061098417000,0,0.00980000,43906.7500
1623061098498000,0,0.00748146,43916.5300
1623061098575000,1,0.00980000,43906.7500
1623061100598000,0,0.01000000,43875.3900
1623061616005000,1,0.01292320,43905.8000
1623061616285000,1,0.01439600,43905.8000
1623061644763000,1,0.00500000,43959.9300
1623063356362000,0,0.01000000,44324.8600
1623063400774000,1,0.00115891,44300.0000
1623063697134000,1,0.00970000,44075.9200
1623063697134000,1,0.00030000,44057.5200
1623063849656000,1,0.00980000,44193.1200
1623063849656000,1,0.00990000,44193.1000
1623063926642000,0,0.00948898,44260.3500
1623065285742000,1,0.01020000,43940.4100
1623065573924000,1,0.00695842,43823.7300
1623065979485000,1,0.00980000,43803.9100
1623065979541000,1,0.00726702,43793.1900
1623065979541000,1,0.01000000,43793.1800
1623065979541000,1,0.00822398,43793.1500
1623065979551000,1,0.00157602,43793.1500
1623066400348000,0,0.00960000,43846.9300
1623066400348000,0,0.01700182,43849.6300
1623067272066000,0,0.00898590,44028.6100
1623069256926000,1,0.01000000,44130.3500
1623069260882000,0,0.01000000,44171.9200
1623071635160000,1,0.00289954,44170.0600
1623071651552000,1,0.00629800,44145.4100
1623071651553000,1,0.00360200,44145.4100
1623071657150000,1,0.00970000,44135.5300
1623072029020000,1,0.01360000,43945.3700
1623072029052000,1,0.00925869,43945.3700
1623072107683000,1,0.03278996,43976.5400
1623072189314000,1,0.03382508,43866.0200
1623072191281000,1,0.00130922,43852.8700
1623072191647000,1,0.00844374,43852.8700
1623072969476000,0,0.01020000,43743.1100
1623073357141000,0,0.01020000,43874.2100
1623073396238000,0,0.00990000,43744.5300
1623073396238000,0,0.02430316,43762.9100
1623074029680000,0,0.01009484,43629.1700
1623074607136000,0,0.00830373,43239.5700
1623074744459000,0,0.01020000,43446.8800
1623074750660000,0,0.00999507,43454.0800
1623074788121000,0,0.01020000,43385.0400
1623074788121000,0,0.00563540,43394.3200
1623077526775000,1,0.01030000,43181.7800
1623077651469000,0,0.04453683,43505.7400
1623077823100000,1,0.00129590,43430.0400
1623077823113000,1,0.01804410,43430.0400
1623080477801000,1,0.00461455,43416.0600
1623080483547000,0,0.02224175,43440.9400
1623080483616000,0,0.01200000,43440.9400
1623082836559000,1,0.00960000,43215.0900
1623083989437000,1,0.00970000,43173.1300
1623084901111000,1,0.00980000,43232.8900
1623084901743000,1,0.00245272,43223.3700
1623085648501000,1,0.01000000,42969.2000
1623085670766000,1,0.01000000,42978.7900
1623085672307000,1,0.00962754,42971.4000
1623085702422000,0,0.00446065,42986.9900
1623086107107000,1,0.00775729,43128.7900
1623086107191000,1,0.00214271,43128.7900
1623086124892000,0,0.00960000,43073.6400
1623086128634000,1,0.00980000,43110.8600
1623086129633000,0,0.00960000,43089.3100
1623086129633000,0,0.00009492,43092.4700
1623086129790000,0,0.00960508,43092.4700
1623086129790000,0,0.00020000,43094.7000
1623086129993000,1,0.00383017,43110.8600
1623086240855000,1,0.00970000,43047.9900
1623087626871000,1,0.00990000,43051.1000
1623087684974000,1,0.00888368,43034.5800
1623087989702000,1,0.00880648,43019.4200
1623089144855000,0,0.00462955,43200.6500
1623089866141000,1,0.00381000,42600.4700
1623089866180000,1,0.00489592,42600.4700
1623089866971000,1,0.00609284,42579.0400
1623091098094000,1,0.03815015,42923.3600
1623091130898000,1,0.06991711,42939.9300
1623091133311000,1,0.04419070,42941.7800
1623091133863000,1,0.04419356,42941.7800
1623091149811000,1,0.01019971,42943.1700
1623091189027000,0,0.01000000,42949.9500
1623091994570000,0,0.00989486,42621.3000
1623092001294000,0,0.00989486,42623.0300
1623092007142000,0,0.01019486,42620.9000
1623092077390000,1,0.00595714,42619.2400
1623092077549000,1,0.00413772,42619.2400
1623092487390000,0,0.36000000,42518.9300
1623092487390000,0,0.00980000,42523.4200
1623092487390000,0,0.00970000,42533.4500
1623092487390000,0,0.01020000,42544.7000
1623092487390000,0,0.03492768,42546.4700
1623092487390000,0,0.03657116,42549.5800
1623092487390000,0,0.01653561,42554.2900
1623093484496000,0,0.00694912,42819.9500
1623093484580000,0,0.00658572,42819.9500
1623093484629000,0,0.01104360,42819.9500
1623093484690000,0,0.01700000,42819.9500
1623093485964000,1,0.01000000,42802.7700
1623093592157000,1,0.00140142,42621.7700
1623093592195000,1,0.00739716,42621.7700
1623093592660000,1,0.00140142,42621.7700
1623093708561000,0,0.00494667,42725.1000
1623094847717000,0,0.01000000,43040.4800
1623094853935000,0,0.01000000,43040.4800
1623094918157000,0,0.00904788,43027.0400
1623094918246000,0,0.03509514,43027.0400
1623094918287000,0,0.02400000,43027.0400
1623094918873000,0,0.01182279,43027.0400
1623094918929000,0,0.02857220,43027.0400
1623094919633000,0,0.01000000,43027.0400
1623094921153000,0,0.01000000,43027.0400
1623094935400000,0,0.00300928,42953.8900
1623094935568000,0,0.00317800,42953.8900
1623094935584000,0,0.03491523,42953.8900
1623094935670000,0,0.02827799,42953.8900
1623094936273000,0,0.03469205,42953.8900
1623095008876000,0,0.01999999,42913.0000
1623095008894000,0,0.01400000,42913.0000
1623095049091000,0,0.00700001,42908.8900
1623095049118000,0,0.00800000,42908.8900
1623095049149000,0,0.03425751,42908.8900
1623095049210000,0,0.03149100,42908.8900
1623095049215000,0,0.00546900,42908.8900
1623095049240000,0,0.02410000,42908.8900
1623095049258000,0,0.00450000,42908.8900
1623095049287000,0,0.02460000,42908.8900
1623095049292000,0,0.03494597,42908.8900
1623095049328000,0,0.00460083,42908.8900
1623095049390000,0,0.03500000,42908.8900
1623095049462000,0,0.01146042,42908.8900
1623095049470000,0,0.03517206,42908.8900
1623095049470000,0,0.02443900,42908.8900
1623095049555000,0,0.01555000,42908.8900
1623095049570000,0,0.03121420,42908.8900
1623095080422000,0,0.00242280,42954.4700
1623095092446000,0,0.01000000,42954.4700
1623095119066000,0,0.03471867,42915.4800
1623095119699000,0,0.01000000,42915.4800
1623095130966000,0,0.00400000,42915.4800
1623095188293000,0,0.01103600,42868.6700
1623095274682000,0,0.03525088,42838.7200
1623095281055000,0,0.00825992,42838.7200
1623095284329000,0,0.03511652,42838.7200
1623095284345000,0,0.01167588,42838.7200
1623095284392000,0,0.02708647,42838.7200
1623095284616000,0,0.03543714,42838.7200
1623095284804000,0,0.00802354,42838.7200
1623095297348000,0,0.00374100,42838.7200
1623095297360000,0,0.00375600,42838.7200
1623095297377000,0,0.02891999,42838.7200
1623095297383000,0,0.01443266,42838.7200
1623095297383000,0,0.02013133,42855.5300
1623095297407000,0,0.03300000,42855.5300
1623095297428000,0,0.00638299,42855.5300
1623095298257000,0,0.03400000,42855.5300
1623095298537000,0,0.03457503,42855.5300
1623095298593000,0,0.03509700,42855.5300
1623095298620000,0,0.01141665,42855.5300
1623095298637000,0,0.01049999,42855.5300
1623095298645000,0,0.00373332,42855.5300
1623095298691000,0,0.01713037,42855.5300
1623095299061000,0,0.00373332,42855.5300
1623095299140000,0,0.02393735,42874.7900
1623095299235000,0,0.00386961,42874.7900
1623095317313000,0,0.04644158,42874.9100
1623095317377000,0,0.02760000,42874.9100
1623095323004000,0,0.01201760,42874.9100
1623095324614000,0,0.01400000,42874.9100
1623095341736000,0,0.00659300,42874.9100
1623095341879000,0,0.02880000,42874.9100
1623095342055000,0,0.03474854,42874.9100
1623095342405000,0,0.05190936,42874.9100
1623095342452000,0,0.04516272,42874.9100
1623095342468000,0,0.00062720,42874.9100
1623095342468000,0,0.00930037,42877.7600
1623095342484000,0,0.01557395,42877.7600
1623095342494000,0,0.00690000,42877.7600
1623095342514000,0,0.00745302,42877.7600
1623095342545000,0,0.03400000,42877.7600
1623095342550000,0,0.03425835,42877.7600
1623095342560000,0,0.04820700,42877.7600
1623095342580000,0,0.00992551,42877.7600
1623095342591000,0,0.08558180,42877.7600
1623095342765000,0,0.02000000,42895.4100
1623095342822000,0,0.06601025,42895.4100
1623095342838000,0,0.02130646,42895.4100
1623095342844000,0,0.02845807,42895.4100
1623095342866000,0,0.08812522,42895.4100
1623095344389000,0,0.01600000,42897.2100
1623095344478000,0,0.01000000,42897.2100
1623095344483000,0,0.00610825,42897.2100
1623095344526000,0,0.00609387,42897.2100
1623095344580000,0,0.03251956,42897.2100
1623095344623000,0,0.01575821,42897.2100
1623095344623000,0,0.00250185,42897.2100
1623095344640000,0,0.06304971,42897.2100
1623095344681000,0,0.00311568,42897.2100
1623095344966000,0,0.01820721,42897.2100
1623095345531000,0,0.01450638,42897.2100
1623095345584000,0,0.01923748,42897.2100
1623095345598000,0,0.00696888,42897.2100
1623095345607000,0,0.04234213,42897.2100
1623095345739000,0,0.02749079,42897.2100
1623095384513000,0,0.00800000,42897.7700
1623095388410000,0,0.02816470,42897.7700
1623095388437000,0,0.04218835,42897.7700
1623095388524000,0,0.02655330,42897.7700
1623095388559000,0,0.03511974,42897.7700
1623095388615000,0,0.00362808,42897.7700
1623095388803000,0,0.00862021,42897.7700
1623095404081000,0,0.00712562,42897.7700
1623095413726000,0,0.02306493,42913.1700
1623095413762000,0,0.01130000,42913.1700
1623095413787000,0,0.02360000,42913.1700
1623095414096000,0,0.01227208,42913.1700
1623095414260000,0,0.00396605,42913.1700
1623095414283000,0,0.00495730,42913.1700
1623095414300000,0,0.00297410,42913.1700
1623095414338000,0,0.02926554,42913.1700
1623095414338000,0,0.00373446,42918.5000
1623095414409000,0,0.03510974,42918.5000
1623095414469000,0,0.00297441,42918.5000
1623095414488000,0,0.00396588,42918.5000
1623095414538000,0,0.03400000,42918.5000
1623095414578000,0,0.00756765,42918.5000
1623095414668000,0,0.03477900,42918.5000
1623095414668000,0,0.05276886,42918.5000
1623095437249000,0,0.00300000,42917.7300
1623095437308000,0,0.03494744,42917.7300
1623095437322000,0,0.00349200,42917.7300
1623095437453000,0,0.01756056,42917.7300
1623096467329000,0,0.00460611,42911.3400
1623096467528000,0,0.00539389,42911.3400
1623096661608000,0,0.00354297,42865.7700
1623096661724000,0,0.05259929,42865.7700
1623096661863000,0,0.00618185,42865.7700
1623096661970000,0,0.05816258,42865.7700
1623096661983000,0,0.01176500,42865.7700
1623096662032000,0,0.01777063,42865.7700
1623096662047000,0,0.00459640,42865.7700
1623096662080000,0,0.03524364,42865.7700
1623096662102000,0,0.01363986,42865.7700
1623096662136000,0,0.03634889,42865.7700
1623096662144000,0,0.02728163,42865.7700
1623096662152000,0,0.07200000,42865.7700
1623096662167000,0,0.01189179,42865.7700
1623096662181000,0,0.03896493,42865.7700
1623096662191000,0,0.00605745,42865.7700
1623096662200000,0,0.07039161,42865.7700
1623097289192000,1,0.02592028,42826.5400
1623097324168000,1,0.02616345,42826.5400
1623097324188000,1,0.00223009,42826.5400
1623097324613000,1,0.00641320,42826.5400
1623097325204000,1,0.00555348,42826.5400
1623097342298000,1,0.03440969,42721.3900
1623097753796000,0,0.01030000,42911.2700
1623097818549000,1,0.00272411,42874.4500
1623098949939000,0,0.01000000,42137.7900
1623098950459000,1,0.00931753,42083.6100
1623098966334000,0,0.00970000,42376.9400
1623099038496000,1,0.01824103,41706.0100
1623099038572000,1,0.01749122,41706.0100
1623099038572000,1,0.01000000,41706.0000
1623099038572000,1,0.01000000,41695.1200
1623099038572000,1,0.01056078,41685.1700
1623099038652000,1,0.01824100,41685.1700
1623099038698000,1,0.00703470,41685.1700
1623099040986000,0,0.00703442,41685.1700
1623099051937000,0,0.00444163,41624.8200
1623099054887000,1,0.00444163,41584.2100
1623099054887000,1,0.01110581,41584.2100
1623099056887000,1,0.00438064,41551.6400
1623099065608000,0,0.00990000,41674.7900
1623099079023000,0,0.01010000,41715.6900
1623099080617000,0,0.00960000,41737.1500
1623099081505000,0,0.04809967,41715.6800
1623099082012000,0,0.00980000,41756.0100
1623099090684000,0,0.01000000,41811.2000
1623099091573000,0,0.02152706,41838.5100
1623099094304000,0,0.02626817,41838.5100
1623099126868000,0,0.00664288,41871.2100
1623099136346000,0,0.00590000,41968.8300
1623099136446000,0,0.40218983,41968.8300
1623099162933000,0,0.00923380,42016.1600
1623099252643000,0,0.00470000,41726.1900
1623099346581000,0,0.01010000,41918.9900
1623099346581000,0,0.01000000,41937.8700
1623099355654000,0,0.00990000,41930.5100
1623099355654000,0,0.01020000,41945.8700
1623099362791000,1,0.01113401,41887.7800
1623099369878000,0,0.01000000,41910.1800
1623099373558000,0,0.01000000,41910.1800
1623099375961000,0,0.01000000,41910.1800
1623099376732000,0,0.04287076,41910.1800
1623099376732000,0,0.02915065,41910.1800
1623099379227000,0,0.00347774,41986.8400
1623099379227000,0,0.00990000,41986.8600
1623099379227000,0,0.06460192,42003.3500
1623099379227000,0,0.03617893,42003.7200
1623099379227000,0,0.00980000,42005.7600
1623099379227000,0,0.01477271,42023.1900
1623099384707000,0,0.03230096,42018.7700
1623099384707000,0,0.01030000,42018.7800
1623099384707000,0,0.03772513,42031.8600
1623099418411000,0,0.00126606,42031.8000
1623099418411000,0,0.01727262,42031.8000
1623099418411000,0,0.01668306,42031.8000
1623099419724000,0,0.01000000,42031.8000
1623099421491000,0,0.00238646,42031.8000
1623099421491000,0,0.00761354,42031.8000
1623099424398000,0,0.00347498,42031.8000
1623099444657000,0,0.00734727,42031.8000
1623099444657000,0,0.02227473,42031.8000
1623099444662000,0,0.00673887,42031.8000
1623099444791000,0,0.03556000,42031.8000
1623099446095000,0,0.00299720,42031.8000
1623099446130000,0,0.00857599,42031.8000
1623099446132000,0,0.11296670,42031.8000
1623099446204000,0,0.00970000,42067.7900
1623099446204000,0,0.01727472,42092.5200
1623099446204000,0,0.00551880,42093.5300
1623099449647000,0,0.01875772,42078.9000
1623099463784000,0,0.10318362,42101.5200
1623099463784000,0,0.00065181,42101.5300
1623099490252000,1,0.01575745,41993.4500
1623099490290000,1,0.03691005,41993.4500
1623099507889000,1,0.01530535,41906.3100
1623099508247000,1,0.00264731,41885.6600
1623099508258000,1,0.00725269,41885.6600
1623099508695000,1,0.01020000,41866.4300
1623099512669000,1,0.01050000,41855.9500
1623099549026000,1,0.00969973,41520.7500
1623099556905000,1,0.01000000,41614.1900
1623099562186000,1,0.00347300,41541.5200
1623099601040000,0,0.01000000,41704.4400
1623099605426000,1,0.01010000,41591.1700
1623099605426000,1,0.00179310,41591.1700
1623099605426000,1,0.00448312,41591.1700
1623099621576000,1,0.00999973,41514.8400
1623099622549000,1,0.01000000,41514.8400
1623099629129000,1,0.00172587,41554.6300
1623099634177000,0,0.00970000,41519.7000
1623099634415000,1,0.00250000,41500.0000
1623099634415000,1,0.23100000,41494.8300
1623099634415000,1,0.01030000,41494.8200
1623099657497000,0,0.02481537,41547.3100
1623099661321000,0,0.24016187,41580.0800
1623099671103000,0,0.00470000,41703.2300
1623099736179000,0,0.00960000,41724.4400
1623099736179000,0,0.00980000,41733.2900
1623099736179000,0,0.10886116,41743.0300
1623099767258000,0,0.01030000,41724.3200
1623099767258000,0,0.01020000,41732.6700
1623099767597000,1,0.02981173,41656.4100
1623099767834000,0,0.01000000,41711.4700
1623099767871000,0,0.00800235,41711.4700
1623099767905000,0,0.01126033,41711.4700
1623099769762000,0,0.01030000,41771.5200
1623099769762000,0,0.00990000,41771.5300
1623099769762000,0,0.07202384,41792.4100
1623099775986000,1,0.01030000,41698.8200
1623099775986000,1,0.01030000,41697.6900
1623099775986000,1,0.00990000,41678.9200
1623099775986000,1,0.20049989,41677.9900
1623099776091000,1,0.01029984,41677.9900
1623099776156000,0,0.01019986,41773.1200
1623099781619000,0,0.00000014,41773.1200
1623099781619000,0,0.00970000,41773.1200
1623099800400000,0,0.01000000,41789.3800
1623099800480000,0,0.01916746,41789.3800
1623099819755000,0,0.01000000,41863.3100
1623099819755000,0,0.00980000,41863.3200
1623099819755000,0,0.00990000,41866.4100
1623099820343000,0,0.00970000,41863.3100
1623099820343000,0,0.00040049,41883.4100
1623099831069000,0,0.02911433,41862.4600
1623099831069000,0,0.00588529,41870.5300
1623099831325000,0,0.00394449,41870.5300
1623099885459000,0,0.02140600,41849.0900
1623099885469000,0,0.00775149,41849.0900
1623099886475000,0,0.01300000,41868.8900
1623099886508000,0,0.01600000,41868.8900
1623099961634000,1,0.00170563,41799.3100
1623099962328000,1,0.00168881,41796.7300
1623099962328000,1,0.00422218,41795.2100
1623100030259000,1,0.00152800,41681.1100
1623100030439000,1,0.01020000,41670.3200
1623100045050000,1,0.00128092,41650.8800
1623100045050000,1,0.00325239,41645.8300
1623100055314000,0,0.03767911,41672.6400
1623100055314000,0,0.01030000,41672.6500
1623100055314000,0,0.03645839,41681.7500
1623100055314000,0,0.00970000,41681.7600
1623100055314000,0,0.00586250,41686.4500
1623100061126000,1,0.00285950,41620.0200
1623100061403000,1,0.00114380,41610.9100
1623100061403000,1,0.00485420,41610.9000
1623100061443000,1,0.00114380,41610.9100
1623100061443000,1,0.00173012,41610.9000
1623100063301000,1,0.00114380,41610.9100
1623100063301000,1,0.00101522,41610.9100
1623100063301000,1,0.00361568,41610.9000
1623100063301000,1,0.00578432,41598.7400
1623100064214000,1,0.00101522,41585.1000
1623100064214000,1,0.00101522,41570.0400
1623100064214000,1,0.00114380,41570.0400
1623100064214000,1,0.00710000,41570.0300
1623100065991000,1,0.00990000,41565.8200
1623100067353000,0,0.01030000,41615.2900
1623100067353000,0,0.06394266,41631.2400
1623100067353000,0,0.02575734,41631.2400
1623100084037000,0,0.03197133,41703.8700
1623100084037000,0,0.00960000,41703.8800
1623100091810000,1,0.00875528,41632.9900
1623100145403000,1,0.01010000,41536.3400
1623100404000000,1,0.00101051,41223.7300
1623100404000000,1,0.00262733,41223.7300
1623100404000000,1,0.00980000,41223.7200
1623100404000000,1,0.00135860,41108.5400
1623100404150000,1,0.00101051,41223.7300
1623100404150000,1,0.00007153,41223.7300
1623100519173000,1,0.00094582,41037.1900
1623100519173000,1,0.00242376,41037.1900
1623100524081000,1,0.00091972,41000.0100
1623100524081000,1,0.00370000,41000.0000
1623100524118000,0,0.00239127,40995.3100
1623100524263000,0,0.00052869,40990.7500
1623100553539000,1,0.00116451,40676.8600
1623100553539000,1,0.00302775,40676.8600
1623100556674000,1,0.01010000,40632.7500
1623100572869000,0,0.00600000,40513.0200
1623100622231000,0,0.00980000,40740.2200
1623100625206000,0,0.00970000,40741.1600
1623100667824000,0,0.00600000,40833.8500
1623100700671000,0,0.00980000,40913.0700
1623100707858000,0,0.02995754,40927.1100
1623100714328000,0,0.01000000,40988.0600
1623100714328000,0,0.00642683,40993.7800
1623100731721000,0,0.00244125,40962.5500
1623100773919000,1,0.00050000,41082.3400
1623100791839000,0,0.03624075,41294.6600
1623100791839000,0,0.03624998,41317.2500
1623100820838000,0,0.03609505,41278.5000
1623100826281000,0,0.03668640,41304.1200
1623100957527000,1,0.00515575,41224.9500
1623100957527000,1,0.01288937,41215.1000
1623100988262000,1,0.00980000,41179.6700
1623100988500000,1,0.00355700,41168.0600
1623100988611000,1,0.00578351,41174.1200
1623101009415000,1,0.00520655,41168.2100
1623101009415000,1,0.00717693,41168.2100
1623101009420000,1,0.00288155,41168.2100
1623101009703000,1,0.00295790,41168.2100
1623101010650000,1,0.00520011,41140.5100
1623101019138000,1,0.00960000,41027.8000
1623101039416000,1,0.00959978,40919.7200
1623101063624000,0,0.00259766,40964.2900
1623101105831000,1,0.01030000,40958.9900
1623101107060000,1,0.00960000,40931.8600
1623101108834000,1,0.00000022,40919.7200
1623101111518000,1,0.00340400,40888.4300
1623101115798000,1,0.00492472,40886.6500
1623101169187000,1,0.00376269,40678.0900
1623101184177000,1,0.01020000,40613.9600
1623101184177000,1,0.01030000,40613.9400
1623101199487000,0,0.00600000,40615.4700
1623101229974000,0,0.00600000,40632.0900
1623101320524000,0,0.01000000,40743.0200
1623101344302000,0,0.01010000,40748.0500
1623101363287000,0,0.02430262,40867.8200
1623101430183000,0,0.03599519,40702.8700
1623101444807000,0,0.03341944,40775.5800
1623101604143000,0,0.03598300,41027.3200
1623101604244000,0,0.03678006,41027.3200
1623101604727000,0,0.03428500,41059.8000
1623101607058000,0,0.00459500,41105.6900
1623101607524000,0,0.03683605,41105.6900
1623101719826000,1,0.01010000,40899.7500
1623101818476000,0,0.01010000,40822.1600
1623101818476000,0,0.00794333,40835.0600
1623101905659000,0,0.00219320,40890.6300
1623101983822000,1,0.00990000,40705.7700
1623101983822000,1,0.00520017,40695.6800
1623101983822000,1,0.00208003,40695.6800
1623101983822000,1,0.00999972,40695.6700
1623101983822000,1,0.00845384,40695.6700
1623102086458000,1,0.01187792,40843.2500
1623102090403000,1,0.00980000,40838.8400
1623102090448000,1,0.00970000,40827.3800
1623102123714000,1,0.00234997,40603.8000
1623102123714000,1,0.00234992,40593.6600
1623102142798000,0,0.01000000,40594.4800
1623102144330000,0,0.01000000,40653.0000
1623102146561000,0,0.01998587,40653.0000
1623102212992000,1,0.00265684,40690.3200
1623102214728000,1,0.00664164,40677.2600
1623102214728000,1,0.00265665,40677.2600
1623102224372000,0,0.00980000,40641.9900
1623102224372000,0,0.00267784,40644.1000
1623102274288000,0,0.01030000,40659.5300
1623102294754000,0,0.02498405,40739.1900
1623102308656000,1,0.00225756,40642.0300
1623102308656000,1,0.00564389,40642.0300
1623102528884000,0,0.00980000,41009.5300
1623102529423000,0,0.00970000,41029.3500
1623102529945000,0,0.00595774,41035.9500
1623102529970000,0,0.02373786,41035.9500
1623102798459000,0,0.00404700,41050.5000
1623102798526000,0,0.00180600,41050.5000
1623102798526000,0,0.00224100,41050.5000
1623102798735000,0,0.00180600,41050.5000
1623102863720000,0,0.04686766,41108.9400
1623103118768000,0,0.00531919,40975.2600
1623103343105000,1,0.00134372,40821.2800
1623103360253000,1,0.01010000,40859.4200
1623103452215000,0,0.03062138,40783.0800
1623103587430000,0,0.03657912,40765.6700
1623103817236000,1,0.00492699,40993.2700
1623103947693000,1,0.01000000,41134.8800
1623104319621000,1,0.03684954,41065.4000
1623104319762000,1,0.00288360,41065.4000
1623104461862000,1,0.00970000,40968.8800
1623105723480000,1,0.00990000,40775.7900
1623105920320000,1,0.00969982,40882.7300
1623105921611000,0,0.01898413,40888.2900
1623105921717000,0,0.00694953,40888.2900
1623105985223000,0,0.00669200,40981.8900
1623106040630000,0,0.00149400,40923.0500
1623106393627000,1,0.00259073,40832.1900
1623106458048000,1,0.00990000,40828.3700
1623106458106000,1,0.00970000,40815.6500
1623106458619000,1,0.00253243,40801.7300
1623106458619000,1,0.00478511,40801.7300
1623106735832000,1,0.00256145,40934.4400
1623106735832000,1,0.00439971,40934.4300
1623106736047000,1,0.00540029,40934.4300
1623106892060000,0,0.01000000,40876.9300
1623107370147000,0,0.00970000,40926.4500
1623107457225000,0,0.00257075,40944.1900
1623107584732000,1,0.00990000,40756.1900
1623107584833000,1,0.00303604,40749.7600
1623107584875000,1,0.00606396,40749.7600
1623107830169000,0,0.00298188,40731.5800
1623107849892000,1,0.03758491,40669.4800
1623107865146000,1,0.01000000,40526.1400
1623108140047000,1,0.01000000,40554.0600
1623108246810000,1,0.00970000,40463.7200
1623108307409000,1,0.00439062,40313.2300
1623108308656000,1,0.00960000,40254.2300
1623108337447000,0,0.00610000,40203.2600
1623108346513000,1,0.00970000,40135.0000
1623108346513000,1,0.01020000,40130.5200
1623108347070000,1,0.00330598,40130.5200
1623108347070000,1,0.00639402,40114.9400
1623108349752000,1,0.00330598,40114.9400
1623108367752000,0,0.00970000,40236.4300
1623108372832000,0,0.00610000,40237.2300
1623108377224000,0,0.00330417,40237.2400
1623108407440000,0,0.00610000,40356.0500
1623108442936000,0,0.00610000,40376.2000
1623108704846000,0,0.00970000,40710.7400
1623108938350000,0,0.00200000,40817.8700
1623108938398000,0,0.00830000,40817.8700
1623108939211000,0,0.00851940,40835.2500
1623108939326000,0,0.00138060,40835.2500
1623108948532000,1,0.00451400,40757.5500
1623108948986000,1,0.00613000,40747.9500
1623108949370000,1,0.00397000,40747.9500
1623109245227000,1,0.00970000,40208.0100
1623109245227000,1,0.01030000,40188.4900
1623109245227000,1,0.02686766,40184.2900
1623109268565000,0,0.03563143,40343.7100
1623109268601000,0,0.00990000,40368.6800
1623109275985000,0,0.00610000,40428.6300
1623109327902000,0,0.00598255,40524.8000
1623109330412000,0,0.01000000,40517.1300
1623109448152000,0,0.00970000,40382.2100
1623109448152000,0,0.01060000,40391.3800
1623109520769000,1,0.03093740,40312.4400
1623109520811000,1,0.00788928,40312.4400
1623109520839000,1,0.02900000,40312.4400
1623109769507000,1,0.00990000,40472.0100
1623109769507000,1,0.00970000,40472.0000
1623109917789000,1,0.01030000,40199.8000
1623109989176000,0,0.01030000,40294.5500
1623109989176000,0,0.00980000,40300.4800
1623109990207000,0,0.01000000,40292.2300
1623110044938000,0,0.00730300,40226.5000
1623110123230000,0,0.00377700,40124.8700
1623110123261000,0,0.00214600,40124.8700
1623110123364000,0,0.00377700,40124.8700
1623110302134000,1,0.00970000,40360.1900
1623110302302000,1,0.00321399,40353.3300
1623110302478000,1,0.00966899,40353.3300
1623110330900000,1,0.00295501,40342.1800
1623110331110000,1,0.00302300,40330.7400
1623110418541000,1,0.00510177,40236.6500
1623110444144000,0,0.00969999,40370.8200
1623110444412000,0,0.00000001,40370.8200
1623110447409000,0,0.00690866,40451.5600
1623110447409000,0,0.07541478,40451.7600
1623110454611000,0,0.01000000,40549.7200
1623110455790000,0,0.01000000,40549.7200
1623110456859000,0,0.01000000,40549.7200
1623110457957000,0,0.00009108,40549.7200
1623110461773000,0,0.00071496,40621.4800
1623110467940000,0,0.00970000,40679.7500
1623110467940000,0,0.11724570,40700.1000
1623110467940000,0,0.00960000,40700.1100
1623110468309000,0,0.00999479,40659.4200
1623110511240000,0,0.03002255,40634.2900
1623110529901000,0,0.00970000,40769.2400
1623110529901000,0,0.01000000,40779.4400
1623110569489000,1,0.00904225,40604.8900
1623110576159000,0,0.03674500,40603.4800
1623110743171000,0,0.00930000,40740.9600
1623111033399000,1,0.03414399,40888.8700
1623111084128000,0,0.01000000,41075.1300
1623111089999000,0,0.00960000,41122.9000
1623111209305000,1,0.01020000,40897.5000
1623111249169000,1,0.00513477,40925.3500
1623111591539000,1,0.01637553,40923.7000
1623111592037000,1,0.01163550,40910.7300
1623111596834000,1,0.00899980,40918.9000
1623111612660000,1,0.03600000,40913.2600
1623111617056000,1,0.03709600,40870.1600
1623111622901000,1,0.01030000,40830.1300
1623111622946000,1,0.02577800,40830.1300
1623111664268000,1,0.01020000,40904.9600
1623111664268000,1,0.01000000,40893.8600
1623111664268000,1,0.00980000,40885.6500
1623111694997000,1,0.00694177,40764.1500
1623111759000000,1,0.00427559,40797.0600
1623111854285000,0,0.01010000,40987.2100
1623111854285000,0,0.00494647,40999.3600
1623111855359000,1,0.01020000,40969.3000
1623111856497000,1,0.01020000,40981.9600
1623111912079000,1,0.01010000,40878.3800
1623111912454000,1,0.00010000,40878.3800
1623111912454000,1,0.00960000,40864.8100
1623111912454000,1,0.01010000,40858.1000
1623111912640000,1,0.01000000,40843.3300
1623111927659000,0,0.00970000,40717.7300
1623111934767000,1,0.01000000,40640.7500
1623111935783000,1,0.01000000,40630.5000
1623111938237000,0,0.00990000,40671.5400
1623111938237000,0,0.00990000,40671.5500
1623111939240000,0,0.01000000,40670.0100
1623111940238000,0,0.01000000,40693.3900
1623111945242000,0,0.02993655,40714.6600
1623112114845000,1,0.00508831,40454.0100
1623112332906000,1,0.01000000,40087.9600
1623112332906000,1,0.00781153,40077.9400
1623112332906000,1,0.01030000,40077.9300
1623112332906000,1,0.00244302,40065.1700
1623112374366000,0,0.00470000,40167.0500
1623112405889000,0,0.00470000,40281.2100
1623112412544000,1,0.00962641,40153.1300
1623112412544000,1,0.00037359,40153.1300
1623112416931000,1,0.01000000,40153.1300
1623112489255000,1,0.00970727,40162.3200
1623112545850000,1,0.00897540,40053.0000
1623112545850000,1,0.01888456,40032.2600
1623112546441000,1,0.00897722,40032.2600
1623112546441000,1,0.00927687,40032.2600
1623112601408000,0,0.01000000,40216.1900
1623112626621000,1,0.00990000,40113.4200
1623112626621000,1,0.00087528,40093.3800
1623112678572000,0,0.01010000,40312.9300
1623112678572000,0,0.00960000,40324.1900
1623112746110000,1,0.00951848,40144.7100
1623112746110000,1,0.02379409,40144.7100
1623112757127000,0,0.01000000,40128.5300
1623112758665000,1,0.00942652,40124.6500
1623112842011000,0,0.01000000,40274.8800
1623112843166000,0,0.01000000,40274.8800
1623112844629000,0,0.00612000,40274.8800
1623112845011000,0,0.21048827,40274.8800
1623112845132000,0,0.01000000,40274.8800
1623112846178000,0,0.01000000,40274.8800
1623112847304000,0,0.01000000,40274.8800
1623112849044000,0,0.01000000,40274.8800
1623112850024000,0,0.01000000,40274.8800
1623112852320000,0,0.05419173,40274.8800
1623112923416000,1,0.00956810,40309.7600
1623112932148000,1,0.00956810,40263.1600
1623112932674000,1,0.00953866,40250.9400
1623112947180000,0,0.00744097,40207.8900
1623113008710000,1,0.00967359,40164.8300
1623113008710000,1,0.00032641,40164.8300
1623113009004000,1,0.01435602,40164.8300
1623113009154000,1,0.00679397,40164.8300
1623113009419000,1,0.00268754,40164.8300
1623113104514000,1,0.00971035,40099.3600
1623113104514000,1,0.00028965,40099.3600
1623113105913000,1,0.02398824,40099.3600
1623113267465000,1,0.01000000,40274.8800
1623113534276000,1,0.00969641,40325.5400
1623113559112000,0,0.00990000,40274.2000
1623113559112000,0,0.00461096,40289.8900
1623113570214000,1,0.00306756,40243.6500
1623113737801000,1,0.00980000,40191.7200
1623113981014000,0,0.01010000,40416.8500
1623114023454000,1,0.01020000,40324.4200
1623114023550000,1,0.01010000,40322.2900
1623114263278000,0,0.00628247,40529.7200
1623114263886000,0,0.00401753,40529.7200
1623114268994000,0,0.00290870,40553.7800
1623114273359000,0,0.00760000,40562.4300
1623114273359000,0,0.00260000,40566.1800
1623114273359000,0,0.00720000,40570.6700
1623114273359000,0,0.00048663,40572.9900
1623114273756000,0,0.00415734,40579.3900
1623114421578000,0,0.01030000,40670.7700
1623114934709000,1,0.00960000,40492.7700
1623115172609000,0,0.00990000,40691.2900
1623115172959000,0,0.01040000,40701.4300
1623115362483000,0,0.01000000,40662.4500
1623115638390000,1,0.01010000,40535.9700
1623116005104000,1,0.00970000,40422.6700
1623116005104000,1,0.00970000,40422.6600
1623116210518000,0,0.02398230,40427.7200
1623116301071000,1,0.00960000,40485.8600
1623117483557000,0,0.00960000,40637.5600
1623117907705000,1,0.01020000,40519.7300
1623117907705000,1,0.01030000,40512.2100
1623117938367000,1,0.00949463,40493.2200
1623117978082000,1,0.01010000,40466.2500
1623118082797000,0,0.00980000,40415.8600
1623118083818000,0,0.00990000,40427.5700
1623118196378000,1,0.00960000,40462.8300
1623118221930000,1,0.00703056,40408.1300
1623118260261000,1,0.00980000,40431.2800
1623118260294000,1,0.00990000,40423.7000
1623118324829000,0,0.00310000,40543.6100
1623118324836000,0,0.00660000,40543.6100
1623118325067000,0,0.00394453,40559.3000
1623118635746000,1,0.00453852,40465.9900
1623118635813000,1,0.00566148,40465.9900
1623120033120000,1,0.00880920,40000.0100
1623120033120000,1,0.00100000,40000.0000
1623120033120000,1,0.00019080,39985.1800
1623120057231000,1,0.01000000,39984.0600
1623120074599000,1,0.00834837,39984.0600
1623120074930000,1,0.00250520,39984.0600
1623120079277000,1,0.00117392,39984.0600
1623120081232000,0,0.00882608,39964.0700
1623120082223000,0,0.00620000,40010.6900
1623120087647000,1,0.00970000,39957.0300
1623120087647000,1,0.01010000,39950.1600
1623120087822000,1,0.01020000,39942.2500
1623120117694000,0,0.00620000,39684.9800
1623120139686000,0,0.03058707,39778.1700
1623120141451000,0,0.03060185,39817.2200
1623120141451000,0,0.05278522,39817.2300
1623120141606000,0,0.02368984,39817.2300
1623120142159000,0,0.00296851,39859.9900
1623120142253000,0,0.02763289,39859.9900
1623120142941000,0,0.02833088,39911.5400
1623120155551000,0,0.00620000,39872.2700
1623120186154000,0,0.01010000,39872.0100
1623120186154000,0,0.00950000,39889.9600
1623120190734000,0,0.00620000,39897.4600
1623120194086000,0,0.01000000,39842.1200
1623120290523000,0,0.01000000,39915.1000
1623120331479000,1,0.02079987,39703.4000
1623120331479000,1,0.02351121,39703.4000
1623120343454000,1,0.01830871,39536.2400
1623120343454000,1,0.00710566,39536.2400
1623120343454000,1,0.04591409,39536.2400
1623120345733000,0,0.00620000,39472.5600
1623120356622000,1,0.00700054,39356.3800
1623120370378000,1,0.00707918,39514.7300
1623120370378000,1,0.00990000,39514.7200
1623120371095000,1,0.00693700,39514.7400
1623120372116000,1,0.00707918,39494.9800
1623120372116000,1,0.00707918,39494.9800
1623120372116000,1,0.00980000,39494.9700
1623120395946000,0,0.00620000,39608.6900
1623120407966000,0,0.01000000,39529.4300
1623120446329000,0,0.00620000,39585.9200
1623120477550000,0,0.00620000,39473.2500
1623120490907000,1,0.00990000,39431.5300
1623120496583000,1,0.00891585,39411.7300
1623120517661000,0,0.00630000,39265.7300
1623120552650000,0,0.00630000,39199.8400
1623120587732000,0,0.00630000,39212.8000
1623120637825000,0,0.00630000,39339.2800
1623120643208000,1,0.00933211,39291.2000
1623120643208000,1,0.02333028,39291.2000
1623120646854000,1,0.00886975,39250.1600
1623120647478000,1,0.02217437,39234.5300
1623120647478000,1,0.05765336,39234.5300
1623120673565000,0,0.00630000,39218.7500
1623120687495000,1,0.00725813,39081.5000
1623120687495000,1,0.01020000,39081.4900
1623120687841000,1,0.00697625,39071.7300
1623120687841000,1,0.00322375,39071.7200
1623120688011000,1,0.00697625,39071.7300
1623120688011000,1,0.01744063,39071.7300
1623120688011000,1,0.00697625,39071.7200
1623120698899000,1,0.00433068,39000.7600
1623120713401000,0,0.00630000,39003.9700
1623120713426000,1,0.00960000,38936.9500
1623120713968000,1,0.00980000,38923.1200
1623120713968000,1,0.00990000,38917.4900
1623120744759000,1,0.00960000,38698.8700
1623120764923000,0,0.00630000,38960.1100
1623120800193000,0,0.00630000,39160.0100
1623120817893000,0,0.01000000,39160.0100
1623120834807000,0,0.00630000,39105.4300
1623120869577000,0,0.00630000,39126.9100
1623120909620000,0,0.00630000,39169.4600
1623120944477000,0,0.00630000,39250.2700
1623120949970000,0,0.01000000,39188.0500
1623120949970000,0,0.00960000,39196.9900
1623120949970000,0,0.07727064,39236.6200
1623120965297000,0,0.01000000,39231.5200
1623120972879000,0,0.37000000,39294.6200
1623120972879000,0,0.00980000,39297.7200
1623120972879000,0,0.01020000,39297.7300
1623120972879000,0,0.00990000,39307.5600
1623120976402000,0,0.02230925,39280.7700
1623120976402000,0,0.00970000,39280.7800
1623120976402000,0,0.00515972,39287.9600
1623120994237000,0,0.00630000,39232.4700
1623120994864000,0,0.01030000,39228.7900
1623120994864000,0,0.01784739,39232.4500
1623120994864000,0,0.03801188,39232.4600
1623121004411000,0,0.01003916,39254.5600
1623121018203000,0,0.00501958,39305.1700
1623121018203000,0,0.02144000,39305.1800
1623121018203000,0,0.18272009,39306.5100
1623121024176000,0,0.03845308,39308.2900
1623121030081000,0,0.00362525,39362.3700
1623121030081000,0,0.00267475,39362.3800
1623121034511000,0,0.00181263,39346.4500
1623121034511000,0,0.03784456,39346.4700
1623121043024000,0,0.03758916,39362.4000
1623121056522000,0,0.00989995,39457.7100
1623121076856000,1,0.00590827,39361.6000
1623121076901000,1,0.00674900,39361.6000
1623121076950000,1,0.02607811,39361.6000
1623121076951000,1,0.02606600,39361.6000
1623121076955000,1,0.02022707,39361.6000
1623121077031000,1,0.01000000,39361.6000
1623121077047000,1,0.02000000,39361.6000
1623121077230000,1,0.01999476,39351.4800
1623121077230000,1,0.01800524,39335.8300
1623121107628000,1,0.00501733,39299.3000
1623121108260000,1,0.00960000,39283.6500
1623121111023000,1,0.06340900,39245.2100
1623121111049000,1,0.04065499,39245.2100
1623121111201000,1,0.01010000,39222.2400
1623121112819000,1,0.03553710,39187.9500
1623121112819000,1,0.03964018,39187.9500
1623121113437000,1,0.01942188,39160.6300
1623121130644000,0,0.00633303,39264.8900
1623121130754000,0,0.00396199,39264.8900
1623121142864000,0,0.01000000,39264.8900
1623121152803000,1,0.00457031,39209.1300
1623121152895000,1,0.00572969,39209.1300
1623121153440000,1,0.00456900,39201.9800
1623121158744000,0,0.00630000,39241.0400
1623121166991000,0,0.00980000,39214.0000
1623121193521000,0,0.00480000,39194.5400
1623121233031000,0,0.00630000,39187.6200
1623121243921000,0,0.01000000,39187.6200
1623121245804000,0,0.01000000,39187.6200
1623121247361000,1,0.01000000,39200.9500
1623121256886000,0,0.01000000,39230.5500
1623121258051000,0,0.06763569,39230.5500
1623121258051000,0,0.03105848,39230.5500
1623121258051000,0,0.15595192,39230.5500
1623121258079000,0,0.04577890,39230.5500
1623121262103000,0,0.01000000,39281.6000
1623121267548000,0,0.01000000,39276.2200
1623121267548000,0,0.01020000,39284.9200
1623121271052000,0,0.01000000,39307.7900
1623121271052000,0,0.00288900,39317.2800
1623121299322000,0,0.03106238,39304.4400
1623121299322000,0,0.07763426,39304.4400
1623121299322000,0,0.00314536,39304.4400
1623121299876000,0,0.01000000,39304.4400
1623121317089000,0,0.01030000,39309.1400
1623121336497000,1,0.03340967,39230.5500
1623121482975000,1,0.00959372,38915.0500
1623121511073000,1,0.01000000,38883.0900
1623121513784000,1,0.01000000,38869.0300
1623121517433000,0,0.00630000,38935.7400
1623121520428000,0,0.01000000,38915.1700
1623121521210000,0,0.07200000,38915.1700
1623121521372000,0,0.08419659,38915.1700
1623121522744000,0,0.01000000,38915.1700
1623121524549000,1,0.01010000,38912.4400
1623121541212000,0,0.01000000,38912.4400
1623121541401000,0,0.00009997,38912.4400
1623121550884000,0,0.00630000,38960.5900
1623121583643000,0,0.00990000,39029.5500
1623121583643000,0,0.01010000,39032.2900
1623121583643000,0,0.00050000,39043.1100
1623121585965000,0,0.00630000,39043.1100
1623121614829000,1,0.00960000,39013.8300
1623121614829000,1,0.00948214,39004.4300
1623121614829000,1,0.00379034,39004.4300
1623121614829000,1,0.01020349,39004.4300
1623121614829000,1,0.01030000,39004.4200
1623121614829000,1,0.01000000,38994.6600
1623121614829000,1,0.03847410,38979.4600
1623121614829000,1,0.17922717,38960.1100
1623121615525000,1,0.00379356,39013.8300
1623121621096000,0,0.00630000,39028.6600
1623121622223000,1,0.00379395,39004.4500
1623121656281000,0,0.00630000,39038.1000
1623121688391000,0,0.00630000,39075.7400
1623121718716000,0,0.00120000,39037.4200
1623121723266000,0,0.07738328,39001.1400
1623121759045000,0,0.00630000,39011.3100
1623121778034000,1,0.00664015,38938.8400
1623121778034000,1,0.00335985,38938.8400
1623121803736000,0,0.00630000,38798.5300
1623121827481000,1,0.02906724,38698.8700
1623121827495000,1,0.07093276,38698.8700
1623121858639000,0,0.00630000,38599.5600
1623121887465000,0,0.00597207,38546.7800
1623121887490000,0,0.00402793,38546.7800
1623121908948000,0,0.00640000,38389.6500
1623121925060000,0,0.00969493,38259.6000
1623121935892000,0,0.01000000,38245.8800
1623121944142000,0,0.00640000,38455.4000
1623121997160000,0,0.00630000,38664.3600
1623122031785000,0,0.00640000,38539.4000
1623122072251000,0,0.00640000,38396.0600
1623122108248000,0,0.00640000,38575.0000
1623122147146000,0,0.00630000,38629.8900
1623122158079000,0,0.01318929,38652.6400
1623122158998000,0,0.00500862,38633.8200
1623122166881000,0,0.01000000,38671.1300
1623122182110000,0,0.00630000,38752.8600
1623122252663000,0,0.01599999,38723.5600
1623122252695000,0,0.00700000,38723.5600
1623122272671000,0,0.00630000,38752.9300
1623122297157000,0,0.01000000,38685.8800
1623122297293000,0,0.02148416,38685.8800
1623122297293000,0,0.01715007,38685.8800
1623122304749000,0,0.00630000,38636.8100
1623122331984000,1,0.00416925,38511.3500
1623122332418000,1,0.00553075,38511.3500
1623122337966000,0,0.03158677,38518.0000
1623122337966000,0,0.00691323,38527.6400
1623122360179000,0,0.00640000,38464.8700
1623122362576000,0,0.01000000,38387.7300
1623122394478000,0,0.00640000,38309.0700
1623122413025000,0,0.01246400,38381.9900
1623122416429000,0,0.01552647,38482.1600
1623122419146000,0,0.01181301,38566.6500
1623122420158000,0,0.01211134,38566.6400
1623122420158000,0,0.02098470,38566.6500
1623122420158000,0,0.02179000,38566.6600
1623122424726000,0,0.00605567,38580.0800
1623122424726000,0,0.00034433,38580.0900
1623122484653000,0,0.00630000,38452.1100
1623122519946000,0,0.00581135,38362.0600
1623122519946000,0,0.00058865,38362.0600
1623122559968000,0,0.00640000,38336.2600
1623122601756000,0,0.00294176,38442.6900
1623122601756000,0,0.00345824,38447.2200
1623122628288000,1,0.00200514,38265.9000
1623122628288000,1,0.00267635,38265.9000
1623122628493000,0,0.00531851,38258.6400
1623122639318000,0,0.00640000,38228.8200
1623122692293000,0,0.00640000,38231.5000
1623122728107000,0,0.00650000,38395.5900
1623122776870000,0,0.00640000,38526.6900
1623122818692000,0,0.00640000,38375.5400
1623122853569000,0,0.00640000,38204.4400
1623122892981000,0,0.00650000,38318.5900
1623122924454000,0,0.00220632,38340.0700
1623122924454000,0,0.00419368,38340.0800
1623122945822000,0,0.03174571,38340.0600
1623122946652000,0,0.03173310,38362.8300
1623122946652000,0,0.03173273,38368.5700
1623122954737000,0,0.00330947,38411.9000
1623122954737000,0,0.00309053,38411.9100
1623123007498000,0,0.00970000,38507.4300
1623123152966000,0,0.03874793,38645.9200
1623123161933000,0,0.00530000,38688.0800
1623123161933000,0,0.01145474,38700.5900
1623123162873000,0,0.00572737,38714.9200
1623123162873000,0,0.00530000,38714.9200
1623123162873000,0,0.02576426,38714.9300
1623123168363000,0,0.02870593,38701.8800
1623123174540000,0,0.00617000,38698.3000
1623123175745000,0,0.01330593,38714.9300
1623123219237000,0,0.01000000,38710.3400
1623123219292000,0,0.02181296,38710.3400
1623123219292000,0,0.06464532,38710.3400
1623123220542000,0,0.01000000,38710.3400
1623123220545000,0,0.00488500,38710.3400
1623123236966000,0,0.01020000,38749.0400
1623123246777000,1,0.00999472,38710.3400
1623123285859000,1,0.03789852,38613.5000
1623123292532000,0,0.01989590,38632.2000
1623123292597000,0,0.00918853,38632.2000
1623123292801000,0,0.00269228,38632.2000
1623123292801000,0,0.00730772,38632.2000
1623123296756000,1,0.07107081,38609.4900
1623123307982000,0,0.01000000,38632.2000
1623123308281000,0,0.00473626,38632.2000
1623123308620000,0,0.07662263,38632.2000
1623123344067000,0,0.01010000,38718.6600
1623123562227000,0,0.26000000,38880.9500
1623123612131000,1,0.00455642,38804.1800
1623123612142000,1,0.00695799,38804.1800
1623123612438000,1,0.02000000,38804.1800
1623123613601000,1,0.01629165,38804.1800
1623123666596000,0,0.00695899,38844.7200
1623123666620000,0,0.00333400,38844.7200
1623123676481000,1,0.01030000,38804.6200
1623123681075000,0,0.01000000,38844.7200
1623123681227000,0,0.00301166,38844.7200
1623123681231000,0,0.00696300,38844.7200
1623123681611000,0,0.00139274,38844.7200
1623123681611000,0,0.03698499,38844.7200
1623123681710000,0,0.02799999,38844.7200
1623123681719000,0,0.00900000,38844.7200
1623123682016000,0,0.00517666,38844.7200
1623123682016000,0,0.01277434,38844.7200
1623123682134000,0,0.00896356,38844.7200
1623123682198000,0,0.01000000,38844.7200
1623123685428000,0,0.00249500,38844.7200
1623123685447000,0,0.01000000,38844.7200
1623123685691000,0,0.00618301,38844.7200
1623123686441000,0,0.01000000,38844.7200
1623123687500000,0,0.01000000,38844.7200
1623123687512000,0,0.03885400,38844.7200
1623123687540000,0,0.00299000,38844.7200
1623123687549000,0,0.00940000,38844.7200
1623123687560000,0,0.00425500,38844.7200
1623123688310000,0,0.00500641,38844.7200
1623123688537000,0,0.01000000,38844.7200
1623123688671000,0,0.00492720,38844.7200
1623123689887000,0,0.01000000,38844.7200
1623123689904000,0,0.02017600,38844.7200
1623123709420000,0,0.01020000,38882.3400
1623123709420000,0,0.00990000,38894.2000
1623123717938000,0,0.01030000,38897.7700
1623123718015000,0,0.01000000,38911.7100
1623123796947000,1,0.00980000,38795.4400
1623123849747000,1,0.01000000,38758.6200
1623123878661000,0,0.01000000,38798.7200
1623123879182000,0,0.00379275,38798.7200
1623123879203000,0,0.00785792,38798.7200
1623123879921000,0,0.00972584,38798.7200
1623123909522000,0,0.00990000,38779.8400
1623123910504000,0,0.00990000,38785.0500
1623123912266000,0,0.02269396,38793.5200
1623123912324000,0,0.00691400,38793.5200
1623123927096000,0,0.01000000,38779.4800
1623123938560000,0,0.03143420,38721.2900
1623123939302000,0,0.00654224,38740.6600
1623123939542000,0,0.00643200,38740.6600
1623123940549000,0,0.01186200,38740.6600
1623124251428000,1,0.00256676,38778.9100
1623124251469000,1,0.04009999,38778.9100
1623124251532000,1,0.02100000,38778.9100
1623124251757000,1,0.01010000,38778.9100
1623124254141000,1,0.01030000,38771.9700
1623124254141000,1,0.00990000,38763.6400
1623124260259000,1,0.01000000,38761.7200
1623124276313000,0,0.00999478,38744.9100
1623124283131000,0,0.00959490,38741.0900
1623124283866000,1,0.01020000,38706.9000
1623124486470000,1,0.00339388,38843.6000
1623124572411000,1,0.01000000,38672.9700
1623124609206000,1,0.00497448,38641.7900
1623124609304000,1,0.00512552,38641.7900
1623124609304000,1,0.00008748,38632.9300
1623124609471000,1,0.00981252,38632.9300
1623124609471000,1,0.00990000,38625.1300
1623124610689000,1,0.00230000,38628.8000
1623124611478000,1,0.02568495,38641.3100
1623124611517000,1,0.00630999,38641.3100
1623124995790000,0,0.00980000,38789.3100
1623125090639000,0,0.01030000,39102.6600
1623125090639000,0,0.01020000,39113.3700
1623125090639000,0,0.00990000,39122.1800
1623125090639000,0,0.00754191,39122.2200
1623125242139000,1,0.01042281,39105.6200
1623125242228000,1,0.01030000,39094.6200
1623125242228000,1,0.00870000,39094.5400
1623125242258000,1,0.00090000,39094.5400
1623125463843000,1,0.01000000,39419.0200
1623125508857000,0,0.01000000,39421.4400
1623125548424000,1,0.00784481,39359.4000
1623125548808000,1,0.00175519,39359.4000
1623125560043000,1,0.07166429,39325.3900
1623125560267000,1,0.00411722,39325.3900
1623125593780000,1,0.00960000,39320.9600
1623125593780000,1,0.00990000,39306.5800
1623125593780000,1,0.11844191,39290.6800
1623125599231000,1,0.00262926,39298.9500
1623125621830000,1,0.00335757,39315.4400
1623125621863000,1,0.00454243,39315.4400
1623125621882000,1,0.02220000,39315.4400
1623125621912000,1,0.00780000,39315.4400
1623125622050000,1,0.03800000,39315.4400
1623125783565000,1,0.01000000,39291.5500
1623125783565000,1,0.03657742,39279.7400
1623126084685000,0,0.01030000,39286.8800
1623126084685000,0,0.00050000,39288.0900
1623126084694000,0,0.00371000,39288.0900
1623126084769000,0,0.00579000,39288.0900
1623126092452000,0,0.00960000,39312.5900
1623126092452000,0,0.00980000,39312.8300
1623126134339000,0,0.00960000,39272.6100
1623126134339000,0,0.00980000,39288.9900
1623126134339000,0,0.00980000,39295.7800
1623126134339000,0,0.07080000,39298.7300
1623126490035000,1,0.07200000,39200.0000
1623126493574000,1,0.01000000,39200.0000
1623126494775000,1,0.01000000,39200.0000
1623126507891000,1,0.00800000,39200.0000
1623126659854000,1,0.00960000,39107.0100
1623126663462000,1,0.00429584,39064.2700
1623126663484000,1,0.00140832,39064.2700
1623126663625000,1,0.00400000,39064.2700
1623126718921000,0,0.00459770,39203.8800
1623128015042000,1,0.00477600,39261.7300
1623128016620000,1,0.00522400,39261.7300
1623128016620000,1,0.01070000,39257.4400
1623128281029000,1,0.00961095,39381.4400
1623129425782000,1,0.00970000,39351.7600
1623129445339000,1,0.00262439,39345.4900
1623129445528000,1,0.00747561,39345.4900
1623129665309000,0,0.01010000,39184.8900
1623129666546000,0,0.00950000,39197.2300
1623129713339000,1,0.03861439,39254.6700
1623129734093000,1,0.00960000,39259.5500
1623129831411000,1,0.01010000,39293.2800
1623129832444000,1,0.00990000,39282.4000
1623129903829000,0,0.00969473,39134.6400
1623129905735000,0,0.00000527,39134.6400
1623129905735000,0,0.01008946,39137.4900
1623129905871000,0,0.01000000,39129.0600
1623129905871000,0,0.00001054,39137.4900
1623129905871000,0,0.00019971,39139.1100
1623129913212000,1,0.01000000,39054.6000
1623129913870000,1,0.00980000,39037.0200
1623130267277000,1,0.00970000,38827.4000
1623130518714000,0,0.00960000,38807.1200
1623130585022000,1,0.00960000,38772.4900
1623130871349000,0,0.01020000,38962.4000
1623130871349000,0,0.00980000,38974.6700
1623130871349000,0,0.04537335,38981.8900
1623130871349000,0,0.00970000,38981.9000
1623130871349000,0,0.02492665,38994.1600
1623130889321000,0,0.01020000,38888.2900
1623130889321000,0,0.00960000,38905.7900
1623131472828000,1,0.00371083,39028.9400
1623131515422000,1,0.00960000,38973.6700
1623131665885000,1,0.00488959,38963.3900
1623131665925000,1,0.00451041,38963.3900
1623132017263000,1,0.00990000,39214.7000
1623132017263000,1,0.00260700,39206.3300
1623132017293000,1,0.00458600,39206.3300
1623132018562000,1,0.01020000,39170.1100
1623132107596000,1,0.00100000,39195.2400
1623132109879000,1,0.00970000,39257.5800
1623132223095000,0,0.01000000,39194.0300
1623132367383000,1,0.01000000,39145.3600
1623132873813000,1,0.00115891,38807.3900
1623132912632000,0,0.00359615,38902.8600
1623132912641000,0,0.00680385,38902.8600
1623133527791000,0,0.03134710,38794.5700
1623133789015000,1,0.00616445,38790.3600
1623133789023000,1,0.02173200,38790.3600
1623133789202000,1,0.03199999,38790.3600
1623133789781000,1,0.01736001,38790.3600
1623133790888000,1,0.00320168,38790.3600
1623133790888000,1,0.03379832,38790.3600
1623133790922000,1,0.01063943,38790.3600
1623133790931000,1,0.00953899,38790.3600
1623133791417000,1,0.02100419,38790.3600
1623133822119000,1,0.01000000,38744.0700
1623133886364000,0,0.00990000,38885.3700
1623133886379000,0,0.01020000,38892.8900
1623134195919000,0,0.00191841,39094.8300
1623134571807000,0,0.00147325,39131.6700
1623134648889000,1,0.00328521,39031.9200
1623134694394000,1,0.00666490,39008.2000
1623134694424000,1,0.00343510,39008.2000
1623134713168000,1,0.00260870,38927.4400
1623135057396000,1,0.00344639,38615.6200
1623135057426000,1,0.00474613,38615.6200
1623135058039000,1,0.00170748,38615.6200
1623135058403000,1,0.01020000,38598.2400
1623135059341000,1,0.01939979,38576.4900
1623135127013000,0,0.00644098,38719.0600
1623135486684000,0,0.01000000,38597.8200
1623135487359000,0,0.00428724,38597.8200
1623135525967000,1,0.01638643,38594.0900
1623135542846000,1,0.00865885,38523.0500
1623135695956000,0,0.00980000,38487.8900
1623135695956000,0,0.01030000,38494.2600
1623135823890000,0,0.00959991,38437.8600
1623135962879000,0,0.00959482,38324.7900
1623135980767000,0,0.00640000,38242.2500
1623136019490000,0,0.00650000,38291.4900
1623136060698000,0,0.00650000,38275.0900
1623136244954000,0,0.00328263,38875.5900
1623136247829000,0,0.01000000,38875.5900
1623136461821000,0,0.00942900,38986.8100
1623136462174000,0,0.00047100,38986.8100
1623136462174000,0,0.00708657,38995.3700
1623136462206000,0,0.00251343,38995.3700
1623136557723000,1,0.00970000,39160.0000
1623136579711000,0,0.00073000,39236.2600
1623137389133000,1,0.01010000,39478.1600
1623137712697000,1,0.00884502,39455.9200
1623137723999000,1,0.01030000,39403.6400
1623137724129000,1,0.01010000,39394.4900
1623137780174000,0,0.00970000,39421.9600
1623137780174000,0,0.00636000,39421.9700
1623137810008000,1,0.00980000,39277.2900
1623137810008000,1,0.00960000,39272.0600
1623137810141000,1,0.00970000,39257.6500
1623137836800000,0,0.01000000,39250.7100
1623138014717000,1,0.00300635,39416.7100
1623138014998000,1,0.00569157,39416.7100
1623138019649000,0,0.01010000,39445.2500
1623138312338000,0,0.00622946,39520.8200
1623138690123000,0,0.01020000,39352.3800
1623139523354000,0,0.01030000,39577.9200
1623139523513000,0,0.01010000,39591.4100
1623139837041000,1,0.00270900,39499.4300
1623139837391000,1,0.00682600,39509.1900
1623143461700000,1,0.00209463,39361.2400
1623143461861000,1,0.00000001,39361.2400
1623143885854000,0,0.00209464,39308.0100
1623144499790000,0,0.02327384,39109.2500
1623145485951000,1,0.01000000,39019.2700
1623145511447000,0,0.00600000,39044.4900
1623145565908000,0,0.03110887,39092.4100
1623145565908000,0,0.00086756,39106.1900
1623145569286000,0,0.03024205,39106.1900
1623145688513000,0,0.00400000,39093.6600
1623145688533000,0,0.01615400,39093.6600
1623145744514000,1,0.01010000,39019.0600
1623145765485000,1,0.00980000,38996.3400
1623145801735000,1,0.01020000,38976.6900
1623145998298000,1,0.01050000,38915.9100
1623146517182000,1,0.01872559,38955.8900
1623146560750000,1,0.01000000,38984.7800
1623147625663000,1,0.00474876,39348.1100
1623147688703000,1,0.00432708,39326.2900
1623147688825000,1,0.00587292,39326.2900
1623147688825000,1,0.00960000,39325.0500
1623148035236000,1,0.01000000,39154.0200
1623148217220000,1,0.00654443,39000.5000
1623148504676000,0,0.00960000,38959.6300
1623149345850000,1,0.00960000,39058.8800
1623150281832000,0,0.01010000,39111.6700
1623150281832000,0,0.02941137,39111.8500
1623150296072000,0,0.01020000,39102.1500
1623150296072000,0,0.00970000,39123.6000
1623150296600000,0,0.00281017,39143.1800
1623150297118000,0,0.00482647,39143.1800
1623150297277000,0,0.00246336,39143.1800
1623150297277000,0,0.00970000,39143.1900
1623150299935000,0,0.01373657,39141.5100
1623150386450000,0,0.02940000,39128.0200
1623150386451000,0,0.03835787,39128.0200
1623150729027000,1,0.00970000,39309.3100
1623150738853000,0,0.01010000,39293.7200
1623150738853000,0,0.00211762,39305.2200
1623150839799000,0,0.01000000,39511.9700
1623151626298000,0,0.00500079,39605.0900
1623151626311000,0,0.01483000,39605.0900
1623151846048000,1,0.01010000,39296.3300
1623153367908000,0,0.01694400,39612.1300
1623153367947000,0,0.02747909,39612.1300
1623153367971000,0,0.00744000,39612.1300
1623154586175000,1,0.00536796,39796.8300
1623154876357000,1,0.00980000,39799.9800
1623156520354000,1,0.01068287,39327.2400
1623156520436000,1,0.00472807,39327.2400
1623156520436000,1,0.01030000,39326.2000
1623156645319000,1,0.01010000,39298.6400
1623156676160000,1,0.01020000,39371.2800
1623158254434000,1,0.02152000,39017.3300
1623158254434000,1,0.05300000,39009.3500
1623158254434000,1,0.00942219,38998.6100
1623158254505000,1,0.01000000,38998.6100
1623158339538000,1,0.00970000,39012.6500
1623158706002000,0,0.01030000,38809.1500
1623158706002000,0,0.00950000,38826.6200
1623158981588000,0,0.01000000,38658.9000
1623159126949000,1,0.01000000,38754.2300
1623159508565000,1,0.00950000,38613.4700
1623160182511000,0,0.03938767,38604.1100
1623160408409000,1,0.00980000,38451.7400
1623160466755000,0,0.00960000,38486.5900
1623160820107000,0,0.00650000,38412.8500
1623161112300000,1,0.01030000,38348.4100
1623161126518000,1,0.01020000,38245.8200
1623161137692000,0,0.01913277,38173.0800
1623161156415000,1,0.02059997,38132.9000
1623161156415000,1,0.01060000,38123.0600
1623161253541000,1,0.00621307,38010.0000
1623161253541000,1,0.00378693,37999.1900
1623161379882000,1,0.00100000,37500.0000
1623161513867000,0,0.01000000,37621.7500
1623161545961000,1,0.00547624,37577.6000
1623161545961000,1,0.00218923,37577.6000
1623161545961000,1,0.00233453,37577.6000
1623161546774000,1,0.01000000,37577.6000
1623161546884000,1,0.00278374,37577.6000
1623161594976000,1,0.01000000,37701.5900
1623161595182000,1,0.00030237,37701.5900
1623161595182000,1,0.00148365,37701.5900
1623161595182000,1,0.00370914,37701.5900
1623161652554000,1,0.00082173,37841.7200
1623161652554000,1,0.00205441,37841.7200
1623161658859000,1,0.00077523,37822.8300
1623161659084000,0,0.00067125,37822.0400
1623161676374000,1,0.00130357,37768.1800
1623161677765000,1,0.00120980,37749.3200
1623161679279000,1,0.00110985,37725.8000
1623161681387000,1,0.01029968,37694.1100
1623161700097000,1,0.00088214,37729.3400
1623161700097000,1,0.00229356,37729.3400
1623161708875000,0,0.00287614,37849.5200
1623161723916000,1,0.00084091,37809.4400
1623161723916000,1,0.00218649,37809.4400
1623161776732000,1,0.00056717,37845.0400
1623161776732000,1,0.00147456,37845.0400
1623161791440000,1,0.00127982,37823.4200
1623161828831000,0,0.00980000,37746.2900
1623161835804000,1,0.00000032,37694.1100
1623161835804000,1,0.01030000,37693.8300
1623161835804000,1,0.01000000,37686.2100
1623161835804000,1,0.00970000,37684.0300
1623161936771000,1,0.01000000,37409.8800
1623161988585000,0,0.01000000,37297.7900
1623162018803000,0,0.01000000,37357.1600
1623162085967000,0,0.00660000,37598.2400
1623162089487000,0,0.00368000,37563.1300
1623162096121000,0,0.01310000,37581.5700
1623162121261000,0,0.00660000,37688.7900
1623162131234000,0,0.00660000,37657.8500
1623162165783000,0,0.00660000,37532.2700
1623162200882000,0,0.00660000,37649.9100
1623162221591000,0,0.01613279,37602.9100
1623162236162000,0,0.00660000,37581.8400
1623162270690000,0,0.00660000,37677.0300
1623162305941000,0,0.00660000,37564.2600
1623162323098000,0,0.00990000,37685.6600
1623162324555000,0,0.00999995,37687.5400
1623162329020000,0,0.06626703,37683.1200
1623162334043000,0,0.01000000,37710.1100
1623162338604000,0,0.00029983,37710.1100
1623162338604000,0,0.01000000,37764.9100
1623162342638000,0,0.00660000,37803.7700
1623162346760000,0,0.00310000,37803.7700
1623162346760000,0,0.00690000,37804.3700
1623162355385000,0,0.00970000,37826.2600
1623162369342000,0,0.00980000,37846.3500
1623162369342000,0,0.00244017,37846.9200
1623162377522000,0,0.03065115,37750.7700
1623162377765000,0,0.00600000,37750.7700
1623162378045000,0,0.01500000,37750.7700
1623162383235000,0,0.00650000,37719.6200
1623162392612000,1,0.01000000,37705.8100
1623162418126000,0,0.00650000,37703.5400
1623162453379000,0,0.00650000,37815.4800
1623162488176000,0,0.00650000,37684.8400
1623162492516000,0,0.01000000,37668.5900
1623162501691000,1,0.03692100,37638.4600
1623162501767000,1,0.00302197,37638.4600
1623162501767000,1,0.00717796,37635.1800
1623162501822000,0,0.00989986,37639.9500
1623162501828000,1,0.00010014,37642.5400
1623162503658000,0,0.00990012,37623.8100
1623162503658000,0,0.02084200,37623.8100
1623162503658000,0,0.01846050,37638.4500
1623162503658000,0,0.02994739,37638.4600
1623162503747000,0,0.00989539,37638.4600
1623162503747000,0,0.00413214,37655.7000
1623162503770000,0,0.03640531,37655.7000
1623162503854000,1,0.00999981,37627.5100
1623162504012000,1,0.00000019,37627.5100
1623162504012000,1,0.01019944,37610.3600
1623162508603000,0,0.01200000,37625.6900
1623162508699000,0,0.00970000,37633.7600
1623162509155000,0,0.00659376,37625.6800
1623162509205000,0,0.00399021,37625.6800
1623162517507000,0,0.02071951,37623.8100
1623162520206000,0,0.00614159,37623.8100
1623162520414000,0,0.02521439,37623.8100
1623162523254000,0,0.00660000,37581.9300
1623162525627000,0,0.03951300,37581.9300
1623162525646000,0,0.01570000,37581.9300
1623162525665000,0,0.01110000,37581.9300
1623162526211000,0,0.00790000,37601.0300
1623162526318000,0,0.00500000,37601.0300
1623162553669000,0,0.00660000,37649.9100
1623162588476000,0,0.00660000,37549.3500
1623162624667000,0,0.00660000,37633.2800
1623162660486000,0,0.00660000,37640.3900
1623162685895000,0,0.01985832,37651.8600
1623162685959000,0,0.00960066,37651.8600
1623162685960000,0,0.00903935,37651.8600
1623162685979000,0,0.01971672,37651.8600
1623162687618000,0,0.00489300,37663.0900
1623162695699000,0,0.00660000,37654.4700
1623162715246000,0,0.00660000,37628.6900
1623162731170000,0,0.00660000,37567.1700
1623162783748000,0,0.01000000,37615.5900
1623162792815000,0,0.01812809,37628.4400
1623162792815000,0,0.00990000,37647.0500
1623162792815000,0,0.03235401,37661.6400
1623162792815000,0,0.02450554,37663.1000
1623162792832000,0,0.08488764,37663.1000
1623162792833000,0,0.08488763,37663.1000
1623162792834000,0,0.08488764,37663.1000
1623162934353000,0,0.00080000,37560.2000
1623163144444000,0,0.00660000,37579.5300
1623163180147000,0,0.00580000,37494.4300
1623163212988000,0,0.00761515,37568.5100
1623163214637000,0,0.00660000,37638.4700
1623163382175000,0,0.00660000,37337.8400
1623163509800000,1,0.00311626,37355.8100
1623163522541000,0,0.00660000,37454.4500
1623163880858000,0,0.00660000,37364.6500
1623163917175000,0,0.00660000,37283.7400
1623163947286000,1,0.01079011,37241.1400
1623163947338000,1,0.01870000,37241.1400
1623163947414000,1,0.00054103,37210.8700
1623163951274000,0,0.00660000,37266.8900
1623163959954000,1,0.03988517,37169.4500
1623163959954000,1,0.04527333,37147.9100
1623163959981000,1,0.00336051,37145.6200
1623163959981000,1,0.00840114,37125.1000
1623163960314000,1,0.00351122,37123.4100
1623163960481000,1,0.00648878,37123.4100
1623163986534000,0,0.00660000,37013.7600
1623164021420000,0,0.00660000,37086.7600
1623164056262000,0,0.00660000,37147.9100
1623164056717000,0,0.00309476,37147.9100
1623164091057000,0,0.00660000,37049.6800
1623164127428000,0,0.00660000,36895.2800
1623164161356000,0,0.00660000,36880.7500
1623164199799000,0,0.00660000,36811.3700
1623164240010000,0,0.00670000,37011.6900
1623164275317000,0,0.00660000,37162.2200
1623164275411000,0,0.00369998,37162.2200
1623164294724000,0,0.00970000,37357.9500
1623164298426000,1,0.01000000,37411.3700
1623164524014000,0,0.00241251,37280.2100
1623164647906000,0,0.00660000,37105.3800
1623164682686000,0,0.00660000,37083.5500
1623164685407000,1,0.01351391,36995.2100
1623164685407000,1,0.01020000,36995.2000
1623164685407000,1,0.01000000,36988.1200
1623164719438000,0,0.00660000,36994.4900
1623164742930000,1,0.01898559,36900.6000
1623164753057000,0,0.00660000,36867.0700
1623164787891000,0,0.00660000,36855.3600
1623164822170000,0,0.00660000,36830.6500
1623164855704000,0,0.00670000,36849.5400
1623164890977000,0,0.00670000,36862.7100
1623164918393000,0,0.03399200,36946.2300
1623164925529000,0,0.00670000,37059.2300
1623164948171000,1,0.01010000,36918.0200
1623164948171000,1,0.01010000,36908.7900
1623164949110000,0,0.04064787,36988.4300
1623164949110000,0,0.01700283,37005.5400
1623164949110000,0,0.01290509,37005.5500
1623164975512000,0,0.00660000,36948.8900
1623164990076000,1,0.01009476,36891.1200
1623165011292000,0,0.00660000,36911.7800
1623165040034000,1,0.00370000,36716.7200
1623165066187000,0,0.00670000,36729.9300
1623165101354000,0,0.00670000,36904.4000
1623165115199000,0,0.00670000,36960.4500
1623165133407000,0,0.00660000,36973.6700
1623165168254000,0,0.00250000,36830.3700
1623165209071000,0,0.00670000,36695.9300
1623165244434000,0,0.00670000,36702.6000
1623165279332000,0,0.00670000,36724.1700
1623165307467000,0,0.01060000,36669.3000
1623165314779000,0,0.00670000,36737.4200
1623165332278000,1,0.00249796,36525.5900
1623165332298000,1,0.00000001,36525.5900
1623165349807000,0,0.00670000,36557.1200
1623165351527000,1,0.00249797,36502.8800
1623165364975000,1,0.01009999,36390.6400
1623165377199000,1,0.00000001,36390.6400
1623165377805000,0,0.00684783,36356.9100
1623165384449000,0,0.00670000,36503.8500
1623165389961000,0,0.01000000,36503.8500
1623165426742000,0,0.00670000,36570.4500
1623165462187000,0,0.00670000,36338.3600
1623165497156000,0,0.00670000,36316.3500
1623165508360000,0,0.01000000,36359.9300
1623165532868000,0,0.00670000,36408.1600
1623165567495000,0,0.00670000,36226.6400
1623165581395000,1,0.01000000,36100.0000
1623165581985000,1,0.04633988,36100.0000
1623165603058000,0,0.00680000,36260.6100
1623165638713000,0,0.00680000,36116.2300
1623165670874000,0,0.01000000,36180.0500
1623165673643000,0,0.00680000,36241.9200
1623165692567000,1,0.01265900,36071.9500
1623165692567000,1,0.00505067,36051.1900
1623165707715000,0,0.00680000,36117.5200
1623165721036000,1,0.00072300,35950.0000
1623165721036000,1,0.00072300,35950.0000
1623165741141000,1,0.01000000,36068.5000
1623165741774000,0,0.00680000,36112.1400
1623165777216000,0,0.00690000,36081.6200
1623165816971000,0,0.00670000,36268.6600
1623165852352000,0,0.00680000,36347.6500
1623165874954000,1,0.01030000,35992.5700
1623165875358000,1,0.00990000,35983.5700
1623165875730000,0,0.00680000,36040.1100
1623165887517000,0,0.00680000,36054.3600
1623165903236000,0,0.01030000,36079.1000
1623165911097000,0,0.00315650,36187.7900
1623165911140000,0,0.00694350,36187.7900
1623165921655000,0,0.00680000,36324.7400
1623165956925000,0,0.00670000,36268.1000
1623165992006000,0,0.00680000,36196.6900
1623166032038000,0,0.00680000,36222.0600
1623166064549000,0,0.00670000,36185.1200
1623166099938000,0,0.00680000,36143.9200
1623166134511000,0,0.00680000,36133.6100
1623166169905000,0,0.00680000,36215.3500
1623166218951000,1,0.08653560,36373.4400
1623166218959000,1,0.00969999,36373.4400
1623166222447000,0,0.03343198,36456.9400
1623166222447000,0,0.00749568,36466.5300
1623166296479000,0,0.01000000,36497.0500
1623166297031000,0,0.01000000,36497.0500
1623166298051000,0,0.01000000,36497.0500
1623166299108000,0,0.01000000,36497.0500
1623166300300000,0,0.01000000,36497.0500
1623166300320000,0,0.16710031,36497.0500
1623166515821000,0,0.01000000,36611.0400
1623166693305000,0,0.00670000,36307.2100
1623166727743000,0,0.00500000,36179.7100
1623166763269000,0,0.00680000,36169.9900
1623166797776000,0,0.00680000,36090.3600
1623166833604000,0,0.00680000,36237.0300
1623166858072000,0,0.00680000,36266.2900
1623167020858000,0,0.00680000,36194.7800
1623167137565000,0,0.01000000,36536.2000
1623167619805000,0,0.00969984,36780.7700
1623167619805000,0,0.03315441,36780.7900
1623167620402000,0,0.03315327,36795.3400
1623167622846000,1,0.00969996,36805.5400
1623167805663000,1,0.01010000,36776.4200
1623167932351000,1,0.01010000,36828.1500
1623167932351000,1,0.03082766,36809.7500
1623168001342000,0,0.00948898,36829.1800
1623168071580000,0,0.02024402,36736.4800
1623168072111000,0,0.01030000,36745.8200
1623168073205000,0,0.01010000,36759.9000
1623168122612000,0,0.01009999,37065.6200
1623168122839000,0,0.00000001,37065.6200
1623168141900000,0,0.01019999,37162.5500
1623168282967000,1,0.00461925,37538.7600
1623168408942000,0,0.01020000,37500.7700
1623168408993000,1,0.01020000,37500.7700
1623168409187000,1,0.02140501,37515.5000
1623168467871000,1,0.00980000,37496.6900
1623168518041000,0,0.01000000,37583.0500
1623169249749000,0,0.01050000,37742.2500
1623169390942000,1,0.00410000,37583.0000
1623169391040000,1,0.00271824,37583.0000
1623169391222000,1,0.00600008,37566.0000
1623169391240000,1,0.00419992,37566.0000
1623169639585000,0,0.00990000,37366.5800
1623169801717000,0,0.01000000,37487.4000
1623169830049000,1,0.00239749,37410.2900
1623170054158000,0,0.00960000,37345.8500
1623170194830000,0,0.01030000,37482.9200
1623170194830000,0,0.01040000,37492.7500
1623170453133000,1,0.01000000,37425.2000
1623170576511000,1,0.03401080,37309.4700
1623170762983000,1,0.00107633,37160.1400
1623170762983000,1,0.01019721,37160.1300
1623170887755000,1,0.01000000,37207.2200
1623170887996000,1,0.01250067,37196.2600
1623171057397000,1,0.00970000,37351.3000
1623171464621000,0,0.00980000,37501.8600
1623171857973000,1,0.01030000,37437.6700
1623171940055000,1,0.01269524,37411.4100
1623172009455000,1,0.01030000,37458.1200
1623172009455000,1,0.00820057,37449.3300
1623172009593000,1,0.00159943,37449.3300
1623172050938000,1,0.00966468,37309.3900
1623172050941000,1,0.00063532,37309.3900
1623172092621000,1,0.01030000,37297.1200
1623172276604000,0,0.01001193,37562.0800
1623172277139000,0,0.00038807,37562.0800
1623172309436000,0,0.01000000,37606.7600
1623172309436000,0,0.00042636,37625.5700
1623172365246000,0,0.01000000,37574.6800
1623172587192000,1,0.01000000,37377.5000
1623172902916000,1,0.01717324,37333.6500
1623172942253000,1,0.03045004,37309.1200
1623172942310000,1,0.00268431,37309.1200
1623172942310000,1,0.00644236,37309.1200
1623172942317000,1,0.03900144,37309.1200
1623173026375000,1,0.00875631,37298.8100
1623173026483000,1,0.00506102,37298.8100
1623173084395000,1,0.00980000,37166.0800
1623173358391000,0,0.01020000,37399.4400
1623173358391000,0,0.01020000,37400.4800
1623173358391000,0,0.02095371,37419.1800
1623174043641000,0,0.00970000,37361.7400
1623174044309000,0,0.00970000,37371.8900
1623174559755000,1,0.01010000,37472.3000
1623174609653000,0,0.01000000,37500.0000
1623174610648000,0,0.01000000,37500.0000
1623174611666000,0,0.01000000,37500.0000
1623174611841000,0,0.00527789,37500.0000
1623175373651000,0,0.01058876,37781.5700
1623175563523000,1,0.01340000,38030.0200
1623175681699000,1,0.01000000,38065.5600
1623175706525000,0,0.00960000,38186.9300
1623175714945000,0,0.01030000,38360.9600
1623175718140000,1,0.00660000,38349.8500
1623175753034000,1,0.00500000,38116.6800
1623175786958000,0,0.00990000,38325.7000
1623175817973000,1,0.00660000,38195.3200
1623175903115000,1,0.00660000,38206.0000
1623175977595000,1,0.00960000,38185.4500
1623176259503000,0,0.03763086,38403.1000
1623176259503000,0,0.03850078,38403.1100
1623176259503000,0,0.00990000,38406.0600
1623176282068000,1,0.00888452,38402.0100
1623176282079000,1,0.02880000,38402.0100
1623176282200000,1,0.01114820,38402.0100
1623176282269000,1,0.03889999,38402.0100
1623176282822000,1,0.05777452,38402.0100
1623176471026000,1,0.00970000,38466.2700
1623176480123000,1,0.01000000,38512.7100
1623176556665000,0,0.01000000,38539.6800
1623176556665000,0,0.01020000,38555.8900
1623176556665000,0,0.00760203,38558.1700
1623176557219000,0,0.00990000,38538.9000
1623176659968000,1,0.00960000,38517.0600
1623176696802000,1,0.01030000,38610.1400
1623176740069000,1,0.01030000,38522.8000
1623176740069000,1,0.00070011,38509.6500
1623176768337000,0,0.03546782,38614.0100
1623176910177000,1,0.00990000,38597.4400
1623176921006000,0,0.00420913,38634.8600
1623176922571000,0,0.00626281,38647.7900
1623176933600000,1,0.00960000,38610.3500
1623176959943000,1,0.03830070,38560.4900
1623176975642000,1,0.03700000,38541.1800
1623177053842000,0,0.00970000,38634.0600
1623177144725000,0,0.00168041,38689.5600
1623177195754000,1,0.01030000,38631.0900
1623177196732000,1,0.00644667,38562.5400
1623177323493000,1,0.00970000,38524.9300
1623177323902000,1,0.02975602,38517.2800
1623177326923000,0,0.00314770,38564.0000
1623177578736000,1,0.01532025,38762.5300
1623177578878000,1,0.02699963,38762.5300
1623177578882000,1,0.01100000,38762.5300
1623177584392000,1,0.00559200,38764.1700
1623177599063000,1,0.00905996,38708.7100
1623177599133000,1,0.00526959,38708.7100
1623177599546000,1,0.01543768,38719.2000
1623177599609000,1,0.04345643,38719.2000
1623177599646000,1,0.03357988,38719.2000
1623177599675000,1,0.01823339,38719.2000
1623177599712000,1,0.00619054,38719.2000
1623177599936000,1,0.03193529,38719.2000
1623177600006000,1,0.00784556,38719.2000
1623177600106000,1,0.00880452,38719.2000
1623177616479000,1,0.01010000,38657.2500
1623177625220000,1,0.00980000,38668.7800
1623177626303000,1,0.00960000,38630.6600
1623177626303000,1,0.01020000,38630.6400
1623177627238000,1,0.03750000,38642.0100
1623177627433000,1,0.08185000,38642.0100
1623177759927000,0,0.00980000,38785.7500
1623177759927000,0,0.00960000,38789.9600
1623177759927000,0,0.01841950,38805.1500
1623177762461000,0,0.00930000,38818.1700
1623177943793000,0,0.00417800,38887.6000
1623178005683000,1,0.01010000,38918.5200
1623178285046000,1,0.00490304,38805.7300
1623178285054000,1,0.00529696,38805.7300
1623178285185000,1,0.00980000,38788.2600
1623178398037000,0,0.00305197,38962.8100
1623178458988000,0,0.00969534,38988.8000
1623178600890000,0,0.00261704,39068.9800
1623178600904000,0,0.00698296,39068.9800
1623178634945000,0,0.01020000,39274.0400
1623178634945000,0,0.02300937,39292.9500
1623178646918000,0,0.00975906,39274.0400
1623178672296000,0,0.00969997,39220.4600
1623178753476000,0,0.00960000,39115.4100
1623178861809000,1,0.01325188,39124.7600
1623178861838000,1,0.02547343,39124.7600
1623178879073000,1,0.02368100,39114.1700
1623178879722000,1,0.02621857,39114.1700
1623178879782000,1,0.00382599,39114.1700
1623178879829000,1,0.00400000,39114.1700
1623178880055000,1,0.03281062,39114.1700
1623178880092000,1,0.00700000,39114.1700
1623178880105000,1,0.03086686,39114.1700
1623178880157000,1,0.02790077,39114.1700
1623178880158000,1,0.00866594,39114.1700
1623178880378000,1,0.00757700,39114.1700
1623178880463000,1,0.03200000,39114.1700
1623178881835000,1,0.02741850,39114.1700
1623178883001000,1,0.00802188,39114.1700
1623178912619000,1,0.00960000,39035.3300
1623178912619000,1,0.01030000,39025.6300
1623178932983000,0,0.00247490,39024.5200
1623178953382000,1,0.01000000,38961.2500
1623178956932000,1,0.01000000,38961.2500
1623178958455000,1,0.00803433,38961.2500
1623179107230000,1,0.01000000,38938.8300
1623179368637000,1,0.00800000,39155.3100
1623181070712000,1,0.00372703,39158.6800
1623181341202000,0,0.00076435,39248.8000
1623182056595000,1,0.00960000,39313.2000
1623182231128000,0,0.01000000,39337.7700
1623182306498000,0,0.01000000,39337.7700
1623182308700000,0,0.01813459,39337.7700
1623182309290000,0,0.03223766,39337.7700
1623182309390000,0,0.00289270,39337.7700
1623182408848000,0,0.00930000,39434.6600
1623182792217000,0,0.00601132,39352.7400
1623182879689000,1,0.00415640,39325.2500
1623182980166000,1,0.00723690,39382.2400
1623183892801000,0,0.00999999,39473.3300
1623183892902000,0,0.00000001,39473.3300
1623183892902000,0,0.01000000,39481.3200
1623183893491000,0,0.01000000,39491.1300
1623183894520000,0,0.00960000,39508.9100
1623184014270000,1,0.00640000,39690.3600
1623184015652000,1,0.01000000,39702.0400
1623184044971000,1,0.00490000,39584.9200
1623184110158000,1,0.00640000,39704.8200
1623184145388000,1,0.00640000,39808.7900
1623184180497000,1,0.00640000,39766.0100
1623184358826000,1,0.01000000,39625.9600
1623184359131000,1,0.03261383,39625.9600
1623185151377000,0,0.03709482,39951.6600
1623185232593000,0,0.00980000,40024.8300
1623185317689000,1,0.01000000,39865.5600
1623185320392000,1,0.01020000,39846.4600
1623185554487000,1,0.01030000,39944.3300
1623185554549000,1,0.01000000,39935.3700
1623185554549000,1,0.01020000,39924.7300
1623185554549000,1,0.00960000,39922.9100
1623185605731000,1,0.00479568,39877.4800
1623185626686000,1,0.00584813,39874.0100
1623185627038000,1,0.00395187,39874.0100
1623185715873000,0,0.00707703,39894.7400
1623185722531000,1,0.00543285,39909.0300
1623185859357000,1,0.00970000,39944.3800
1623185966750000,1,0.00990000,39901.0400
1623185967536000,1,0.00748125,39901.0500
1623185992257000,0,0.01000000,39821.6200
1623186000299000,1,0.01000000,39821.6200
1623186006854000,1,0.01000000,39850.3200
1623186057518000,1,0.00328747,39764.7400
1623186123791000,0,0.01000000,39785.9300
1623186123791000,0,0.00990000,39794.0600
1623186129268000,0,0.01000000,39830.3500
1623186129268000,0,0.00970000,39830.3600
1623186129268000,0,0.00169970,39844.9300
1623186361727000,1,0.00059203,39795.8500
1623186517679000,0,0.00093750,39802.1000
1623186770193000,1,0.00897411,39796.6500
1623186875533000,0,0.02892066,39910.8300
1623187008976000,1,0.00970000,39890.8600
1623187008976000,1,0.02549166,39890.4500
1623187009006000,1,0.07400000,39890.4500
1623187040356000,1,0.01000000,39771.5000
1623187040811000,1,0.00096283,39743.1800
1623187040811000,1,0.01040000,39743.1600
1623187040811000,1,0.00240720,39740.9300
1623187041455000,1,0.02034156,39740.9300
1623187041876000,1,0.00322335,39740.9300
1623187071719000,0,0.00960000,39731.4000
1623187071719000,0,0.03023776,39738.0900
1623187507472000,0,0.00334923,39808.1500
1623187705596000,0,0.03559172,39865.5500
1623187709046000,0,0.00169987,39865.5500
1623188244707000,1,0.00966364,39751.0400
1623188337296000,1,0.00696424,39570.7000
1623188650750000,0,0.00960000,39821.3700
1623188768763000,0,0.00340619,39874.2500
1623188768999000,0,0.00267431,39874.2500
1623188769028000,0,0.00371950,39874.2500
1623189085707000,1,0.00990000,39906.7500
1623189092023000,1,0.01003251,39876.1000
1623189142325000,0,0.04229958,39904.1500
1623189142325000,0,0.03779304,39904.1600
1623189319021000,0,0.01000000,39910.7300
1623189336496000,1,0.03822100,39865.0300
1623189343478000,1,0.02362004,39835.8100
1623189343733000,1,0.01288295,39835.8100
1623189707750000,0,0.01020000,39840.6400
1623189835299000,0,0.00970000,39889.4600
1623189835299000,0,0.00970000,39889.4700
1623189991613000,1,0.00316213,39850.0900
1623189991753000,1,0.00317517,39850.0900
1623189991765000,1,0.00336270,39850.0900
1623189991765000,1,0.00586117,39841.0100
1623191056481000,1,0.01010000,39948.6900
1623191312701000,0,0.01000000,40016.7500
1623191331298000,1,0.01000000,39981.7700
1623192387900000,0,0.00970000,39867.3300
1623192800123000,1,0.20000000,39601.8500
1623193625509000,0,0.00960000,40015.6800
1623193625601000,1,0.00960000,40015.6800
1623193627398000,0,0.01000000,40000.5300
