timestamp ms,type,amount,price
1623024922060000,0,0.02812276,43256.0600
1623024925713000,0,0.02814041,43287.2000
1623024931159000,0,0.10605842,43355.6900
1623025035464000,1,0.00221683,43320.6700
1623025322108000,1,0.00417310,43254.8800
1623025777616000,1,0.00048484,43231.8000
1623027831997000,0,0.02066463,43582.1100
1623028431563000,0,0.01919580,43439.7700
1623030401331000,0,0.00519500,43951.0300
1623030401348000,0,0.00000500,43951.0300
1623030401348000,0,0.09184911,43951.0400
1623030669231000,1,0.01318744,43922.9500
1623030780816000,1,0.01502869,43939.4900
1623031229295000,1,0.01639952,44120.8000
1623031484359000,1,0.03207252,43935.4800
1623031788653000,0,0.02691791,44005.2800
1623031788786000,0,0.02192800,44005.2800
1623031992914000,0,0.00520000,43991.3600
1623031992914000,0,0.00048090,43993.3100
1623032462192000,0,0.00120985,43959.4400
1623032473192000,0,0.00491688,43967.0500
1623032956789000,0,0.00422009,43858.1600
1623033024365000,0,0.00253505,43864.3900
1623033182355000,0,0.03417439,43814.2000
1623033182400000,0,0.03445537,43814.2000
1623035834451000,0,0.03230817,44034.6800
1623035834506000,0,0.03446117,44034.6800
1623037204643000,1,0.00836481,43698.7800
1623037204643000,1,0.00836408,43694.0200
1623038847542000,0,0.00520000,44016.1200
1623039304443000,0,0.03409882,44043.8000
1623039304535000,1,0.01247860,44044.3000
1623039973175000,0,0.00400000,43763.4400
1623039973265000,0,0.03330801,43763.4400
1623040175563000,0,0.00411735,43736.7300
1623040175588000,0,0.00400000,43736.7300
1623040497269000,0,0.01554116,43810.0700
1623042831501000,1,0.00158116,43728.9200
1623042831754000,1,0.00444818,43725.6300
1623043240392000,1,0.01000000,43717.5700
1623043475793000,0,0.01000000,43700.8100
1623043960725000,1,0.00330354,43551.7700
1623043961306000,1,0.00416336,43551.7700
1623044361731000,0,0.00530561,43709.0600
1623044874346000,0,0.02811215,43924.9600
1623044878346000,0,0.01565946,43942.3100
1623045033001000,0,0.01000000,44018.8200
1623045033105000,0,0.01160000,44018.8200
1623045287341000,0,0.01000000,44146.3400
1623045314934000,0,0.00311626,44121.6300
1623045389198000,0,0.01864518,44144.9200
1623045722677000,1,0.00970000,44145.6900
1623045722677000,1,0.00335902,44130.9100
1623045836572000,1,0.00499471,44022.3300
1623046288384000,1,0.01000000,43969.7300
1623046288550000,1,0.02445892,43969.7300
1623046289295000,1,0.01000000,43892.3800
1623046672637000,0,0.02906994,43969.4600
1623046754797000,0,0.00980000,43905.0600
1623046754798000,0,0.00040000,43905.0600
1623046754798000,0,0.00930000,43917.0200
1623046754814000,0,0.00040000,43917.0200
1623046754814000,0,0.00980000,43919.6800
1623046754814000,0,0.00896384,43920.4200
1623047511906000,0,0.00603902,43720.6600
1623047877908000,1,0.01000000,43659.3100
1623049089719000,1,0.00603902,43558.9300
1623049235296000,1,0.00927900,43498.6400
1623049240601000,1,0.00970000,43465.9500
1623049241386000,1,0.00352249,43453.9700
1623049274814000,1,0.01020000,43423.8300
1623049437211000,0,0.00960000,43461.5200
1623050586520000,0,0.01010000,43465.6800
1623050590425000,0,0.00990000,43476.5700
1623051410987000,1,0.00970000,43328.2000
1623051410987000,1,0.00309000,43320.7900
1623052899391000,0,0.00520000,43518.2000
1623052929190000,0,0.00980000,43605.8800
1623052929190000,0,0.00520000,43610.3700
1623052929328000,0,0.00950000,43614.8600
1623053522470000,1,0.00990000,43273.3300
1623053945932000,0,0.00343420,43181.5200
1623055478714000,1,0.00879965,43108.6300
1623056618533000,1,0.00970000,43028.7000
1623056618901000,1,0.00837779,43017.3000
1623056618957000,1,0.00172221,43017.3000
1623056618957000,1,0.00807779,43007.1900
1623056619007000,1,0.00172221,43007.1900
1623057384334000,1,0.00558450,43231.7700
1623057938693000,0,0.00698170,43326.9900
1623058092081000,0,0.00990000,43448.8900
1623058092081000,0,0.05446994,43449.6600
1623058092606000,0,0.00416430,43449.6600
1623058230277000,1,0.00100000,43395.0000
1623058733527000,1,0.00100000,43366.0000
1623060711978000,1,0.00369412,43768.5700
1623061098417000,0,0.01000000,43894.5900
1623061098417000,0,0.00980000,43906.7500
1623061098498000,0,0.00748146,43916.5300
1623061098575000,1,0.00980000,43906.7500
1623061100598000,0,0.01000000,43875.3900
1623061616005000,1,0.01292320,43905.8000
1623061616285000,1,0.01439600,43905.8000
1623061644763000,1,0.00500000,43959.9300
1623063356362000,0,0.01000000,44324.8600
1623063400774000,1,0.00115891,44300.0000
1623063697134000,1,0.00970000,44075.9200
1623063697134000,1,0.00030000,44057.5200
1623063849656000,1,0.00980000,44193.1200
1623063849656000,1,0.00990000,44193.1000
1623063926642000,0,0.00948898,44260.3500
1623065285742000,1,0.01020000,43940.4100
1623065573924000,1,0.00695842,43823.7300
1623065979485000,1,0.00980000,43803.9100
1623065979541000,1,0.00726702,43793.1900
1623065979541000,1,0.01000000,43793.1800
1623065979541000,1,0.00822398,43793.1500
1623065979551000,1,0.00157602,43793.1500
1623066400348000,0,0.00960000,43846.9300
1623066400348000,0,0.01700182,43849.6300
1623067272066000,0,0.00898590,44028.6100
1623069256926000,1,0.01000000,44130.3500
1623069260882000,0,0.01000000,44171.9200
1623071635160000,1,0.00289954,44170.0600
1623071651552000,1,0.00629800,44145.4100
1623071651553000,1,0.00360200,44145.4100
1623071657150000,1,0.00970000,44135.5300
1623072029020000,1,0.01360000,43945.3700
1623072029052000,1,0.00925869,43945.3700
1623072107683000,1,0.03278996,43976.5400
1623072189314000,1,0.03382508,43866.0200
1623072191281000,1,0.00130922,43852.8700
1623072191647000,1,0.00844374,43852.8700
1623072969476000,0,0.01020000,43743.1100
1623073357141000,0,0.01020000,43874.2100
1623073396238000,0,0.00990000,43744.5300
1623073396238000,0,0.02430316,43762.9100
1623074029680000,0,0.01009484,43629.1700
1623074607136000,0,0.00830373,43239.5700
1623074744459000,0,0.01020000,43446.8800
1623074750660000,0,0.00999507,43454.0800
1623074788121000,0,0.01020000,43385.0400
1623074788121000,0,0.00563540,43394.3200
1623077526775000,1,0.01030000,43181.7800
1623077651469000,0,0.04453683,43505.7400
1623077823100000,1,0.00129590,43430.0400
1623077823113000,1,0.01804410,43430.0400
1623080477801000,1,0.00461455,43416.0600
1623080483547000,0,0.02224175,43440.9400
1623080483616000,0,0.01200000,43440.9400
1623082836559000,1,0.00960000,43215.0900
1623083989437000,1,0.00970000,43173.1300
1623084901111000,1,0.00980000,43232.8900
1623084901743000,1,0.00245272,43223.3700
1623085648501000,1,0.01000000,42969.2000
1623085670766000,1,0.01000000,42978.7900
1623085672307000,1,0.00962754,42971.4000
1623085702422000,0,0.00446065,42986.9900
1623086107107000,1,0.00775729,43128.7900
1623086107191000,1,0.00214271,43128.7900
1623086124892000,0,0.00960000,43073.6400
1623086128634000,1,0.00980000,43110.8600
1623086129633000,0,0.00960000,43089.3100
1623086129633000,0,0.00009492,43092.4700
1623086129790000,0,0.00960508,43092.4700
1623086129790000,0,0.00020000,43094.7000
1623086129993000,1,0.00383017,43110.8600
1623086240855000,1,0.00970000,43047.9900
1623087626871000,1,0.00990000,43051.1000
1623087684974000,1,0.00888368,43034.5800
1623087989702000,1,0.00880648,43019.4200
1623089144855000,0,0.00462955,43200.6500
1623089866141000,1,0.00381000,42600.4700
1623089866180000,1,0.00489592,42600.4700
1623089866971000,1,0.00609284,42579.0400
1623091098094000,1,0.03815015,42923.3600
1623091130898000,1,0.06991711,42939.9300
1623091133311000,1,0.04419070,42941.7800
1623091133863000,1,0.04419356,42941.7800
1623091149811000,1,0.01019971,42943.1700
1623091189027000,0,0.01000000,42949.9500
1623091994570000,0,0.00989486,42621.3000
1623092001294000,0,0.00989486,42623.0300
1623092007142000,0,0.01019486,42620.9000
1623092077390000,1,0.00595714,42619.2400
1623092077549000,1,0.00413772,42619.2400
1623092487390000,0,0.36000000,42518.9300
1623092487390000,0,0.00980000,42523.4200
1623092487390000,0,0.00970000,42533.4500
1623092487390000,0,0.01020000,42544.7000
1623092487390000,0,0.03492768,42546.4700
1623092487390000,0,0.03657116,42549.5800
1623092487390000,0,0.01653561,42554.2900
1623093484496000,0,0.00694912,42819.9500
1623093484580000,0,0.00658572,42819.9500
1623093484629000,0,0.01104360,42819.9500
1623093484690000,0,0.01700000,42819.9500
1623093485964000,1,0.01000000,42802.7700
1623093592157000,1,0.00140142,42621.7700
1623093592195000,1,0.00739716,42621.7700
1623093592660000,1,0.00140142,42621.7700
1623093708561000,0,0.00494667,42725.1000
1623094847717000,0,0.01000000,43040.4800
1623094853935000,0,0.01000000,43040.4800
1623094918157000,0,0.00904788,43027.0400
1623094918246000,0,0.03509514,43027.0400
1623094918287000,0,0.02400000,43027.0400
1623094918873000,0,0.01182279,43027.0400
1623094918929000,0,0.02857220,43027.0400
1623094919633000,0,0.01000000,43027.0400
1623094921153000,0,0.01000000,43027.0400
1623094935400000,0,0.00300928,42953.8900
1623094935568000,0,0.00317800,42953.8900
1623094935584000,0,0.03491523,42953.8900
1623094935670000,0,0.02827799,42953.8900
1623094936273000,0,0.03469205,42953.8900
1623095008876000,0,0.01999999,42913.0000
1623095008894000,0,0.01400000,42913.0000
1623095049091000,0,0.00700001,42908.8900
1623095049118000,0,0.00800000,42908.8900
1623095049149000,0,0.03425751,42908.8900
1623095049210000,0,0.03149100,42908.8900
1623095049215000,0,0.00546900,42908.8900
1623095049240000,0,0.02410000,42908.8900
1623095049258000,0,0.00450000,42908.8900
1623095049287000,0,0.02460000,42908.8900
1623095049292000,0,0.03494597,42908.8900
1623095049328000,0,0.00460083,42908.8900
1623095049390000,0,0.03500000,42908.8900
1623095049462000,0,0.01146042,42908.8900
1623095049470000,0,0.03517206,42908.8900
1623095049470000,0,0.02443900,42908.8900
1623095049555000,0,0.01555000,42908.8900
1623095049570000,0,0.03121420,42908.8900
1623095080422000,0,0.00242280,42954.4700
1623095092446000,0,0.01000000,42954.4700
1623095119066000,0,0.03471867,42915.4800
1623095119699000,0,0.01000000,42915.4800
1623095130966000,0,0.00400000,42915.4800
1623095188293000,0,0.01103600,42868.6700
1623095274682000,0,0.03525088,42838.7200
1623095281055000,0,0.00825992,42838.7200
1623095284329000,0,0.03511652,42838.7200
1623095284345000,0,0.01167588,42838.7200
1623095284392000,0,0.02708647,42838.7200
1623095284616000,0,0.03543714,42838.7200
1623095284804000,0,0.00802354,42838.7200
1623095297348000,0,0.00374100,42838.7200
1623095297360000,0,0.00375600,42838.7200
1623095297377000,0,0.02891999,42838.7200
1623095297383000,0,0.01443266,42838.7200
1623095297383000,0,0.02013133,42855.5300
1623095297407000,0,0.03300000,42855.5300
1623095297428000,0,0.00638299,42855.5300
1623095298257000,0,0.03400000,42855.5300
1623095298537000,0,0.03457503,42855.5300
1623095298593000,0,0.03509700,42855.5300
1623095298620000,0,0.01141665,42855.5300
1623095298637000,0,0.01049999,42855.5300
1623095298645000,0,0.00373332,42855.5300
1623095298691000,0,0.01713037,42855.5300
1623095299061000,0,0.00373332,42855.5300
1623095299140000,0,0.02393735,42874.7900
1623095299235000,0,0.00386961,42874.7900
1623095317313000,0,0.04644158,42874.9100
1623095317377000,0,0.02760000,42874.9100
1623095323004000,0,0.01201760,42874.9100
1623095324614000,0,0.01400000,42874.9100
1623095341736000,0,0.00659300,42874.9100
1623095341879000,0,0.02880000,42874.9100
1623095342055000,0,0.03474854,42874.9100
1623095342405000,0,0.05190936,42874.9100
1623095342452000,0,0.04516272,42874.9100
1623095342468000,0,0.00062720,42874.9100
1623095342468000,0,0.00930037,42877.7600
1623095342484000,0,0.01557395,42877.7600
1623095342494000,0,0.00690000,42877.7600
1623095342514000,0,0.00745302,42877.7600
1623095342545000,0,0.03400000,42877.7600
1623095342550000,0,0.03425835,42877.7600
1623095342560000,0,0.04820700,42877.7600
1623095342580000,0,0.00992551,42877.7600
1623095342591000,0,0.08558180,42877.7600
1623095342765000,0,0.02000000,42895.4100
1623095342822000,0,0.06601025,42895.4100
1623095342838000,0,0.02130646,42895.4100
1623095342844000,0,0.02845807,42895.4100
1623095342866000,0,0.08812522,42895.4100
1623095344389000,0,0.01600000,42897.2100
1623095344478000,0,0.01000000,42897.2100
1623095344483000,0,0.00610825,42897.2100
1623095344526000,0,0.00609387,42897.2100
1623095344580000,0,0.03251956,42897.2100
1623095344623000,0,0.01575821,42897.2100
1623095344623000,0,0.00250185,42897.2100
1623095344640000,0,0.06304971,42897.2100
1623095344681000,0,0.00311568,42897.2100
1623095344966000,0,0.01820721,42897.2100
1623095345531000,0,0.01450638,42897.2100
1623095345584000,0,0.01923748,42897.2100
1623095345598000,0,0.00696888,42897.2100
1623095345607000,0,0.04234213,42897.2100
1623095345739000,0,0.02749079,42897.2100
1623095384513000,0,0.00800000,42897.7700
1623095388410000,0,0.02816470,42897.7700
1623095388437000,0,0.04218835,42897.7700
1623095388524000,0,0.02655330,42897.7700
1623095388559000,0,0.03511974,42897.7700
1623095388615000,0,0.00362808,42897.7700
1623095388803000,0,0.00862021,42897.7700
1623095404081000,0,0.00712562,42897.7700
1623095413726000,0,0.02306493,42913.1700
1623095413762000,0,0.01130000,42913.1700
1623095413787000,0,0.02360000,42913.1700
1623095414096000,0,0.01227208,42913.1700
1623095414260000,0,0.00396605,42913.1700
1623095414283000,0,0.00495730,42913.1700
1623095414300000,0,0.00297410,42913.1700
1623095414338000,0,0.02926554,42913.1700
1623095414338000,0,0.00373446,42918.5000
1623095414409000,0,0.03510974,42918.5000
1623095414469000,0,0.00297441,42918.5000
1623095414488000,0,0.00396588,42918.5000
1623095414538000,0,0.03400000,42918.5000
1623095414578000,0,0.00756765,42918.5000
1623095414668000,0,0.03477900,42918.5000
1623095414668000,0,0.05276886,42918.5000
1623095437249000,0,0.00300000,42917.7300
1623095437308000,0,0.03494744,42917.7300
1623095437322000,0,0.00349200,42917.7300
1623095437453000,0,0.01756056,42917.7300
1623096467329000,0,0.00460611,42911.3400
1623096467528000,0,0.00539389,42911.3400
1623096661608000,0,0.00354297,42865.7700
1623096661724000,0,0.05259929,42865.7700
1623096661863000,0,0.00618185,42865.7700
1623096661970000,0,0.05816258,42865.7700
1623096661983000,0,0.01176500,42865.7700
1623096662032000,0,0.01777063,42865.7700
1623096662047000,0,0.00459640,42865.7700
1623096662080000,0,0.03524364,42865.7700
1623096662102000,0,0.01363986,42865.7700
1623096662136000,0,0.03634889,42865.7700
1623096662144000,0,0.02728163,42865.7700
1623096662152000,0,0.07200000,42865.7700
1623096662167000,0,0.01189179,42865.7700
1623096662181000,0,0.03896493,42865.7700
1623096662191000,0,0.00605745,42865.7700
1623096662200000,0,0.07039161,42865.7700
1623097289192000,1,0.02592028,42826.5400
1623097324168000,1,0.02616345,42826.5400
1623097324188000,1,0.00223009,42826.5400
1623097324613000,1,0.00641320,42826.5400
1623097325204000,1,0.00555348,42826.5400
1623097342298000,1,0.03440969,42721.3900
1623097753796000,0,0.01030000,42911.2700
1623097818549000,1,0.00272411,42874.4500
1623098949939000,0,0.01000000,42137.7900
1623098950459000,1,0.00931753,42083.6100
1623098966334000,0,0.00970000,42376.9400
1623099038496000,1,0.01824103,41706.0100
1623099038572000,1,0.01749122,41706.0100
1623099038572000,1,0.01000000,41706.0000
1623099038572000,1,0.01000000,41695.1200
1623099038572000,1,0.01056078,41685.1700
1623099038652000,1,0.01824100,41685.1700
1623099038698000,1,0.00703470,41685.1700
1623099040986000,0,0.00703442,41685.1700
1623099051937000,0,0.00444163,41624.8200
1623099054887000,1,0.00444163,41584.2100
1623099054887000,1,0.01110581,41584.2100
1623099056887000,1,0.00438064,41551.6400
1623099065608000,0,0.00990000,41674.7900
1623099079023000,0,0.01010000,41715.6900
1623099080617000,0,0.00960000,41737.1500
1623099081505000,0,0.04809967,41715.6800
1623099082012000,0,0.00980000,41756.0100
1623099090684000,0,0.01000000,41811.2000
1623099091573000,0,0.02152706,41838.5100
1623099094304000,0,0.02626817,41838.5100
1623099126868000,0,0.00664288,41871.2100
1623099136346000,0,0.00590000,41968.8300
1623099136446000,0,0.40218983,41968.8300
1623099162933000,0,0.00923380,42016.1600
1623099252643000,0,0.00470000,41726.1900
1623099346581000,0,0.01010000,41918.9900
1623099346581000,0,0.01000000,41937.8700
1623099355654000,0,0.00990000,41930.5100
1623099355654000,0,0.01020000,41945.8700
1623099362791000,1,0.01113401,41887.7800
1623099369878000,0,0.01000000,41910.1800
1623099373558000,0,0.01000000,41910.1800
1623099375961000,0,0.01000000,41910.1800
1623099376732000,0,0.04287076,41910.1800
1623099376732000,0,0.02915065,41910.1800
1623099379227000,0,0.00347774,41986.8400
1623099379227000,0,0.00990000,41986.8600
1623099379227000,0,0.06460192,42003.3500
1623099379227000,0,0.03617893,42003.7200
1623099379227000,0,0.00980000,42005.7600
1623099379227000,0,0.01477271,42023.1900
1623099384707000,0,0.03230096,42018.7700
1623099384707000,0,0.01030000,42018.7800
1623099384707000,0,0.03772513,42031.8600
1623099418411000,0,0.00126606,42031.8000
1623099418411000,0,0.01727262,42031.8000
1623099418411000,0,0.01668306,42031.8000
1623099419724000,0,0.01000000,42031.8000
1623099421491000,0,0.00238646,42031.8000
1623099421491000,0,0.00761354,42031.8000
1623099424398000,0,0.00347498,42031.8000
1623099444657000,0,0.00734727,42031.8000
1623099444657000,0,0.02227473,42031.8000
1623099444662000,0,0.00673887,42031.8000
1623099444791000,0,0.03556000,42031.8000
1623099446095000,0,0.00299720,42031.8000
1623099446130000,0,0.00857599,42031.8000
1623099446132000,0,0.11296670,42031.8000
1623099446204000,0,0.00970000,42067.7900
1623099446204000,0,0.01727472,42092.5200
1623099446204000,0,0.00551880,42093.5300
1623099449647000,0,0.01875772,42078.9000
1623099463784000,0,0.10318362,42101.5200
1623099463784000,0,0.00065181,42101.5300
1623099490252000,1,0.01575745,41993.4500
1623099490290000,1,0.03691005,41993.4500
1623099507889000,1,0.01530535,41906.3100
1623099508247000,1,0.00264731,41885.6600
1623099508258000,1,0.00725269,41885.6600
1623099508695000,1,0.01020000,41866.4300
1623099512669000,1,0.01050000,41855.9500
1623099549026000,1,0.00969973,41520.7500
1623099556905000,1,0.01000000,41614.1900
1623099562186000,1,0.00347300,41541.5200
1623099601040000,0,0.01000000,41704.4400
1623099605426000,1,0.01010000,41591.1700
1623099605426000,1,0.00179310,41591.1700
1623099605426000,1,0.00448312,41591.1700
1623099621576000,1,0.00999973,41514.8400
1623099622549000,1,0.01000000,41514.8400
1623099629129000,1,0.00172587,41554.6300
1623099634177000,0,0.00970000,41519.7000
1623099634415000,1,0.00250000,41500.0000
1623099634415000,1,0.23100000,41494.8300
1623099634415000,1,0.01030000,41494.8200
1623099657497000,0,0.02481537,41547.3100
1623099661321000,0,0.24016187,41580.0800
1623099671103000,0,0.00470000,41703.2300
1623099736179000,0,0.00960000,41724.4400
1623099736179000,0,0.00980000,41733.2900
1623099736179000,0,0.10886116,41743.0300
1623099767258000,0,0.01030000,41724.3200
1623099767258000,0,0.01020000,41732.6700
1623099767597000,1,0.02981173,41656.4100
1623099767834000,0,0.01000000,41711.4700
1623099767871000,0,0.00800235,41711.4700
1623099767905000,0,0.01126033,41711.4700
1623099769762000,0,0.01030000,41771.5200
1623099769762000,0,0.00990000,41771.5300
1623099769762000,0,0.07202384,41792.4100
1623099775986000,1,0.01030000,41698.8200
1623099775986000,1,0.01030000,41697.6900
1623099775986000,1,0.00990000,41678.9200
1623099775986000,1,0.20049989,41677.9900
1623099776091000,1,0.01029984,41677.9900
1623099776156000,0,0.01019986,41773.1200
1623099781619000,0,0.00000014,41773.1200
1623099781619000,0,0.00970000,41773.1200
1623099800400000,0,0.01000000,41789.3800
1623099800480000,0,0.01916746,41789.3800
1623099819755000,0,0.01000000,41863.3100
1623099819755000,0,0.00980000,41863.3200
1623099819755000,0,0.00990000,41866.4100
1623099820343000,0,0.00970000,41863.3100
1623099820343000,0,0.00040049,41883.4100
1623099831069000,0,0.02911433,41862.4600
1623099831069000,0,0.00588529,41870.5300
1623099831325000,0,0.00394449,41870.5300
1623099885459000,0,0.02140600,41849.0900
1623099885469000,0,0.00775149,41849.0900
1623099886475000,0,0.01300000,41868.8900
1623099886508000,0,0.01600000,41868.8900
1623099961634000,1,0.00170563,41799.3100
1623099962328000,1,0.00168881,41796.7300
1623099962328000,1,0.00422218,41795.2100
1623100030259000,1,0.00152800,41681.1100
1623100030439000,1,0.01020000,41670.3200
1623100045050000,1,0.00128092,41650.8800
1623100045050000,1,0.00325239,41645.8300
1623100055314000,0,0.03767911,41672.6400
1623100055314000,0,0.01030000,41672.6500
1623100055314000,0,0.03645839,41681.7500
1623100055314000,0,0.00970000,41681.7600
1623100055314000,0,0.00586250,41686.4500
1623100061126000,1,0.00285950,41620.0200
1623100061403000,1,0.00114380,41610.9100
1623100061403000,1,0.00485420,41610.9000
1623100061443000,1,0.00114380,41610.9100
1623100061443000,1,0.00173012,41610.9000
1623100063301000,1,0.00114380,41610.9100
1623100063301000,1,0.00101522,41610.9100
1623100063301000,1,0.00361568,41610.9000
1623100063301000,1,0.00578432,41598.7400
1623100064214000,1,0.00101522,41585.1000
1623100064214000,1,0.00101522,41570.0400
1623100064214000,1,0.00114380,41570.0400
1623100064214000,1,0.00710000,41570.0300
1623100065991000,1,0.00990000,41565.8200
1623100067353000,0,0.01030000,41615.2900
1623100067353000,0,0.06394266,41631.2400
1623100067353000,0,0.02575734,41631.2400
1623100084037000,0,0.03197133,41703.8700
1623100084037000,0,0.00960000,41703.8800
1623100091810000,1,0.00875528,41632.9900
1623100145403000,1,0.01010000,41536.3400
1623100404000000,1,0.00101051,41223.7300
1623100404000000,1,0.00262733,41223.7300
1623100404000000,1,0.00980000,41223.7200
1623100404000000,1,0.00135860,41108.5400
1623100404150000,1,0.00101051,41223.7300
1623100404150000,1,0.00007153,41223.7300
1623100519173000,1,0.00094582,41037.1900
1623100519173000,1,0.00242376,41037.1900
1623100524081000,1,0.00091972,41000.0100
1623100524081000,1,0.00370000,41000.0000
1623100524118000,0,0.00239127,40995.3100
1623100524263000,0,0.00052869,40990.7500
1623100553539000,1,0.00116451,40676.8600
1623100553539000,1,0.00302775,40676.8600
1623100556674000,1,0.01010000,40632.7500
1623100572869000,0,0.00600000,40513.0200
1623100622231000,0,0.00980000,40740.2200
1623100625206000,0,0.00970000,40741.1600
1623100667824000,0,0.00600000,40833.8500
1623100700671000,0,0.00980000,40913.0700
1623100707858000,0,0.02995754,40927.1100
1623100714328000,0,0.01000000,40988.0600
1623100714328000,0,0.00642683,40993.7800
1623100731721000,0,0.00244125,40962.5500
1623100773919000,1,0.00050000,41082.3400
1623100791839000,0,0.03624075,41294.6600
1623100791839000,0,0.03624998,41317.2500
1623100820838000,0,0.03609505,41278.5000
1623100826281000,0,0.03668640,41304.1200
1623100957527000,1,0.00515575,41224.9500
1623100957527000,1,0.01288937,41215.1000
1623100988262000,1,0.00980000,41179.6700
1623100988500000,1,0.00355700,41168.0600
1623100988611000,1,0.00578351,41174.1200
1623101009415000,1,0.00520655,41168.2100
1623101009415000,1,0.00717693,41168.2100
1623101009420000,1,0.00288155,41168.2100
1623101009703000,1,0.00295790,41168.2100
1623101010650000,1,0.00520011,41140.5100
1623101019138000,1,0.00960000,41027.8000
1623101039416000,1,0.00959978,40919.7200
1623101063624000,0,0.00259766,40964.2900
1623101105831000,1,0.01030000,40958.9900
1623101107060000,1,0.00960000,40931.8600
1623101108834000,1,0.00000022,40919.7200
1623101111518000,1,0.00340400,40888.4300
1623101115798000,1,0.00492472,40886.6500
1623101169187000,1,0.00376269,40678.0900
1623101184177000,1,0.01020000,40613.9600
1623101184177000,1,0.01030000,40613.9400
1623101199487000,0,0.00600000,40615.4700
1623101229974000,0,0.00600000,40632.0900
1623101320524000,0,0.01000000,40743.0200
1623101344302000,0,0.01010000,40748.0500
1623101363287000,0,0.02430262,40867.8200
1623101430183000,0,0.03599519,40702.8700
1623101444807000,0,0.03341944,40775.5800
1623101604143000,0,0.03598300,41027.3200
1623101604244000,0,0.03678006,41027.3200
1623101604727000,0,0.03428500,41059.8000
1623101607058000,0,0.00459500,41105.6900
1623101607524000,0,0.03683605,41105.6900
1623101719826000,1,0.01010000,40899.7500
1623101818476000,0,0.01010000,40822.1600
1623101818476000,0,0.00794333,40835.0600
1623101905659000,0,0.00219320,40890.6300
1623101983822000,1,0.00990000,40705.7700
1623101983822000,1,0.00520017,40695.6800
1623101983822000,1,0.00208003,40695.6800
1623101983822000,1,0.00999972,40695.6700
1623101983822000,1,0.00845384,40695.6700
1623102086458000,1,0.01187792,40843.2500
1623102090403000,1,0.00980000,40838.8400
1623102090448000,1,0.00970000,40827.3800
1623102123714000,1,0.00234997,40603.8000
1623102123714000,1,0.00234992,40593.6600
1623102142798000,0,0.01000000,40594.4800
1623102144330000,0,0.01000000,40653.0000
1623102146561000,0,0.01998587,40653.0000
1623102212992000,1,0.00265684,40690.3200
1623102214728000,1,0.00664164,40677.2600
1623102214728000,1,0.00265665,40677.2600
1623102224372000,0,0.00980000,40641.9900
1623102224372000,0,0.00267784,40644.1000
1623102274288000,0,0.01030000,40659.5300
1623102294754000,0,0.02498405,40739.1900
1623102308656000,1,0.00225756,40642.0300
1623102308656000,1,0.00564389,40642.0300
1623102528884000,0,0.00980000,41009.5300
1623102529423000,0,0.00970000,41029.3500
1623102529945000,0,0.00595774,41035.9500
1623102529970000,0,0.02373786,41035.9500
1623102798459000,0,0.00404700,41050.5000
1623102798526000,0,0.00180600,41050.5000
1623102798526000,0,0.00224100,41050.5000
1623102798735000,0,0.00180600,41050.5000
1623102863720000,0,0.04686766,41108.9400
1623103118768000,0,0.00531919,40975.2600
1623103343105000,1,0.00134372,40821.2800
1623103360253000,1,0.01010000,40859.4200
1623103452215000,0,0.03062138,40783.0800
1623103587430000,0,0.03657912,40765.6700
1623103817236000,1,0.00492699,40993.2700
1623103947693000,1,0.01000000,41134.8800
1623104319621000,1,0.03684954,41065.4000
1623104319762000,1,0.00288360,41065.4000
1623104461862000,1,0.00970000,40968.8800
1623105723480000,1,0.00990000,40775.7900
1623105920320000,1,0.00969982,40882.7300
1623105921611000,0,0.01898413,40888.2900
1623105921717000,0,0.00694953,40888.2900
1623105985223000,0,0.00669200,40981.8900
1623106040630000,0,0.00149400,40923.0500
1623106393627000,1,0.00259073,40832.1900
1623106458048000,1,0.00990000,40828.3700
1623106458106000,1,0.00970000,40815.6500
1623106458619000,1,0.00253243,40801.7300
1623106458619000,1,0.00478511,40801.7300
1623106735832000,1,0.00256145,40934.4400
1623106735832000,1,0.00439971,40934.4300
1623106736047000,1,0.00540029,40934.4300
1623106892060000,0,0.01000000,40876.9300
1623107370147000,0,0.00970000,40926.4500
1623107457225000,0,0.00257075,40944.1900
1623107584732000,1,0.00990000,40756.1900
1623107584833000,1,0.00303604,40749.7600
1623107584875000,1,0.00606396,40749.7600
1623107830169000,0,0.00298188,40731.5800
1623107849892000,1,0.03758491,40669.4800
1623107865146000,1,0.01000000,40526.1400
1623108140047000,1,0.01000000,40554.0600
1623108246810000,1,0.00970000,40463.7200
1623108307409000,1,0.00439062,40313.2300
1623108308656000,1,0.00960000,40254.2300
1623108337447000,0,0.00610000,40203.2600
1623108346513000,1,0.00970000,40135.0000
1623108346513000,1,0.01020000,40130.5200
1623108347070000,1,0.00330598,40130.5200
1623108347070000,1,0.00639402,40114.9400
1623108349752000,1,0.00330598,40114.9400
1623108367752000,0,0.00970000,40236.4300
1623108372832000,0,0.00610000,40237.2300
1623108377224000,0,0.00330417,40237.2400
1623108407440000,0,0.00610000,40356.0500
1623108442936000,0,0.00610000,40376.2000
1623108704846000,0,0.00970000,40710.7400
1623108938350000,0,0.00200000,40817.8700
1623108938398000,0,0.00830000,40817.8700
1623108939211000,0,0.00851940,40835.2500
1623108939326000,0,0.00138060,40835.2500
1623108948532000,1,0.00451400,40757.5500
1623108948986000,1,0.00613000,40747.9500
1623108949370000,1,0.00397000,40747.9500
1623109245227000,1,0.00970000,40208.0100
1623109245227000,1,0.01030000,40188.4900
1623109245227000,1,0.02686766,40184.2900
1623109268565000,0,0.03563143,40343.7100
1623109268601000,0,0.00990000,40368.6800
1623109275985000,0,0.00610000,40428.6300
1623109327902000,0,0.00598255,40524.8000
1623109330412000,0,0.01000000,40517.1300
1623109448152000,0,0.00970000,40382.2100
1623109448152000,0,0.01060000,40391.3800
1623109520769000,1,0.03093740,40312.4400
1623109520811000,1,0.00788928,40312.4400
1623109520839000,1,0.02900000,40312.4400
1623109769507000,1,0.00990000,40472.0100
1623109769507000,1,0.00970000,40472.0000
1623109917789000,1,0.01030000,40199.8000
1623109989176000,0,0.01030000,40294.5500
1623109989176000,0,0.00980000,40300.4800
1623109990207000,0,0.01000000,40292.2300
1623110044938000,0,0.00730300,40226.5000
1623110123230000,0,0.00377700,40124.8700
1623110123261000,0,0.00214600,40124.8700
1623110123364000,0,0.00377700,40124.8700
1623110302134000,1,0.00970000,40360.1900
1623110302302000,1,0.00321399,40353.3300
1623110302478000,1,0.00966899,40353.3300
1623110330900000,1,0.00295501,40342.1800
