timestamp ms,type,amount,price
1623283227302000,0,0.00680568,40596.0400
1623283328640000,0,0.00990000,40395.8000
1623283485764000,1,0.00980000,40371.3100
1623283489168000,1,0.00460528,40335.4100
1623283552261000,1,0.00547756,40332.4700
1623283552321000,1,0.00601637,40332.4700
1623283552343000,1,0.00263826,40332.4700
1623283552375000,1,0.00398571,40332.4700
1623283577586000,1,0.01030000,40130.3300
1623284436987000,1,0.00970000,39920.6900
1623285958880000,1,0.25057057,39879.0900
1623286230981000,0,0.00230837,39860.2600
1623286231001000,0,0.00719163,39860.2600
1623286233466000,0,0.00728144,39890.6800
1623286233587000,0,0.01121000,39890.6800
1623286803892000,0,0.01000000,39736.6700
1623286957771000,1,0.01000000,39889.6900
1623287641379000,0,0.00960000,40176.8000
1623287641462000,0,0.01010000,40194.8900
1623287922910000,0,0.02784912,40242.5100
1623287922928000,0,0.00158244,40242.5100
1623288314858000,0,0.35586100,40198.5200
1623289934161000,1,0.00970000,39856.8300
1623290168668000,1,0.01000037,39685.4800
1623290385928000,1,0.00990000,39618.5500
1623291686611000,0,0.00369227,39671.1000
1623291686760000,0,0.00600773,39671.1000
1623292982222000,0,0.01020000,39569.8900
1623294760119000,1,0.00502900,39877.1900
1623295277502000,0,0.00194412,39927.4800
1623295277623000,0,0.00785588,39927.4800
1623295277623000,0,0.00960000,39934.2300
1623295283513000,1,0.00980000,39911.4800
1623296458897000,0,0.01020000,39725.8900
1623297764529000,0,0.01000000,39556.7700
1623298018853000,0,0.00512262,39530.3700
1623298031582000,0,0.03887469,39565.6100
1623298503622000,0,0.07244377,39747.8300
1623298503792000,0,0.04939642,39747.8300
1623298503792000,0,0.03182384,39747.8400
1623298532062000,0,0.00960000,39709.0300
1623298627265000,0,0.00482356,39675.6200
1623298705049000,0,0.03820700,39550.9800
1623299660210000,0,0.03611682,39329.5900
1623299786850000,0,0.01009475,39321.4000
1623299909028000,1,0.00970000,39172.8300
1623299909028000,1,0.01020000,39172.8200
1623300136883000,1,0.01020000,39220.4100
1623302370983000,0,0.00980000,39219.2500
1623302463296000,0,0.00970000,39196.8300
1623302548796000,0,0.00630000,39116.7800
1623302611017000,1,0.00399475,39000.7900
1623302611017000,1,0.00393696,38995.4400
1623302616382000,1,0.00576304,38995.4400
1623302803434000,0,0.00303246,39081.1900
1623302803458000,0,0.00716754,39081.1900
1623302803458000,0,0.00166290,39084.5000
1623302808635000,0,0.02743470,39084.5000
1623303199376000,1,0.00960000,38979.6200
1623303199570000,0,0.01000000,38979.6200
1623303200538000,0,0.01000000,38979.6200
1623303200541000,0,0.02000435,38979.6200
1623303200602000,0,0.00487297,38979.6200
1623303200770000,0,0.01128412,38979.6200
1623303200776000,0,0.03973361,38979.6200
1623303201425000,0,0.08023952,38979.6200
1623303201536000,0,0.01929707,38979.6200
1623303201565000,0,0.01000000,38979.6200
1623303201701000,0,0.01677638,38979.6200
1623303201769000,0,0.07712098,38979.6200
1623303203532000,0,0.01020000,39039.3200
1623303206768000,1,0.01000000,39027.4500
1623303206768000,1,0.00980000,39011.2300
1623303206768000,1,0.00970000,39011.2200
1623303206768000,1,0.03857674,39007.9500
1623303206768000,1,0.04801138,38996.9100
1623303228860000,0,0.00600000,39078.9500
1623303241799000,0,0.00960000,39110.0100
1623303734794000,0,0.01030000,39245.3200
1623303735304000,0,0.00453681,39257.1300
1623304440137000,1,0.01000000,39015.4600
1623304443348000,1,0.01000000,39015.4600
1623304595501000,0,0.01020000,39243.2000
1623304595546000,0,0.00868700,39243.2000
1623304595607000,0,0.00789506,39243.2000
1623304595658000,0,0.00399999,39243.2000
1623304595706000,0,0.01700000,39243.2000
1623304595776000,0,0.00990000,39243.2000
1623306718677000,0,0.00735176,39466.7200
1623307100214000,1,0.01020000,39297.4800
1623307100214000,1,0.00204956,39297.1200
1623307613955000,0,0.00960000,39107.5500
1623308735496000,0,0.01020000,39187.6000
1623309547324000,0,0.01000000,39417.2200
1623311374961000,0,0.00727348,39578.6500
1623311374985000,0,0.00232652,39578.6500
1623313094352000,0,0.01000000,39429.1800
1623314122171000,1,0.00970000,39171.6200
1623314127820000,1,0.00970000,39124.8200
1623314128923000,1,0.00638717,39134.8400
1623314579243000,0,0.01030000,38895.6800
1623314813438000,1,0.00679662,38649.6600
1623314813439000,1,0.00240338,38649.6600
1623316020156000,1,0.00990000,38734.1900
1623316436679000,0,0.00460241,38652.0000
1623316436699000,0,0.00539759,38652.0000
1623316436699000,0,0.00780241,38655.6300
1623316436877000,0,0.00239759,38655.6300
1623316688274000,0,0.00396779,38731.0800
1623317284789000,0,0.01000000,38639.2400
1623317433726000,0,0.00980000,38784.7400
1623317434864000,0,0.01030000,38795.3700
1623317450602000,0,0.00999999,38912.6800
1623317450642000,0,0.00000001,38912.6800
1623317451149000,0,0.00980000,38916.2000
1623317451149000,0,0.01010000,38924.0700
1623317451413000,0,0.00970000,38912.6700
1623317777694000,1,0.01030000,39509.1700
1623317995710000,1,0.00980000,39335.4600
1623317995710000,1,0.00990000,39326.7200
1623317995710000,1,0.00050000,39326.7100
1623318147880000,1,0.25416345,39335.5500
1623318220374000,0,0.00405000,39249.9100
1623318220403000,0,0.00345566,39249.9100
1623318220447000,0,0.00854999,39249.9100
1623318220525000,0,0.00647300,39249.9100
1623318268341000,0,0.01000000,39315.6500
1623318269452000,0,0.00029997,39315.6500
1623318269452000,0,0.00970003,39316.9900
1623318270742000,0,0.00029972,39316.9900
1623318272400000,0,0.01000000,39335.5500
1623318273490000,0,0.07200000,39335.5500
1623318273551000,0,0.02383649,39335.5500
1623318304250000,0,0.01010000,39361.4900
1623318304250000,0,0.00526224,39361.5900
1623318374238000,1,0.01000000,39458.8000
1623318374238000,1,0.00990000,39444.1800
1623318374238000,1,0.00960000,39443.0400
1623318393266000,0,0.06200000,39382.4300
1623319011306000,0,0.01030000,39471.2500
1623319012617000,0,0.00300000,39499.0700
1623319013054000,0,0.00740000,39499.0700
1623319281846000,0,0.00970000,39373.5200
1623319281846000,0,0.00990000,39384.7100
1623319282075000,0,0.01010000,39391.4600
1623319283746000,0,0.03847406,39412.2600
1623319286496000,1,0.01000000,39468.2600
1623319376303000,0,0.00949500,39746.4900
1623319398363000,0,0.01000000,39892.9400
1623319492397000,0,0.01019999,39914.7100
1623319504632000,0,0.00000001,39914.7100
1623319636948000,1,0.00542979,39686.6600
1623319637289000,0,0.00959978,39678.0100
1623319637422000,1,0.01010000,39673.9400
1623319638010000,0,0.01000000,39670.2300
1623319638814000,0,0.01000000,39670.2300
1623319640679000,0,0.00106090,39670.2300
1623319657564000,0,0.00467009,39770.0100
1623319681965000,0,0.00960000,39832.7200
1623319681965000,0,0.00029128,39832.7300
1623319682105000,0,0.00930872,39832.7300
1623319682133000,0,0.00990000,39839.6900
1623319697365000,0,0.01030000,40034.3200
1623319710865000,0,0.01030000,39991.4900
1623319710865000,0,0.01975000,40007.1300
1623319714467000,0,0.01985000,40030.7500
1623319714606000,1,0.01030000,39991.4900
1623319884302000,1,0.00999979,39768.6300
1623319939631000,1,0.00000021,39768.6300
1623320090174000,0,0.00303474,39874.4500
1623320318392000,0,0.00182918,39839.0500
1623320472564000,0,0.01000000,39954.5000
1623320580815000,0,0.01000000,39952.4500
1623320684612000,1,0.00980000,39930.2200
1623320735111000,0,0.01000000,39942.3300
1623321067620000,0,0.01000000,39901.3900
1623321286292000,0,0.01020000,39903.9400
1623321325910000,1,0.01200000,39880.0000
1623321738834000,1,0.00454998,39869.9100
1623321827991000,0,0.01000000,39896.2800
1623321829736000,0,0.01000000,39896.2700
1623321882538000,0,0.00960000,39880.8800
1623321911524000,0,0.00970000,39910.3500
1623321977379000,1,0.00339624,39879.4900
1623321977552000,1,0.02410262,39872.0800
1623321977552000,1,0.01020000,39872.0600
1623321993623000,1,0.00500978,39857.0100
1623322002349000,1,0.00529022,39857.0100
1623322002349000,1,0.00990296,39853.2500
1623322002623000,1,0.00970000,39833.6900
1623322002623000,1,0.01016213,39823.8500
1623322012270000,1,0.03817000,39779.8400
1623322012692000,1,0.02693464,39779.8400
1623322033321000,1,0.01000000,39701.3200
1623322033576000,1,0.01010000,39692.1800
1623322035433000,1,0.00710578,39669.5900
1623322035433000,1,0.00338283,39669.5900
1623322036222000,1,0.00600000,39669.5900
1623322036693000,1,0.00478400,39669.5900
1623322036942000,1,0.00004564,39669.5900
1623322036942000,1,0.00506240,39669.5900
1623322037038000,1,0.00062259,39669.5900
1623322090551000,0,0.03062419,39771.8400
1623322759714000,0,0.00999499,39707.7100
1623323304634000,0,0.00652201,39825.1000
1623323381275000,0,0.01000000,39878.2700
1623323381275000,0,0.01020000,39886.1300
1623323412491000,0,0.00272618,39935.4500
1623323412545000,0,0.00434764,39935.4500
1623323412828000,0,0.00272618,39935.4500
1623324814020000,0,0.03900103,39507.4000
1623325870135000,0,0.00960000,39373.8800
1623325870135000,0,0.00320955,39382.5200
1623325910182000,1,0.00073000,39400.0000
1623326175879000,0,0.00130000,39431.1200
1623326708343000,1,0.00970000,39189.0500
1623326889130000,1,0.00970000,39184.5300
1623326889130000,1,0.00767545,39184.5300
1623326889130000,1,0.00960000,39184.5200
1623326889130000,1,0.00193561,39184.5100
1623327650680000,1,0.00624407,39008.6100
1623327650703000,1,0.00395593,39008.6100
1623327650703000,1,0.00152543,38995.8200
1623327650871000,1,0.00867457,38995.8200
1623327915170000,1,0.00697488,38996.2800
1623327915170000,1,0.00302512,38992.4500
1623328274398000,0,0.00648772,39077.9500
1623329537634000,0,0.00626028,39192.2500
1623330829958000,0,0.00969489,38995.1200
1623330938862000,0,0.00989500,38985.2900
1623332449639000,1,0.01410728,39086.5900
1623332679912000,0,0.01000000,39146.4500
1623333616203000,0,0.00634721,39369.8900
1623333702604000,1,0.00990000,39435.9600
1623333703982000,0,0.00099354,39414.4200
1623334192169000,1,0.00990000,38833.2700
1623334200418000,1,0.01000000,38639.3800
1623334201499000,1,0.00061149,38639.3800
1623334201499000,1,0.00938851,38639.3800
1623334641577000,1,0.01000000,38903.4100
1623334641628000,1,0.00031166,38903.4100
1623334641991000,0,0.00990000,38894.7100
1623334642286000,1,0.01031056,38903.4100
1623334642419000,1,0.01031056,38903.4100
1623334642626000,1,0.01031056,38903.4100
1623334643723000,1,0.01000000,38880.1400
1623334653366000,1,0.01100000,38819.9800
1623334985867000,0,0.00990000,38684.5200
1623336898000000,0,0.00980000,38805.5100
1623336898401000,0,0.01030000,38810.6400
1623336899198000,0,0.01000000,38818.6600
1623336899526000,0,0.01000000,38822.8700
1623337287308000,0,0.01000000,38765.9100
1623337415837000,0,0.03909858,38786.7700
1623337415996000,0,0.07148328,38786.7700
1623337416103000,0,0.02358927,38786.7700
1623337416104000,0,0.03700000,38786.7700
1623337416110000,0,0.03291665,38786.7700
1623337435339000,1,0.00763900,38746.5200
1623337435456000,1,0.00967817,38701.3900
1623337675259000,1,0.00990000,38707.8000
1623338175403000,0,0.00980000,38702.6300
1623338175657000,0,0.01000000,38717.2900
1623338945612000,1,0.00317831,38590.0800
1623340166989000,1,0.01000000,38266.0100
1623340166989000,1,0.00149367,38264.0200
1623341165583000,1,0.00990000,38269.5800
1623341165641000,1,0.00970000,38257.9400
1623341183944000,1,0.00979998,38153.1700
1623341184095000,1,0.00000002,38153.1700
1623341184095000,1,0.00969993,38152.7800
1623341184120000,1,0.00000007,38152.7800
1623341184120000,1,0.02069479,38134.1100
1623341215374000,1,0.01000000,38097.4500
1623341229734000,1,0.00960000,38132.3700
1623341358121000,1,0.00308631,37936.3300
1623342761127000,0,0.01000000,38120.7200
1623344805428000,0,0.00359737,38026.7800
1623344805943000,0,0.00600263,38026.7800
1623344903793000,1,0.00970000,37842.1200
1623345091734000,0,0.00660000,37625.3500
1623345114369000,0,0.00660000,37629.8000
1623345133736000,0,0.00979999,37621.1900
1623345133860000,0,0.00000001,37621.1900
1623345145745000,0,0.00660000,37696.0700
1623345146567000,0,0.01000000,37730.1000
1623345250574000,1,0.01000000,37533.1900
1623345251353000,0,0.00999995,37533.1900
1623345254024000,1,0.00000005,37540.8500
1623345307788000,0,0.01000000,37612.9500
1623345308747000,0,0.01000000,37612.9500
1623345537629000,0,0.00980000,37764.9200
1623345724023000,0,0.02160252,37742.3800
1623345887680000,0,0.02422971,37691.1900
1623346165184000,1,0.00980000,37562.2600
1623346177972000,1,0.00153204,37481.1000
1623346177972000,1,0.00187120,37481.1000
1623346177972000,1,0.00995961,37481.1000
1623346247531000,1,0.00146699,37290.0000
1623346247531000,1,0.00146699,37290.0000
1623346247531000,1,0.00366749,37290.0000
1623346274697000,0,0.01000000,37423.0700
1623346274981000,0,0.02255394,37423.0700
1623346349224000,0,0.03250042,37464.9200
1623346349224000,0,0.00729896,37464.9200
1623346350882000,0,0.04050800,37464.9200
1623346350966000,0,0.03347906,37464.9200
1623346350966000,0,0.00642094,37464.9300
1623346350977000,0,0.00317906,37464.9300
1623346350999000,0,0.01030000,37474.5900
1623346350999000,0,0.02870000,37487.9500
1623346351095000,0,0.03799933,37487.9500
1623346351341000,1,0.01000000,37490.3400
1623346351471000,0,0.02254182,37487.9500
1623346353960000,0,0.03254182,37538.6400
1623346353960000,0,0.00824117,37538.6400
1623346354394000,0,0.07304485,37538.6400
1623346354394000,0,0.00206909,37558.8500
1623346354441000,0,0.03046745,37558.8500
1623346355029000,0,0.00800000,37587.5600
1623346360252000,0,0.11023994,37623.7900
1623346360252000,0,0.01030000,37623.8000
1623346360252000,0,0.00970000,37636.4200
1623346360252000,0,0.00980000,37642.6300
1623346374229000,0,0.01030000,37649.3600
1623346374229000,0,0.02755998,37663.8400
1623346374229000,0,0.00970000,37663.8500
1623346375173000,0,0.01000000,37648.8200
1623346455232000,1,0.01000000,37611.0700
1623346465777000,1,0.00366341,37580.0000
1623346465777000,1,0.00915853,37580.0000
1623346465777000,1,0.02380111,37580.0000
1623346465918000,1,0.01040000,37548.0300
1623346466053000,1,0.00489226,37548.0400
1623346505905000,0,0.01000000,37617.3500
1623346506565000,0,0.01000000,37617.3500
1623346517419000,0,0.01000000,37670.9800
1623346518151000,0,0.01000000,37670.9800
1623346518605000,0,0.01235888,37670.9800
1623346644235000,1,0.00788639,37742.2500
1623346644323000,1,0.00221361,37742.2500
1623346700856000,0,0.01030000,37828.8000
1623346763964000,0,0.00537374,37963.2800
1623346764952000,0,0.00299406,37963.2800
1623347038582000,1,0.00990000,37854.6900
1623347038582000,1,0.01000000,37845.1400
1623347038894000,1,0.01020000,37828.5000
1623347060308000,1,0.01000000,37620.8200
1623347066835000,1,0.00235888,37598.6800
1623347067028000,0,0.00520027,37592.1400
1623347072769000,1,0.00520028,37579.3500
1623347190939000,0,0.03224670,37761.7000
1623347190939000,0,0.00774006,37761.7000
1623347191258000,0,0.01620897,37761.7000
1623347191305000,0,0.00142518,37761.7000
1623347191309000,0,0.01061174,37761.7000
1623347191454000,0,0.03920000,37761.7000
1623347191488000,0,0.00315772,37761.7000
1623347191700000,0,0.00227309,37761.7000
1623347192335000,0,0.00481462,37791.1900
1623347300515000,1,0.00490310,37697.1500
1623347300547000,1,0.00022669,37697.1500
1623347300547000,1,0.00684231,37695.7200
1623347306586000,1,0.00512979,37695.7300
1623347307827000,1,0.00507067,37673.3400
1623347307827000,1,0.00492933,37673.3300
1623347308793000,1,0.00014134,37673.3300
1623347419700000,0,0.03955455,37875.2700
1623348599686000,0,0.01000000,37929.8000
1623349713048000,0,0.00990000,38106.1000
1623349827225000,1,0.00960000,37923.1700
1623350111966000,1,0.01010000,37850.8300
1623350402439000,0,0.00980000,37714.8400
1623350402439000,0,0.00960000,37714.8500
1623351392562000,1,0.01030000,37703.0200
1623351580970000,0,0.00990000,37888.3100
1623351581515000,0,0.00904400,37907.2700
1623351775324000,0,0.00990000,37911.6600
1623351775324000,0,0.02895319,37915.8600
1623351775324000,0,0.00437744,37915.8700
1623351968452000,1,0.01010000,37704.2300
1623352066652000,1,0.00980000,37650.4500
1623352066652000,1,0.00970000,37646.1100
1623352111046000,1,0.02287924,37620.2100
1623352111071000,1,0.00877890,37620.2100
1623352182282000,1,0.01000000,37662.8200
1623352182282000,1,0.00980000,37655.0500
1623352592393000,1,0.00646078,37413.6800
1623352593127000,1,0.00643829,37382.6500
1623352593127000,1,0.00643446,37369.7000
1623352593651000,0,0.00644018,37354.0500
1623352671946000,0,0.00999500,37110.8900
1623352712981000,1,0.00635972,37174.9700
1623352842134000,1,0.01000000,37284.6100
1623352846865000,1,0.00668403,37399.2800
1623352852729000,0,0.01691349,37574.2200
1623352988615000,1,0.01020000,37435.5500
1623352990751000,1,0.00672529,37426.8300
1623352991365000,1,0.00823323,37426.8300
1623353005771000,0,0.01010000,37465.9200
1623353192186000,1,0.00524129,37426.8300
1623353414416000,0,0.00608343,37636.2300
1623353414443000,0,0.00351657,37636.2300
1623353415011000,0,0.01704134,37673.4800
1623353415212000,0,0.00486107,37673.4800
1623353415214000,0,0.01021762,37673.4800
1623353415216000,0,0.00022379,37673.4800
1623353420955000,1,0.00980000,37738.4700
1623353537541000,0,0.00960000,37643.9800
1623353993556000,1,0.01020000,37939.2200
1623353993556000,1,0.00980000,37934.1200
1623355338540000,1,0.01030000,37663.3600
1623355338793000,1,0.00980000,37648.8200
1623355338793000,1,0.01020000,37648.8100
1623355338793000,1,0.00930000,37641.5100
1623355338933000,0,0.33070000,37637.8800
1623355339797000,1,0.01929995,37637.8800
1623355339941000,0,0.01939994,37629.2700
1623355340788000,1,0.05300000,37623.1400
1623355341019000,0,0.00434003,37695.9700
1623355345423000,1,0.00292000,37629.2700
1623355433230000,0,0.01060000,37514.5700
1623355433230000,0,0.00167655,37532.3100
1623355576447000,1,0.00547168,37389.1600
1623355583776000,1,0.00359712,37315.8700
1623355583776000,1,0.00960000,37307.0300
1623355583776000,1,0.00324986,37297.7000
1623355587054000,0,0.01030000,37327.7200
1623355587054000,0,0.00376641,37332.0700
1623355588034000,1,0.00519384,37276.4700
1623355692576000,1,0.01020000,37211.3200
1623355696655000,1,0.00479493,37154.9400
1623355725193000,0,0.03270000,37231.9300
1623355725341000,0,0.00002030,37231.9300
1623355725754000,0,0.00660000,37248.6600
1623355725956000,0,0.02610619,37248.6600
1623355778929000,1,0.00532453,37289.9300
1623355778929000,1,0.00467547,37289.9300
1623355817121000,1,0.00505105,37237.5400
1623355885930000,0,0.02254929,37310.0200
1623355887728000,0,0.00331578,37310.0200
1623355887728000,0,0.03265246,37310.0200
1623355891266000,0,0.03265676,37374.8700
1623355891266000,0,0.00726117,37374.8700
1623355891268000,0,0.04121123,37374.8700
1623355893888000,0,0.01000000,37397.1100
1623355894194000,0,0.03265182,37417.1300
1623355894194000,0,0.00691518,37417.1300
1623355899744000,1,0.00980000,37397.3900
1623355899744000,1,0.07834778,37378.7100
1623355927471000,1,0.00644669,37355.8300
1623355927471000,1,0.00355331,37355.8200
1623355927554000,1,0.01247594,37355.8200
1623355927554000,1,0.02460182,37355.8100
1623355927700000,1,0.00887703,37355.8100
1623355928053000,1,0.00841813,37355.8100
1623355928339000,1,0.00841812,37355.8200
1623355928355000,1,0.00752333,37355.8200
1623356107969000,0,0.01030000,37374.5800
1623356109399000,0,0.19142300,37374.5800
1623356178689000,1,0.00990000,37244.1500
1623356195836000,1,0.01000000,37126.8200
1623356216772000,0,0.01000000,37202.2000
1623356217732000,0,0.02276978,37202.2000
1623356218971000,0,0.01000000,37232.6700
1623356220198000,0,0.01000000,37232.6700
1623356221198000,0,0.01000000,37232.6700
1623356221627000,0,0.00270323,37232.6700
1623356237154000,0,0.01020000,37355.0800
1623356237154000,0,0.00990000,37355.0900
1623356275619000,0,0.01000000,37271.3100
1623356276353000,0,0.01000000,37271.3100
1623356279154000,0,0.00980000,37319.2500
1623356279620000,0,0.00726474,37317.1700
1623356300079000,0,0.01000000,37326.2300
1623356300393000,0,0.02262123,37326.2300
1623356302737000,0,0.01000000,37338.3600
1623356303106000,0,0.02262503,37338.3600
1623356303106000,0,0.03262503,37338.3700
1623356310163000,0,0.00298824,37422.0900
1623356593057000,0,0.00160000,37445.3900
1623356596195000,0,0.01869437,37467.4200
1623356596249000,0,0.00770532,37467.4200
1623356596249000,0,0.01000000,37467.4300
1623356752102000,1,0.01010000,37461.8300
1623356752102000,1,0.00509186,37459.0000
1623356752636000,1,0.00404293,37459.0000
1623356752678000,1,0.00066521,37459.0000
1623356752678000,1,0.00990000,37447.6500
1623357219636000,1,0.01000000,37340.5200
1623357219806000,1,0.03795637,37340.5200
1623357220024000,1,0.03200000,37340.5200
1623357220220000,1,0.01040000,37340.5200
1623357220254000,1,0.00700643,37340.5200
1623357220406000,1,0.05600000,37340.5200
1623357220609000,1,0.03900000,37340.5200
1623357220611000,1,0.03863720,37340.5200
1623357221501000,0,0.01000000,37321.8500
1623357224259000,1,0.01000000,37265.3500
1623357228496000,1,0.01000000,37261.9800
1623357229157000,1,0.01000000,37261.9800
1623357231892000,1,0.01000000,37224.4100
1623357232393000,1,0.01000000,37224.4100
1623357232919000,0,0.00960000,37344.8700
1623357233893000,0,0.01010000,37326.1800
1623357234894000,0,0.00960000,37326.1600
1623357235294000,0,0.00960000,37326.1700
1623357235888000,0,0.00990000,37326.1700
1623357236288000,0,0.01010000,37307.5000
1623357236687000,0,0.01310000,37326.1600
1623357237395000,1,0.00348999,37321.8500
1623357245405000,1,0.00000001,37321.8500
1623357245405000,1,0.00959999,37291.1700
1623357259486000,1,0.00349000,37356.6900
1623357349481000,0,0.01000000,37423.3300
1623357350744000,0,0.01000000,37423.3300
1623357352065000,0,0.01000000,37423.3300
1623357361638000,0,0.00898985,37423.3300
1623357361638000,0,0.00101015,37423.3300
1623357363616000,0,0.01000000,37423.3300
1623357363626000,0,0.02797970,37423.3300
1623357363626000,0,0.00345526,37423.3300
1623357364618000,0,0.00002974,37423.3300
1623357463677000,0,0.00366300,37423.3300
1623357463728000,0,0.03956372,37423.3300
1623357463822000,0,0.02750576,37423.3300
1623357463850000,0,0.01205796,37423.3300
1623357464129000,0,0.00399424,37423.3300
1623357464642000,0,0.01000000,37423.3300
1623357464987000,0,0.01000000,37423.3300
1623357465191000,0,0.00351152,37423.3300
1623357481741000,0,0.01010000,37547.0700
1623357799704000,0,0.01000000,37502.1400
1623358021586000,0,0.00970000,37725.4500
1623358022327000,0,0.01030000,37744.3300
1623358028595000,0,0.00990000,37753.7700
1623358481628000,1,0.00990000,37911.7200
1623358481628000,1,0.01030000,37911.7100
1623358779193000,0,0.01000000,37986.9700
1623359096636000,1,0.00999994,37870.7800
1623359608375000,0,0.00556354,37777.7400
1623359608524000,0,0.00443646,37777.7400
1623359608653000,0,0.00813595,37785.6100
1623359608697000,0,0.00206405,37785.6100
1623359608938000,0,0.00980000,37800.7400
1623363048580000,1,0.00684640,38052.4200
1623368089870000,1,0.00575150,37938.2800
1623368332690000,1,0.00279358,38051.0200
1623368812824000,1,0.00960000,37962.0500
1623368812824000,1,0.00807624,37960.5400
1623368834048000,1,0.01000000,37941.6400
1623369066768000,1,0.00960000,37913.2900
1623369383789000,1,0.00990000,37845.1000
1623369384046000,1,0.00225587,37842.2300
1623369384070000,1,0.00319950,37842.2300
1623369384323000,1,0.00319766,37842.2300
1623369384710000,1,0.00124697,37842.2300
1623369439270000,1,0.00990000,37765.1600
1623369439684000,1,0.01010000,37765.1500
1623369440029000,1,0.01030000,37762.1400
1623369441051000,1,0.01030000,37746.2600
