timestamp ms,type,amount,price
1626393902108000,1,0.00234515,29850.1000
1626394728856000,0,0.00248015,30170.0300
1626394728856000,0,0.00240095,30170.0400
1626395207035000,1,0.00625000,29924.7100
1626395264257000,1,0.00259967,29736.1500
1626395345382000,0,0.00625000,29883.9500
1626397613459000,0,0.00240850,30140.8700
1626399125699000,0,0.00255968,30228.8900
1626399750444000,1,0.00625000,30180.1800
1626401256556000,1,0.00253647,30330.5900
1626401256556000,1,0.00247834,30320.5200
1626401256556000,1,0.00872048,30318.8900
1626401259509000,1,0.00242212,30328.2200
1626401580889000,1,0.00642720,30399.6700
1626401580994000,1,0.03840064,30399.6700
1626401678264000,0,0.00252063,30499.5800
1626401678336000,1,0.00245639,30500.0000
1626402648699000,1,0.02971015,30339.2100
1626402648748000,1,0.00427273,30339.2100
1626402828715000,1,0.00238001,30232.4900
1626404015501000,1,0.00570959,30229.0800
1626404015546000,1,0.00680133,30229.0800
1626404015563000,1,0.00800000,30229.0800
1626404015638000,1,0.02200000,30229.0800
1626404015643000,1,0.00959855,30229.0800
1626404015645000,1,0.00385336,30229.0800
1626404015651000,1,0.00936248,30229.0800
1626404015665000,1,0.00406595,30229.0800
1626404015685000,1,0.01064817,30229.0800
1626404015693000,1,0.00775883,30229.0800
1626404015697000,1,0.00590671,30229.0800
1626404015709000,1,0.02202746,30229.0800
1626404015721000,1,0.01167018,30229.0800
1626404015740000,1,0.07596662,30229.0800
1626404015742000,1,0.00756876,30229.0800
1626404015755000,1,0.01595081,30229.0800
1626404015759000,1,0.00799500,30229.0800
1626408549873000,0,0.00244585,30523.3400
1626409563625000,1,0.00625000,30409.2800
1626414567227000,0,0.00625000,30042.7700
1626414898928000,1,0.00245437,29990.9400
1626416006081000,1,0.00254579,29848.7100
1626416006081000,1,0.00243630,29848.6900
1626420162317000,0,0.00249840,29718.8400
1626420719647000,0,0.00255772,29544.2700
1626420719647000,0,0.00024228,29548.0000
1626421066083000,0,0.00242303,29559.3200
1626422310335000,0,0.00625000,29590.4900
1626422310362000,0,0.03365194,29590.4900
1626422310562000,0,0.02141344,29606.3600
1626422310593000,0,0.05301443,29606.3600
1626422310620000,0,0.00596965,29606.3600
1626422310645000,0,0.01933366,29606.3600
1626424537352000,1,0.00075900,29323.0000
1626424537352000,1,0.00014231,29321.2600
1626424856848000,1,0.01031093,29180.8400
1626424873827000,0,0.00241130,29204.3200
1626424873827000,0,0.00255567,29214.1100
1626424873827000,0,0.00343303,29218.9200
1626424909009000,0,0.00245548,29062.5300
1626424909009000,0,0.00594452,29069.7700
1626424944340000,0,0.00256930,29061.3600
1626424944340000,0,0.00237579,29068.6300
1626424944340000,0,0.00345491,29075.8900
1626424979770000,0,0.00245948,29066.4900
1626424979770000,0,0.00247728,29073.8300
1626424979770000,0,0.00346324,29075.9700
1626425014324000,0,0.00840000,29069.2300
1626425045875000,0,0.00625000,29108.6300
1626425046234000,0,0.09511105,29108.6300
1626425049406000,0,0.00257203,29162.3000
1626425049406000,0,0.00259814,29165.5400
1626425049406000,0,0.00322983,29176.8800
1626425139657000,0,0.00840000,29036.3300
1626425174908000,0,0.00850000,28993.4200
1626425214571000,0,0.00850000,29042.3400
1626425249522000,0,0.00850000,29032.3900
1626425285042000,0,0.00850000,28985.6600
1626425315488000,0,0.00850000,28981.6900
1626425350939000,0,0.00850000,29019.9600
1626425367342000,0,0.00625000,29017.7600
1626425436530000,0,0.00242261,29033.2400
1626425436820000,0,0.00247313,29033.2400
1626425436820000,0,0.01357073,29047.7600
1626430338870000,1,0.00244167,28839.7900
1626430458510000,0,0.00246158,28887.6100
1626430458510000,0,0.00248947,28901.9800
1626430458510000,0,0.00000895,28902.0600
1626430472987000,0,0.02262200,28885.9100
1626430489960000,1,0.00257313,28830.7600
1626430500751000,1,0.00500000,28800.0000
1626430644112000,0,0.10000000,28821.6700
1626430663408000,1,0.00242733,28749.5800
1626430763574000,0,0.00257621,28858.3900
1626430763574000,0,0.00747379,28858.8700
1626431243683000,0,0.00625000,28761.2800
1626431945780000,0,0.00242926,28746.2800
1626431945780000,0,0.01631074,28754.2300
1626431986376000,0,0.00263000,28754.2300
1626435107859000,0,0.00245162,28749.4900
1626435690236000,1,0.00245503,28655.6500
1626435690236000,1,0.00492197,28654.8500
1626438340783000,1,0.00260343,28956.6700
1626438895866000,0,0.00243369,28944.1000
1626440657292000,0,0.04843093,29426.3400
1626440657292000,0,0.02880000,29427.7900
1626440657292000,0,0.00252685,29429.6200
1626440657292000,0,0.05159247,29437.4300
1626440657292000,0,0.00027720,29438.9800
1626440678847000,1,0.00255694,29346.2300
1626440687016000,1,0.00255955,29331.4400
1626441448861000,1,0.00258543,29187.2200
1626445031803000,1,0.00248171,29364.8400
1626445031803000,1,0.00249550,29364.2500
1626445031803000,1,0.00002279,29357.4800
1626446871686000,1,0.00247854,29264.1500
1626449249242000,1,0.00625000,29228.0400
1626449615252000,0,0.00253150,29222.2600
1626449615252000,0,0.00259100,29222.2700
1626449615252000,0,0.00250259,29231.9400
1626451550051000,0,0.00625000,29309.7500
1626453612197000,1,0.00242671,29277.7000
1626453612197000,1,0.03243877,29276.9500
1626453612325000,1,0.00887614,29276.9500
1626453909840000,1,0.05135981,29219.5700
1626454342477000,0,0.00257538,29215.2300
1626455935286000,1,0.00723100,29189.7500
1626455935412000,1,0.05072177,29189.7500
1626455935449000,1,0.00700010,29189.7500
1626455935484000,1,0.03070000,29189.7500
1626455935491000,1,0.02040000,29189.7500
1626455935554000,1,0.01300000,29189.7500
1626456578380000,1,0.00251757,29120.5500
1626456836603000,1,0.00245298,29080.2100
1626457507804000,1,0.00625000,29000.0000
1626457770216000,0,0.00253763,29032.4400
1626457770216000,0,0.00252691,29039.7900
1626457770216000,0,0.05114312,29042.0200
1626457770216000,0,0.00242144,29044.5300
1626457770216000,0,0.04647184,29054.2900
1626457789528000,1,0.00425931,29000.0000
1626457789528000,1,0.00084163,28997.0100
1626459530500000,1,0.00243106,28990.9400
1626459530500000,1,0.00257382,28986.8900
1626459530500000,1,0.00236420,28979.2500
1626459530500000,1,0.00839907,28972.4100
1626459813605000,1,0.00625000,29025.1900
1626459814150000,1,0.00277450,28991.7700
1626461874851000,1,0.00396475,28874.6600
1626464277155000,1,0.00625000,28594.8400
1626465690677000,1,0.05231160,28659.9900
1626466076375000,1,0.00500000,28500.0000
1626466101989000,0,0.00625000,28483.4200
1626466103685000,1,0.08864953,28342.6200
1626466103696000,1,0.01928452,28342.6200
1626466103847000,1,0.02371300,28342.6200
1626466183772000,0,0.00870000,28327.6500
1626466219097000,0,0.00242919,28339.4400
1626466219097000,0,0.00259200,28339.4600
1626466219097000,0,0.00367881,28346.4900
1626466716853000,1,0.01000122,28361.3800
1626466716854000,1,0.11219399,28361.3800
1626466820730000,0,0.00625000,28329.8200
1626466821412000,0,0.00277450,28345.7900
1626466950481000,1,0.02270701,28375.3300
1626466950730000,1,0.01947551,28357.5600
1626466950743000,1,0.00625000,28357.5600
1626466951000000,1,0.00277934,28300.4900
1626466951698000,1,0.00255077,28256.9100
1626466951823000,1,0.00255077,28271.0300
1626467132750000,1,0.05382290,28262.1300
1626467133841000,1,0.00247603,28210.4600
1626467133909000,1,0.00400000,28198.1100
1626467133926000,1,0.00258088,28207.9400
1626467133926000,1,0.01171912,28198.1100
1626467133942000,1,0.00630836,28198.1100
1626467133943000,1,0.00568352,28198.1100
1626467133956000,1,0.00971737,28198.1100
1626467133973000,1,0.00257954,28197.7600
1626467134077000,1,0.00621150,28208.3200
1626467161079000,1,0.00625000,28201.9000
1626467240765000,0,0.00243878,28221.0100
1626467240765000,0,0.00242807,28221.0200
1626467240765000,0,0.00249409,28228.4000
1626467240765000,0,0.00133906,28235.1200
1626467270873000,0,0.00258044,28229.8300
1626467270873000,0,0.00311956,28235.1200
1626467279772000,0,0.00277934,28235.1100
1626467279772000,0,0.00162066,28235.1200
1626467399618000,1,0.00092300,28168.0000
1626467468549000,1,0.00500000,28000.0000
1626467720599000,0,0.00625000,27935.9700
1626467916170000,1,0.00247099,27898.3800
1626467916170000,1,0.00251431,27890.7900
1626467916170000,1,0.00246880,27884.5400
1626467916170000,1,0.05357288,27884.4400
1626467916170000,1,0.00247312,27880.9300
1626467916170000,1,0.06812735,27878.8800
1626467934003000,0,0.00258919,27938.5500
1626468760705000,1,0.02547687,27775.7300
1626468766722000,0,0.00254193,27801.6000
1626468766738000,0,0.00256600,27805.6600
1626468877873000,0,0.00530000,27906.5700
1626470301267000,0,0.04838065,27860.8100
1626470601179000,0,0.00248398,28009.8700
1626470601238000,0,0.02300673,28009.8700
1626470601320000,0,0.01744234,28009.8700
1626470601466000,0,0.08291452,28009.8700
1626470601609000,0,0.01250691,28009.8700
1626471356335000,0,0.01269921,28022.2100
1626475553106000,0,0.00387546,27729.3800
1626475553341000,0,0.00432999,27729.3800
1626475553370000,0,0.03442135,27729.3800
1626475775563000,1,0.00625000,27600.1600
1626475775642000,1,0.00514093,27600.1600
1626478340007000,0,0.07576585,27598.3900
1626478340007000,0,0.05420422,27598.4000
1626478340007000,0,0.05494779,27607.1100
1626478340116000,1,0.07200000,27608.0700
1626478340117000,1,0.24308214,27608.0700
1626478350285000,0,0.03367371,27576.4500
1626478350285000,0,0.04285493,27576.4500
1626478350285000,0,0.03036000,27576.4600
1626478350285000,0,0.04285493,27576.6300
1626478350285000,0,0.05504654,27576.6600
1626478350285000,0,0.29520989,27576.6700
1626478360289000,1,0.18286708,27576.6400
1626478360759000,1,0.01683686,27576.6400
1626478365927000,1,0.00545182,27576.6400
1626478368563000,1,0.00545126,27576.6400
1626478400068000,1,0.03412134,27576.6400
1626478400098000,1,0.01960330,27576.6400
1626478400313000,1,0.01832029,27576.6400
1626478400375000,1,0.04221980,27576.6400
1626478400413000,1,0.05383825,27576.6400
1626478400600000,1,0.00544767,27576.6400
1626478405182000,1,0.09557894,27576.6400
1626478405306000,1,0.02026339,27576.6400
1626478405306000,1,0.00256540,27544.7500
1626478541582000,1,0.00520008,27551.4900
1626478541632000,1,0.03013541,27551.4900
1626478541783000,1,0.03726699,27551.4900
1626478541993000,1,0.04212544,27551.4900
1626478542013000,1,0.01198217,27551.4900
1626478542216000,1,0.07261848,27551.4900
1626478542711000,1,0.01328246,27551.4900
1626478542821000,1,0.05054644,27551.4900
1626478542836000,1,0.03269427,27551.4900
1626478542840000,1,0.01430284,27551.4900
1626478542975000,1,0.07154705,27551.4900
1626478543020000,1,0.05040339,27551.4900
1626478543095000,1,0.03859144,27551.4900
1626478543103000,1,0.01138656,27551.4900
1626478543132000,1,0.00653042,27551.4900
1626478551903000,1,0.00408555,27551.5200
1626478552396000,1,0.07333667,27551.5200
1626478552745000,1,0.09080337,27551.5200
1626478563322000,1,0.05446337,27567.2900
1626478563393000,1,0.05519318,27567.2900
1626478563464000,1,0.00472024,27567.2900
1626478563533000,1,0.02251550,27567.2900
1626478563572000,1,0.00701931,27567.2900
1626478566616000,1,0.10537033,27586.3600
1626478566693000,1,0.00632184,27586.3600
1626478567016000,1,0.00703757,27586.3600
1626478567056000,1,0.02851794,27586.3600
1626478568087000,1,0.01813836,27586.3600
1626478569362000,1,0.01600000,27586.3600
1626478604286000,1,0.00916665,27606.9800
1626478612836000,1,0.00399918,27606.9800
1626478695388000,1,0.02012500,27606.9800
1626478696502000,1,0.04900000,27606.9800
1626478703535000,1,0.01882300,27606.9800
1626478703560000,1,0.01480400,27606.9800
1626478703640000,1,0.03500000,27606.9800
1626478710466000,1,0.02104656,27606.9800
1626478719540000,1,0.01910000,27606.9800
1626478719660000,1,0.00370000,27606.9800
1626478719693000,1,0.00854760,27606.9800
1626478720416000,1,0.02291920,27606.9800
1626478720416000,1,0.01508080,27586.3700
1626478720427000,1,0.00999999,27586.3700
1626478720534000,1,0.00499999,27586.3700
1626478720679000,1,0.01496680,27586.3700
1626478722159000,1,0.01726529,27586.3700
1626478722488000,1,0.07329015,27586.3700
1626478725455000,1,0.02007200,27586.3700
1626478735265000,1,0.03300000,27586.3700
1626478736630000,1,0.01700000,27586.3700
1626478736676000,1,0.02170000,27586.3700
1626478736779000,1,0.03493000,27586.3700
1626478736808000,1,0.01300000,27586.3700
1626478736886000,1,0.00600000,27586.3700
1626478737049000,1,0.01869498,27586.3700
1626478737049000,1,0.03612402,27586.3600
1626478737066000,1,0.01800000,27586.3600
1626478737094000,1,0.01445400,27586.3600
1626478737095000,1,0.02500002,27586.3600
1626478737129000,1,0.01183600,27586.3600
1626478737133000,1,0.00481000,27586.3600
1626478737316000,1,0.00838992,27586.3600
1626478738206000,1,0.00925900,27567.2900
1626478744778000,1,0.01393944,27567.2900
1626478744855000,1,0.03200535,27567.2900
1626478745191000,1,0.01020521,27567.2900
1626478745362000,1,0.00777222,27567.2900
1626478746142000,1,0.00916871,27567.2900
1626478746324000,1,0.05226477,27567.2900
1626478746493000,1,0.02380643,27567.2900
1626478746563000,1,0.01752613,27567.2900
1626478746593000,1,0.05374845,27567.2900
1626478746798000,1,0.00410000,27567.2900
1626478748285000,1,0.01051177,27567.2900
1626478748291000,1,0.01178092,27567.2900
1626478752420000,1,0.01700000,27551.5200
1626478752691000,1,0.03416443,27551.5200
1626478752717000,1,0.01417460,27551.5200
1626478756480000,1,0.02023600,27551.5200
1626478756888000,1,0.00500000,27551.5200
1626478767942000,1,0.01261008,27551.5200
1626478782476000,1,0.05450000,27551.5200
1626478782729000,1,0.02000000,27551.5200
1626478783158000,1,0.02500000,27551.5200
1626478783212000,1,0.01200000,27551.5200
1626478783353000,1,0.01708930,27551.5200
1626478783353000,1,0.01138656,27551.4900
