timestamp ms,type,amount,price
1624579833597000,0,0.03738875,31661.6700
1624581950348000,1,0.00481650,31440.5200
1624581950348000,1,0.00491301,31440.5100
1624582761883000,0,0.00492485,31142.5800
1624582762014000,0,0.00514295,31151.4300
1624583095480000,1,0.00439661,30854.1800
1624583659618000,1,0.00514093,30807.9900
1624583659618000,1,0.00158806,30799.4800
1624584173662000,1,0.00482001,30888.1800
1624584467785000,1,0.00492449,30792.9800
1624584772788000,0,0.00502718,30966.9400
1624584923842000,0,0.00505870,30940.7500
1624585075945000,0,0.04619002,30932.8800
1624587727428000,1,0.00482843,31718.2900
1624587727428000,1,0.00490166,31718.2800
1624587727464000,1,0.00514258,31709.5000
1624587727464000,1,0.00433534,31709.4900
1624587727537000,1,0.00065885,31709.4900
1624587997188000,0,0.00490000,31771.5900
1624590785216000,1,0.00482567,31568.8500
1624590785555000,1,0.00488773,31553.6600
1624593259984000,0,0.00483299,31593.0500
1624593754128000,1,0.01250000,31426.3900
1624593762443000,1,0.01250000,31385.6300
1624594346464000,0,0.01250000,31456.2000
1624595117619000,0,0.00488259,31330.5900
1624597270753000,0,0.00497430,31325.8000
1624599943770000,0,0.00498308,31038.2800
1624599943770000,0,0.00026168,31040.9600
1624603021062000,0,0.01250000,30753.9600
1624604460817000,1,0.00448920,30902.6700
1624604460823000,1,0.00047593,30902.6700
1624604460880000,1,0.00480775,30901.9500
1624606506490000,0,0.00480853,30409.5300
1624606506490000,0,0.00329147,30417.1400
1624606875395000,0,0.01798063,30499.1800
1624607342282000,1,0.00501322,30483.9900
1624607342282000,1,0.00507420,30483.9800
1624607472430000,0,0.00392107,30595.2800
1624608072349000,1,0.00493933,30574.2600
1624608859090000,1,0.00498020,30260.2200
1624608859090000,1,0.00294503,30260.2100
1624608859146000,1,0.00196396,30260.2100
1624608859146000,1,0.00493919,30246.3500
1624608859146000,1,0.00518452,30246.3400
1624608864799000,1,0.01013302,30245.0900
1624608882281000,0,0.00510270,30259.3600
1624608882281000,0,0.00039730,30266.9300
1624608886439000,0,0.00550000,30294.2800
1624608898847000,0,0.00486478,30287.5300
1624608898847000,0,0.00323522,30296.2900
1624609017433000,0,0.00810000,30274.0600
1624609068852000,0,0.00810000,30242.4100
1624609103679000,0,0.00513902,30297.5200
1624609103679000,0,0.00296098,30297.5300
1624609351639000,1,0.00516519,30302.5200
1624609351639000,1,0.00490312,30302.5100
1624609351639000,1,0.00508563,30300.8100
1624609351639000,1,0.00510246,30293.9500
1624609351639000,1,0.04433178,30287.3800
1624609670160000,0,0.00484656,30447.3700
1624613825140000,0,0.00515115,30521.0400
1624616533933000,0,0.05168498,30131.3600
1624616869974000,0,0.00505673,29987.4000
1624617152236000,0,0.00495321,30053.0400
1624617152236000,0,0.00240875,30056.6200
1624617152367000,0,0.00264184,30056.6200
1624617529907000,0,0.00485817,30158.5900
1624617682377000,1,0.00484381,29957.5000
1624618135964000,0,0.00483529,30066.8300
1624618136132000,0,0.00504744,30066.8000
1624619889907000,1,0.00501206,29595.8600
1624620220405000,1,0.00485912,29537.1400
1624620220948000,1,0.00519679,29519.8200
1624620421853000,0,0.00504137,29645.1400
1624620434373000,1,0.00508818,29559.6800
1624620935629000,0,0.00500115,29681.3800
1624620935629000,0,0.00510434,29681.4000
1624621046655000,0,0.00491009,29740.1200
1624621046655000,0,0.00268191,29741.4400
1624621518984000,1,0.00482475,29855.3100
1624621647290000,0,0.00510667,29885.0200
1624622102790000,1,0.05080796,29597.1800
1624622102875000,1,0.01030000,29597.1800
1624622102877000,1,0.02543400,29597.1800
1624622102918000,1,0.01005014,29597.1800
1624622102940000,1,0.01349937,29597.1800
1624622102981000,1,0.00562927,29597.1800
1624622102989000,1,0.01550023,29597.1800
1624622103009000,1,0.08002531,29597.1800
1624622103026000,1,0.01975372,29597.1800
1624622106563000,1,0.00443014,29426.1600
1624622106563000,1,0.00944029,29426.1600
1624622117417000,1,0.01224243,29362.1400
1624622186091000,1,0.01250000,29277.3100
1624622373073000,1,0.00491369,29302.0200
1624622373073000,1,0.00368728,29294.0500
1624622724317000,1,0.00519019,29219.7500
1624622978821000,0,0.00484108,29490.2800
1624622978821000,0,0.00345892,29496.4500
1624623013745000,0,0.00830000,29534.8800
1624623049628000,0,0.00830000,29545.8600
1624623092817000,0,0.00830000,29667.3700
1624623134387000,0,0.00500000,29649.7400
1624623134387000,0,0.00330000,29655.0100
1624623164436000,0,0.00830000,29639.4400
1624623602470000,1,0.00876598,29700.9400
1624624012450000,1,0.02419320,29697.1400
1624624020267000,1,0.00510691,29657.3800
1624624020267000,1,0.01908629,29654.3700
1624624714761000,1,0.00485246,29309.2300
1624624715093000,1,0.00502703,29294.4300
1624624715667000,1,0.00401716,29295.6300
1624625243470000,1,0.00492843,29264.1800
1624625296346000,1,0.01250000,29182.0900
1624625409502000,1,0.00521233,29089.4200
1624625409762000,1,0.00472792,29072.7000
1624625812444000,0,0.00501974,28998.4400
1624625813586000,0,0.00178877,29017.1400
1624625945114000,1,0.00493276,29057.8600
1624625945899000,1,0.00481123,29074.3300
1624626379907000,0,0.00511655,29091.8200
1624626584791000,0,0.00307969,29180.5900
1624626914172000,1,0.01250000,28707.8200
1624626916095000,1,0.00007680,28707.8200
1624626916344000,1,0.01249471,28693.4700
1624627939374000,1,0.00511542,29010.4800
1624627939374000,1,0.04722573,29005.9400
1624628537754000,1,0.00464305,28874.0700
1624629452592000,1,0.00519623,28942.2400
1624629452592000,1,0.00507028,28942.2200
1624629453947000,1,0.01250000,28949.6200
1624629646653000,0,0.01250000,28879.6000
1624629649194000,0,0.09117321,28879.6000
1624629726723000,1,0.01414898,28942.5800
1624629787364000,0,0.04115037,29093.9500
1624629813767000,0,0.04118742,29133.7300
1624629915426000,0,0.00517964,29185.6900
1624630018694000,0,0.00508156,29229.0000
1624630019167000,0,0.00494401,29229.0000
1624630031770000,0,0.00504611,29233.5900
1624630397434000,0,0.00489564,29281.5600
1624630503496000,0,0.00493282,29352.4900
1624630536915000,1,0.05000229,29315.9900
1624630557030000,1,0.00365800,29346.1600
1624630557066000,1,0.03290000,29346.1600
1624630557107000,1,0.01250000,29346.1600
1624630557175000,1,0.00640000,29346.1600
1624630569906000,1,0.03191564,29344.0400
1624630828227000,1,0.00491708,29223.4200
1624630828227000,1,0.00024907,29223.3900
1624630840404000,1,0.00754232,29222.5600
1624630845205000,1,0.05110000,29204.0400
1624630901536000,0,0.02624100,29242.3600
1624631382331000,1,0.05159999,29106.6800
1624631481070000,1,0.00507538,28992.7100
1624631490460000,0,0.00491735,29007.3400
1624631514545000,1,0.00516008,28952.7300
1624631514545000,1,0.00712315,28947.6400
1624631514572000,1,0.00198742,28947.6500
1624631514572000,1,0.00301257,28947.6400
1624631514834000,1,0.03277768,28947.6400
1624631519562000,1,0.02901000,28947.6500
1624631519562000,1,0.00482219,28941.6500
1624631527463000,1,0.02899993,28941.6500
1624631527463000,1,0.00486945,28936.6100
1624632016968000,1,0.00494680,28735.9600
1624632020957000,1,0.00481754,28713.5500
1624632423319000,0,0.00514376,28480.0300
1624633461469000,0,0.00487878,28336.9000
1624633461469000,0,0.00514200,28336.9100
1624633461948000,0,0.00514200,28322.7400
1624633646811000,1,0.00483694,28262.1300
1624633797764000,0,0.00519109,28226.4000
1624634105003000,1,0.04150330,28257.4300
1624634791304000,0,0.00421461,28316.9600
1624634793976000,0,0.00071262,28316.9600
1624634933570000,0,0.00485946,28340.5300
1624634939078000,0,0.02537009,28352.8700
1624635018702000,0,0.00538400,28454.3500
1624635610220000,0,0.00509008,28556.9400
1624635610220000,0,0.01372711,28568.0200
1624635610329000,0,0.00509008,28553.9000
1624635610935000,0,0.00740992,28553.9000
1624635610939000,0,0.01767220,28568.0200
1624635654794000,1,0.00585998,28530.5400
1624635654812000,1,0.00507179,28530.5400
1624635654910000,1,0.04206823,28530.5400
1624635655443000,1,0.00482019,28527.4000
1624635655492000,1,0.01216643,28527.4000
1624635690348000,0,0.12188498,28571.3300
1624635690348000,0,0.00278867,28571.3400
1624635763084000,1,0.00982004,28613.2400
1624635780985000,1,0.00504961,28631.5500
1624635780985000,1,0.00504981,28624.2300
1624635780985000,1,0.00500838,28623.3000
1624635781757000,1,0.00484863,28624.2300
1624635781757000,1,0.00010572,28623.3000
1624635781757000,1,0.00007632,28618.3800
1624635784185000,1,0.00491352,28628.4900
1624635784413000,1,0.01700186,28628.4900
1624635878489000,1,0.01450052,28723.7100
1624635878567000,1,0.01222023,28723.7100
1624635983264000,0,0.00508838,28732.1900
1624635999548000,1,0.05161257,28758.7500
1624636256464000,1,0.00499395,28655.8500
1624636302056000,1,0.05270313,28683.4000
1624636369441000,1,0.00413787,28625.8200
1624636563633000,1,0.00780389,28585.5900
1624636634801000,1,0.02255849,28542.4600
1624636634803000,1,0.00367247,28542.4600
1624636665981000,1,0.00494675,28491.5200
1624636780211000,1,0.00447267,28562.9800
1624636781389000,1,0.00033874,28562.9800
1624636781389000,1,0.00515310,28550.1300
1624636816224000,1,0.00512116,28455.0500
1624636818500000,1,0.00480633,28463.4900
1624636819482000,1,0.00469861,28445.0100
1624636820480000,1,0.00010772,28445.0100
1624636820480000,1,0.00469861,28437.8900
1624636835659000,0,0.01250000,28417.8500
1624636835676000,1,0.05235529,28428.7000
1624636867567000,0,0.01250000,28520.5200
1624636878878000,1,0.00482453,28552.7400
1624637018053000,0,0.00481774,28781.7200
1624637286596000,1,0.01700000,28681.7600
1624637286896000,1,0.00766008,28681.7600
1624637315540000,1,0.00498896,28657.1700
1624637383280000,1,0.00517749,28695.9000
1624637430665000,1,0.04533998,28742.2900
1624637431069000,1,0.00742593,28730.1100
1624637497094000,1,0.03114640,28708.2600
1624637583194000,1,0.00681002,28738.5500
1624637583275000,1,0.01800000,28738.5500
1624637583311000,1,0.02700000,28738.5500
1624637635858000,1,0.01128029,28621.1800
1624637835924000,1,0.05079951,28485.7300
1624637933791000,1,0.01407608,28412.8200
1624637933884000,1,0.03277077,28412.8200
1624637933957000,1,0.00612325,28412.8200
1624638048931000,1,0.00765002,28364.3900
1624638065092000,1,0.00621821,28288.9800
1624638065306000,1,0.00776734,28288.9800
1624638534336000,1,0.00486325,28138.7800
1624638534579000,1,0.00000001,28138.7800
1624638586713000,0,0.00506051,28077.4700
1624639403192000,0,0.01250000,28223.5400
1624639403925000,0,0.02979674,28223.5400
1624639449862000,0,0.00480000,28342.2900
1624639574333000,1,0.03894039,28403.9000
1624639574341000,1,0.05100230,28403.9000
1624639574368000,1,0.00704128,28403.9000
1624639574371000,1,0.05217532,28403.9000
1624639574461000,1,0.00735283,28403.9000
1624639574489000,1,0.07173668,28403.9000
1624639574491000,1,0.04232892,28403.9000
1624639574551000,1,0.07021483,28403.9000
1624639574576000,1,0.02920745,28403.9000
1624639710337000,0,0.00422469,28402.0500
1624639723155000,0,0.00493801,28439.1500
1624639723155000,0,0.00489812,28439.1600
1624639723155000,0,0.00435275,28439.1700
1624639998742000,1,0.00495152,28198.9900
1624640047475000,1,0.01257965,28213.8000
1624640650897000,0,0.00487659,28609.6900
1624640811949000,1,0.00510206,28587.9300
1624640811949000,1,0.00487113,28586.6500
1624640812220000,1,0.00479370,28576.7600
1624640919503000,1,0.00495951,28518.6800
1624640919503000,1,0.00507875,28516.2800
1624641293545000,1,0.00518865,28579.1600
1624641860730000,1,0.00482437,28393.9200
1624641903171000,0,0.00517285,28420.4900
1624641903716000,0,0.00507596,28426.8000
1624641903716000,0,0.00481639,28434.7000
1624641903716000,0,0.00508951,28434.7100
1624642006588000,1,0.00499444,28376.0300
1624642016289000,0,0.00490746,28392.6900
1624642016339000,0,0.00498143,28399.4600
1624642016339000,0,0.00488758,28415.7500
1624642228992000,0,0.00070250,28469.3600
1624642281980000,1,0.00480600,28279.8500
1624642282497000,1,0.00025215,28279.8500
1624642282497000,1,0.00334785,28262.9100
1624642282545000,1,0.00145815,28262.9100
1624642282545000,1,0.00145221,28254.8700
1624642282550000,1,0.00214185,28254.8700
1624642282571000,1,0.00145815,28254.8700
1624642879234000,1,0.00412709,28034.7000
1624642926022000,0,0.00497265,28046.1500
1624642926022000,0,0.00382735,28058.8700
1624643045668000,1,0.01081097,27989.9400
1624643099382000,0,0.00880000,28022.1300
1624643117428000,0,0.00201096,28028.4100
1624643117775000,0,0.00000001,28028.4100
1624643295698000,1,0.00511556,28049.7100
1624643829884000,0,0.00500566,28197.1100
1624644131912000,0,0.00880000,28026.7000
1624644161266000,0,0.00130000,27933.9500
1624644168124000,0,0.00280000,27943.6900
1624644708377000,0,0.00512028,28431.4200
1624644708377000,0,0.00480015,28438.6600
1624644878768000,0,0.01250000,28420.2500
1624645440960000,0,0.00478089,28540.6600
1624646689954000,1,0.00506234,28615.1100
1624647046404000,1,0.00489429,28584.1500
1624647046404000,1,0.00480770,28584.1400
1624647077460000,1,0.00493160,28573.4700
1624647156476000,0,0.00494229,28518.1900
1624647392803000,0,0.00516267,28595.2700
1624647472794000,1,0.00505072,28541.0700
1624647472918000,0,0.35999989,28540.0200
1624647473131000,1,0.00486701,28533.9300
1624647607286000,0,0.00518276,28547.1400
1624647607286000,0,0.00490225,28547.1500
1624647775972000,0,0.00515563,28509.8400
1624647776263000,0,0.00493119,28516.1200
1624647776277000,0,0.00937080,28518.3500
1624647780445000,1,0.00515563,28509.8400
1624648252532000,1,0.02240117,28415.4900
1624648252600000,1,0.02780000,28415.4900
1624648252963000,1,0.00568047,28415.4900
1624648253012000,1,0.00613857,28415.4900
1624648253079000,1,0.01339492,28415.4900
1624648253116000,1,0.01852814,28415.4900
1624648253145000,1,0.00369667,28415.4900
1624648253248000,1,0.03570557,28415.4900
1624648253274000,1,0.00487971,28415.4900
1624648256211000,1,0.05270096,28380.5300
1624648256235000,1,0.01296127,28380.5300
1624648256324000,1,0.03499600,28380.5300
1624648256336000,1,0.00875700,28380.5300
1624648379761000,1,0.00205492,28451.3700
1624648618597000,1,0.00502730,28692.7100
1624648811600000,0,0.00487712,28802.2500
1624649155810000,1,0.00500000,28938.7200
1624649155818000,1,0.00005877,28938.7200
1624649155818000,1,0.00224123,28938.7100
1624649201202000,1,0.00518050,28908.1100
1624649394516000,1,0.00491718,28991.7500
1624649394928000,1,0.00420582,28977.2700
1624649394994000,1,0.00095865,28977.2700
1624649394994000,1,0.00480231,28977.2600
1624649394994000,1,0.00423839,28973.1400
1624649395038000,1,0.00075073,28973.1400
1624649395038000,1,0.00488651,28973.1300
1624649395038000,1,0.00436276,28973.1200
1624649395048000,1,0.00080215,28973.1200
1624649395048000,1,0.00499892,28967.9400
1624649401101000,1,0.00606607,28967.9400
1624650584520000,1,0.00680137,28591.8900
1624650811961000,1,0.01601500,28547.6800
1624650863245000,0,0.00499980,28560.9800
1624651248015000,1,0.00495113,28647.1500
1624651248015000,1,0.00506976,28640.8100
1624651250208000,1,0.01001483,28640.8100
1624651251511000,1,0.01000900,28640.8100
1624651369781000,1,0.00500000,28511.4700
1624651644028000,0,0.04150000,28731.9000
1624651644920000,0,0.00515134,28757.1600
1624651815015000,1,0.01250000,28704.2200
1624652414267000,1,0.00493503,28719.1600
1624653217549000,0,0.00500580,28897.2600
1624654268192000,1,0.00509112,28897.1200
1624655462824000,1,0.00491845,28631.8900
1624655671820000,0,0.00480372,28473.2500
1624655848065000,1,0.00906898,28478.3200
1624655848964000,1,0.00490616,28463.6900
1624655940650000,1,0.01250000,28480.1700
1624656776980000,0,0.00483627,28793.5900
1624656778476000,0,0.02079493,28807.9900
1624656792742000,1,0.00515298,28811.1900
1624657270053000,0,0.00516934,29010.6000
1624657270053000,0,0.00518934,29010.6100
1624657721103000,1,0.01038514,28970.6700
1624657721104000,1,0.00000001,28970.6700
1624657765798000,1,0.00491851,28843.5500
1624659005252000,0,0.00505870,28791.7100
1624661102988000,1,0.01249293,28254.9900
1624661658379000,1,0.00491073,27938.4000
1624661666273000,0,0.00504134,27980.6700
1624661666273000,0,0.00375866,27986.3700
1624661720035000,0,0.00481682,27961.8400
1624661723521000,0,0.32000000,27981.1100
1624661731459000,0,0.00240257,28039.1400
1624662740616000,1,0.00398314,28374.6000
1624662740616000,1,0.00108860,28374.6000
1624663779180000,1,0.00493357,28186.9000
1624663779180000,1,0.00026400,28180.6100
1624664144940000,0,0.00506938,28382.1200
1624665181013000,1,0.03420035,28364.6500
1624665181675000,1,0.00501685,28357.0200
1624665598157000,1,0.00496302,28182.0900
1624666066502000,0,0.00502003,28192.2300
1624666079605000,1,0.00509637,28276.1400
1624666111493000,1,0.00492579,28316.0000
1624666113151000,1,0.00504758,28303.2900
1624666387567000,0,0.00513241,27956.5700
1624666387567000,0,0.00467439,27974.7600
1624667971597000,0,0.01250000,28703.7600
1624668246474000,0,0.00512340,28745.3000
1624668766523000,1,0.00496946,28780.3000
1624668766523000,1,0.01564886,28776.7000
1624668841396000,1,0.02590930,28715.7300
1624668841442000,1,0.00617264,28715.7300
1624668841451000,1,0.05198653,28715.7300
1624668841488000,1,0.00617523,28715.7300
1624668841547000,1,0.00544506,28715.7300
1624669341836000,1,0.04865120,28697.1200
1624669342420000,1,0.00409902,28682.0600
1624669342451000,1,0.00612213,28682.0600
1624669342461000,1,0.01151671,28682.0600
1624669342514000,1,0.02054062,28682.0600
1624669342516000,1,0.00666541,28682.0600
1624669342516000,1,0.00906052,28682.0600
1624669342532000,1,0.03619432,28682.0600
1624669342568000,1,0.01200000,28682.0600
1624669342578000,1,0.00612310,28682.0600
1624669342718000,1,0.00425099,28682.0600
1624669342772000,1,0.00416732,28682.0600
1624669342820000,1,0.00503761,28685.9600
1624669370627000,1,0.01250000,28673.1200
1624669371609000,1,0.01250000,28673.1200
1624669373926000,1,0.07200000,28673.1200
1624669373982000,1,0.25300000,28673.1200
1624669388536000,0,0.01369499,28435.0000
1624669388566000,0,0.00000001,28435.0000
1624669460878000,0,0.01250000,28339.3700
1624669516966000,0,0.02527729,28301.7000
1624669665055000,0,0.00483192,28209.2500
1624669674256000,1,0.00482301,28208.7300
1624669784639000,1,0.00506153,28291.6300
1624669876367000,1,0.00460000,28173.2600
1624669877242000,1,0.00048854,28173.2600
1624669877242000,1,0.00368365,28173.2300
1624669878169000,1,0.00134734,28173.2300
1624669878169000,1,0.00362045,28159.1500
1624669908755000,0,0.00490000,28163.1700
1624669908797000,0,0.00006423,28163.1700
1624669908884000,0,0.00509378,28175.8500
1624669909179000,0,0.00490000,28199.0700
1624669909214000,0,0.00005613,28199.0700
1624669909388000,0,0.00494937,28215.6300
1624669993855000,0,0.00630000,28434.4900
1624669993867000,0,0.00002200,28434.4900
1624670782620000,1,0.00498246,27971.9300
1624670783405000,1,0.00516615,27957.1700
1624670783405000,1,0.00484863,27950.1800
1624670885333000,0,0.00514015,27956.9300
1624671176813000,1,0.00518666,27927.2200
1624671177811000,1,0.00505913,27917.0200
1624671271350000,1,0.00483801,27794.8900
1624671375025000,0,0.00510942,27918.0300
1624672937661000,0,0.00377718,28595.4600
1624673185214000,0,0.00518672,28664.0200
1624673185869000,0,0.00483947,28673.7800
1624673317553000,0,0.00510147,28699.2800
1624673410193000,0,0.00277560,28683.2000
1624673410199000,0,0.00216867,28683.2000
1624673810752000,1,0.05297388,28566.2100
1624674035213000,1,0.00501160,28489.8700
1624674035213000,1,0.00516139,28475.6400
1624674035213000,1,0.00318698,28475.6300
1624674739825000,0,0.03650454,28224.2100
1624675131498000,1,0.00489654,27993.9200
1624675489443000,0,0.00509226,28246.5500
1624676038071000,0,0.00490929,28425.1900
1624676038071000,0,0.00142522,28425.3300
1624676038082000,0,0.00361672,28425.3300
1624678528584000,0,0.00472979,28595.5600
1624679820089000,0,0.01250000,28544.2100
1624681799749000,1,0.00495159,28409.4200
1624681799749000,1,0.00514159,28409.4100
1624683848288000,0,0.00509423,28889.6000
1624683848288000,0,0.00490085,28892.6300
1624683848288000,0,0.00485882,28893.3000
1624683848716000,0,0.00000001,28893.3000
1624684101011000,1,0.00508139,28890.1700
1624684282355000,1,0.00508900,28824.7800
1624684813156000,0,0.00506738,28826.4600
1624684813156000,0,0.00512063,28830.4700
1624684813218000,1,0.01250000,28836.2300
1624684813229000,1,0.00491150,28836.2300
1624684813286000,1,0.34725824,28836.2300
1624684813433000,1,0.04167099,28836.2300
1624684813787000,1,0.34723583,28836.2300
1624684814430000,1,0.13434376,28836.2300
1624684814912000,1,0.01393448,28836.2300
1624684819149000,1,0.00381807,28836.2300
1624684819258000,1,0.01618010,28836.2300
1624684826967000,1,0.00288229,28836.2400
1624684826967000,1,0.01343988,28836.2300
1624684827188000,1,0.00859651,28836.2300
1624684827236000,1,0.00609768,28836.2300
1624684827242000,1,0.02500000,28836.2300
1624684827281000,1,0.03978722,28836.2300
1624684827402000,1,0.03611749,28836.2300
1624684827415000,1,0.01372574,28836.2300
1624684827417000,1,0.01652486,28836.2300
1624684827427000,1,0.04475365,28836.2300
1624684827463000,1,0.02760000,28836.2300
1624684827489000,1,0.05014996,28836.2300
1624684827502000,1,0.01482681,28836.2300
1624684827536000,1,0.08921020,28836.2300
1624684827541000,1,0.05687021,28836.2300
1624684827588000,1,0.11735527,28836.2300
1624684827606000,1,0.01798967,28836.2300
1624684827629000,1,0.02804827,28836.2300
1624684827633000,1,0.01447472,28836.2300
1624684827685000,1,0.00737514,28836.2300
1624684827720000,1,0.01486746,28836.2300
1624684827751000,1,0.05733195,28836.2300
1624684827770000,1,0.00760296,28836.2300
1624684827809000,1,0.01916012,28836.2300
1624684827811000,1,0.00521331,28836.2300
1624684827831000,1,0.01756314,28836.2300
1624684827835000,1,0.03192535,28836.2300
1624684827855000,1,0.01420678,28836.2300
1624684827908000,1,0.00650981,28836.2300
1624684827917000,1,0.13862077,28836.2300
1624684827992000,1,0.02387639,28836.2300
1624684828383000,1,0.05100000,28836.2300
1624684836176000,1,0.00381663,28836.2300
1624684836206000,1,0.00492054,28836.2300
1624684836355000,1,0.04316839,28836.2300
1624684865218000,1,0.05290547,28836.2300
1624684865298000,1,0.05186931,28836.2300
1624684865530000,1,0.06111207,28836.2300
1624684865598000,1,0.05141245,28836.2300
1624684865689000,1,0.26292811,28836.2300
1624684865697000,1,0.10417901,28836.2300
1624684865734000,1,0.02600000,28836.2300
1624684865766000,1,0.02354376,28836.2300
1624684865768000,1,0.05236160,28836.2300
1624684865791000,1,0.05099999,28836.2300
1624684865808000,1,0.02415500,28836.2300
1624684865829000,1,0.00558199,28836.2300
1624684865852000,1,0.05296100,28836.2300
1624684865923000,1,0.05100000,28836.2300
1624684865967000,1,0.02940000,28836.2300
1624684866068000,1,0.01743425,28836.2300
1624684866080000,1,0.05211500,28836.2300
1624684866131000,1,0.01743323,28836.2300
1624684866167000,1,0.05135094,28836.2300
1624684866168000,1,0.10545562,28836.2300
1624684867012000,1,0.03280651,28836.2300
1624684874424000,1,0.05100002,28836.2300
1624684874624000,1,0.01274057,28836.2300
1624684874794000,1,0.12028981,28836.2300
1624684874957000,1,0.02164874,28836.2300
1624684874974000,1,0.05303202,28836.2300
1624684875069000,1,0.02300236,28836.2300
1624684875172000,1,0.00374808,28836.2300
1624684875207000,1,0.02802218,28836.2300
1624684878525000,1,0.00881086,28836.2300
1624684878718000,1,0.02774055,28836.2300
1624684881466000,1,0.03400000,28836.2300
1624684881611000,1,0.01200000,28836.2300
1624684881622000,1,0.06911130,28836.2300
1624684881668000,1,0.02398411,28836.2300
1624684883015000,1,0.02400000,28836.2300
1624684885169000,1,0.01077998,28836.2300
1624684888783000,1,0.04614346,28836.2300
1624684891925000,1,0.03378260,28836.2300
1624684896077000,1,0.00619822,28836.2300
1624684896142000,1,0.04583403,28836.2300
1624684900166000,1,0.00844403,28836.2300
1624684911106000,1,0.05240326,28836.2300
1624684915447000,1,0.01031992,28836.2300
1624684951196000,1,0.05205622,28836.2300
1624684952612000,1,0.01944796,28836.2300
1624684952740000,1,0.05207000,28836.2300
1624684952900000,1,0.00263535,28836.2300
1624684953316000,1,0.02101966,28836.2300
1624684953358000,1,0.15258003,28836.2300
1624684953362000,1,0.02863559,28836.2300
1624684953383000,1,0.15258014,28836.2300
1624684953565000,1,0.03543928,28836.2300
1624684996234000,1,0.05100000,28836.2300
1624684996264000,1,0.00400000,28836.2300
1624685005877000,1,0.00953665,28836.2300
1624685012010000,1,0.00433064,28836.2300
1624685012213000,1,0.01631852,28836.2300
1624685012315000,1,0.02493737,28836.2300
1624685012591000,1,0.01731951,28836.2300
1624685012604000,1,0.03637096,28836.2300
1624685030076000,1,0.03815153,28836.2300
1624685037548000,1,0.00866534,28836.2300
1624685037651000,1,0.00692713,28836.2300
1624685037658000,1,0.03265249,28836.2300
1624685049037000,1,0.05550546,28836.2300
1624685055462000,1,0.00441022,28836.2300
1624685056588000,1,0.00716560,28836.2300
1624685060003000,1,0.05279588,28836.2300
1624685069173000,1,0.01087261,28836.2300
1624685069196000,1,0.02234093,28836.2300
1624685080749000,1,0.01654130,28836.2300
1624685080759000,1,0.01795170,28836.2300
1624685080786000,1,0.00686745,28836.2300
1624685080943000,1,0.02620431,28836.2300
1624685081016000,1,0.05101734,28836.2300
1624685089144000,1,0.02850322,28836.2300
1624685089237000,1,0.01484800,28836.2300
1624685089258000,1,0.04393944,28836.2300
1624685089329000,1,0.00383841,28836.2300
1624685089354000,1,0.00408396,28836.2300
1624685116296000,1,0.04061800,28836.2300
1624685116331000,1,0.05240909,28836.2300
1624685116387000,1,0.05199999,28836.2300
1624685119292000,1,0.05240326,28836.2300
1624685119368000,1,0.02200001,28836.2300
1624685119410000,1,0.02980000,28836.2300
1624685119576000,1,0.02516061,28836.2300
1624685124493000,1,0.01950000,28836.2300
1624685124527000,1,0.00389999,28836.2300
1624685124560000,1,0.00350000,28836.2300
1624685124563000,1,0.02500000,28836.2300
1624685125478000,1,0.05242328,28836.2300
1624685135598000,1,0.01964953,28836.2300
1624685161905000,1,0.03472657,28836.2300
1624685478433000,1,0.01097892,28836.2300
1624685478712000,1,0.04145097,28836.2300
1624685480949000,1,0.01589336,28836.2300
1624685480978000,1,0.01794921,28836.2300
1624685481204000,1,0.00801090,28836.2300
1624685481366000,1,0.02162398,28836.2300
1624685481419000,1,0.01420537,28836.2300
1624685481531000,1,0.00599114,28836.2300
1624685481572000,1,0.00916929,28836.2300
1624685481600000,1,0.01534727,28836.2300
1624685482245000,1,0.05170917,28836.2300
1624685482290000,1,0.05108101,28836.2300
1624685482296000,1,0.05281400,28836.2300
1624685482311000,1,0.01770679,28836.2300
1624685482345000,1,0.03471920,28836.2300
1624685482620000,1,0.05244943,28836.2300
1624685482989000,1,0.01025230,28836.2300
1624685483042000,1,0.01128055,28836.2300
1624685483643000,1,0.02973085,28836.2300
1624685483672000,1,0.01089801,28836.2300
1624685488994000,1,0.05200000,28836.2300
1624685489907000,1,0.17001369,28836.2300
1624685491512000,1,0.02868462,28836.2300
1624685491584000,1,0.02306020,28836.2300
1624685507158000,1,0.10323897,28836.2300
1624685507279000,1,0.01429410,28836.2300
1624685507325000,1,0.05131090,28836.2300
1624685517703000,1,0.00663232,28836.2300
1624685518098000,1,0.00897800,28836.2300
1624685518528000,1,0.01284539,28836.2300
1624685523100000,1,0.05379873,28836.2300
1624685529522000,1,0.00600000,28836.2300
1624685529526000,1,0.00400000,28836.2300
1624685529663000,1,0.05320000,28836.2300
1624685529815000,1,0.15617574,28836.2300
1624685530286000,1,0.01100000,28836.2300
1624685530321000,1,0.02600000,28836.2300
1624685530364000,1,0.05208407,28836.2300
1624685530795000,1,0.00400000,28836.2300
1624685532043000,1,0.05190000,28836.2300
1624685532063000,1,0.05616500,28836.2300
1624685532071000,1,0.05100000,28836.2300
1624685532123000,1,0.00372200,28836.2300
1624685532147000,1,0.00514618,28836.2300
1624685532151000,1,0.04102857,28836.2300
1624685532705000,1,0.00512564,28785.1100
1624685532856000,1,0.00514617,28785.2200
1624688150594000,1,0.05249515,28790.0000
1624688158232000,1,0.01572933,28790.0000
1624688158465000,1,0.01149046,28790.0000
1624688158521000,1,0.01790373,28790.0000
1624688158522000,1,0.00480818,28790.0000
1624688158528000,1,0.00826334,28790.0000
1624688158529000,1,0.02348530,28790.0000
1624688158662000,1,0.00619244,28790.0000
1624688158722000,1,0.00532740,28790.0000
1624688158729000,1,0.01067409,28790.0000
1624688172667000,1,0.07764302,28790.0000
1624688172797000,1,0.03831840,28790.0000
1624688173454000,1,0.02313200,28790.0000
1624688173542000,1,0.02240000,28790.0000
1624688173802000,1,0.00501191,28790.0000
1624688173867000,1,0.02316304,28790.0000
1624688173924000,1,0.05146374,28790.0000
1624688174245000,1,0.04140089,28790.0000
1624688174412000,1,0.00845970,28790.0000
1624688177131000,1,0.03078498,28790.0000
1624688177744000,1,0.02000000,28790.0000
1624688179105000,1,0.00370000,28790.0000
1624688179299000,1,0.00640000,28790.0000
1624688179314000,1,0.02084169,28790.0000
1624688179361000,1,0.03164479,28790.0000
1624688179391000,1,0.03953100,28790.0000
1624688179412000,1,0.01248600,28790.0000
1624688179430000,1,0.05584244,28790.0000
1624688179607000,1,0.03036579,28790.0000
1624688179758000,1,0.00865821,28790.0000
1624688179762000,1,0.00369333,28790.0000
1624688180092000,1,0.00461753,28790.0000
1624688180170000,1,0.00824175,28790.0000
1624688180700000,1,0.27312123,28790.0000
1624688180867000,1,0.00270914,28790.0000
1624688858737000,1,0.01250000,28701.7700
1624688858737000,1,0.00497629,28695.0600
1624688858819000,0,0.01250000,28693.3300
1624689718641000,1,0.00501826,28456.5000
1624689718641000,1,0.00497381,28451.1900
1624690031954000,1,0.00475020,28246.5900
1624691156026000,1,0.03000000,27992.0300
1624691156026000,1,0.00471486,27985.0600
1624691175094000,1,0.01250000,27930.8100
1624691181268000,0,0.00515080,27983.6600
1624691181409000,0,0.00472866,27990.6600
1624691369049000,1,0.00501783,27946.4100
1624691369273000,1,0.00498085,27946.4000
1624691369273000,1,0.00511412,27946.3200
1624691369273000,1,0.00501693,27946.2400
1624691528881000,0,0.00511656,27820.7000
1624691528881000,0,0.00378344,27827.6600
1624691559259000,0,0.00570000,27818.9200
1624691564282000,0,0.00504237,27803.4600
1624691564282000,0,0.00065763,27808.2200
1624691714098000,0,0.00491867,27835.4300
1624691774056000,0,0.00491868,27820.1000
1624691867401000,0,0.00487677,27809.2400
1624691912434000,1,0.00406848,27713.0400
1624691935591000,0,0.00519990,27731.9700
1624692026790000,1,0.00486411,27726.9700
1624692027029000,1,0.00502887,27723.2700
1624692169713000,0,0.00487011,27725.0400
1624692196153000,1,0.00519950,27687.1500
1624692431014000,0,0.00495866,27633.6300
1624692772932000,0,0.00512926,27678.3300
1624692899066000,1,0.00488978,27554.4500
1624692953199000,0,0.00570000,27541.1400
1624693015618000,1,0.01250000,27507.9500
1624693016223000,1,0.01750000,27507.9500
1624693108020000,0,0.00514002,27469.0300
1624693108020000,0,0.00375998,27473.4500
1624693143202000,0,0.00890000,27436.1800
1624693178350000,0,0.00900000,27447.4600
1624693244775000,0,0.00570000,27479.1700
1624693552645000,0,0.00900000,27326.2200
1624693597870000,0,0.00288229,27437.8900
1624693894025000,0,0.00900000,27303.0400
1624693929110000,0,0.00900000,27345.4900
1624693954347000,0,0.00610000,27338.0800
1624693964664000,0,0.00876194,27367.8100
1624693964664000,0,0.00023806,27390.9800
1624693990011000,0,0.00500412,27343.8400
1624693990011000,0,0.00109588,27351.3700
1624694059605000,1,0.00501979,27289.8800
1624694059605000,1,0.00519122,27288.2400
1624694059605000,1,0.00501702,27281.9800
1624694143263000,1,0.00489645,27262.4400
1624694463059000,1,0.00500000,27270.3400
1624694477644000,1,0.00515150,27279.4300
1624694477644000,1,0.00506383,27279.4200
1624694528683000,0,0.00508621,27419.0900
1624694528683000,0,0.00482472,27424.8100
1624694587353000,1,0.01250000,27344.8500
1624694592444000,1,0.02258975,27344.8500
1624694813945000,0,0.00910000,27193.9100
1624694829154000,1,0.00486601,27154.4700
1624694829154000,1,0.00510138,27154.4600
1624694829154000,1,0.00497343,27151.4400
1624694829154000,1,0.00512362,27146.2000
1624694832031000,1,0.01250000,27184.8800
1624694849179000,0,0.00506950,27191.9300
1624694849179000,0,0.00403050,27195.4700
1624694883910000,0,0.00516165,27185.8300
1624694883910000,0,0.00393835,27192.0200
1624694918501000,0,0.00498223,27103.9500
1624694918501000,0,0.00411777,27117.4900
1624694954259000,0,0.00910000,27118.0800
1624694988854000,0,0.00910000,27145.1100
1624695082980000,1,0.00508320,27113.5800
1624695131864000,1,0.00518603,27003.8400
1624695131864000,1,0.00501345,27003.8300
1624695131864000,1,0.00526720,26997.0700
1624695150868000,1,0.01302014,26972.1600
1624695150868000,1,0.03254506,26967.9000
1624695150868000,1,0.00643480,26950.5000
1624695160422000,0,0.00910000,27029.1600
1624695195979000,0,0.00511258,26986.2300
1624695195979000,0,0.00398742,26986.2400
1624695230497000,0,0.00499126,26908.9700
1624695230497000,0,0.00410874,26909.9400
1624695265332000,0,0.00518411,26948.4400
1624695265332000,0,0.00391589,26951.4300
1624695300867000,0,0.00491282,26986.1900
1624695300867000,0,0.00418718,26991.5000
1624695305276000,1,0.01250000,26927.4600
1624695335450000,0,0.00506872,26985.9000
1624695335450000,0,0.00403128,26992.6500
1624695365674000,0,0.00497178,27009.2600
1624695365674000,0,0.00422822,27013.8300
1624695396710000,0,0.00910000,26976.5000
1624695422646000,0,0.00580000,26957.2100
1624695445647000,0,0.00580000,27000.9500
1624695567849000,0,0.00920000,26920.4400
1624695602987000,0,0.00491298,26945.6100
1624695602987000,0,0.00428702,26945.7400
1624695637950000,0,0.00472353,26925.6600
1624695637950000,0,0.00447647,26931.1400
1624695673068000,0,0.00500000,26926.5100
1624695673068000,0,0.00420000,26935.4300
1624695675331000,1,0.00514529,26899.6800
1624695890822000,1,0.00489091,26925.7900
1624695890822000,1,0.00054402,26917.2400
1624695890867000,1,0.00420000,26917.2400
1624695890981000,1,0.00028960,26917.2400
1624696010987000,0,0.00262930,26895.6900
1624696010987000,0,0.00657070,26900.8800
1624696129586000,0,0.01250000,27109.8400
1624696130066000,0,0.00599852,27112.0800
1624696433951000,0,0.00262162,27334.9400
1624696433951000,0,0.00807724,27334.9500
1624696640741000,1,0.00514025,27234.7500
1624696640852000,1,0.00518145,27223.4100
1624696681847000,1,0.00487317,27158.2500
1624696683041000,1,0.00367485,27128.5000
1624696913577000,1,0.00518707,26855.0400
1624696913577000,1,0.00137742,26848.3200
1624696913578000,1,0.00349597,26848.3200
1624696924608000,0,0.07200000,26891.4900
1624696925151000,0,0.11260930,26891.4900
1624697043518000,1,0.01250000,26925.6700
1624697120560000,0,0.00504334,26890.3200
1624697127467000,0,0.00494228,26986.0800
1624697127467000,0,0.00085772,26992.8300
1624698016803000,0,0.00497740,26967.0300
1624698017857000,0,0.00490228,26975.1200
1624698211396000,1,0.00490880,26839.4100
1624698382415000,0,0.00497725,26915.1300
1624698611157000,1,0.05628993,26921.2000
1624699077500000,0,0.00515577,26852.8300
1624699077500000,0,0.00488532,26859.2500
1624699080417000,0,0.00490000,26866.2500
1624699080510000,0,0.00001889,26866.2500
1624699080967000,0,0.01250000,26902.5200
1624699170569000,1,0.00491406,26870.2900
1624699170569000,1,0.05044933,26868.3100
1624699530130000,0,0.00489859,27038.3700
1624699584335000,1,0.05498224,27042.1900
1624700212436000,0,0.00480085,27396.1900
1624700268344000,0,0.00513331,27437.2000
1624700704020000,1,0.00429027,27385.1000
1624700710335000,1,0.00480635,27374.0700
1624700710335000,1,0.00036300,27366.1000
1624700711040000,1,0.00444335,27366.1000
1624700711746000,1,0.00503416,27355.4100
1624700712174000,1,0.00308653,27348.5700
1624700712235000,1,0.00201013,27348.5700
1624700744267000,1,0.00510834,27430.2900
1624700744267000,1,0.00494761,27424.3500
1624700744267000,1,0.04466200,27423.2500
1624700744289000,1,0.00673753,27423.2500
1624700745529000,1,0.10259224,27398.6300
1624700745718000,1,0.07694287,27398.6300
1624700833628000,0,0.00502460,27552.8700
1624701195624000,1,0.00515759,27633.8300
1624701202439000,0,0.00480000,27645.8700
1624701215463000,0,0.00437242,27695.2900
1624701422259000,0,0.00495087,27706.4400
1624701422259000,0,0.00480182,27712.6700
1624701941822000,0,0.00413608,27756.8500
1624701965299000,1,0.00497215,27735.4700
1624702104314000,0,0.00506059,27692.6100
1624702113595000,1,0.00495664,27655.2300
1624702113595000,1,0.00505677,27636.0400
1624702114034000,1,0.00482125,27634.4600
1624702128539000,0,0.00495485,27635.7200
1624702128539000,0,0.00532001,27648.6300
1624702258610000,1,0.00483319,27443.3000
1624702403903000,0,0.04319356,27566.0900
1624702403903000,0,0.00518103,27566.3300
1624703374317000,1,0.00505143,27620.5000
1624703374317000,1,0.00493278,27613.5900
1624703739156000,1,0.00437942,27575.1500
1624703739513000,1,0.00081160,27575.1500
1624703739513000,1,0.00492429,27569.3600
1624703739513000,1,0.00006666,27567.7600
1624703739538000,1,0.00513108,27567.7600
1624703742220000,1,0.00515395,27555.6500
1624705127894000,0,0.00489612,27745.8300
1624705294867000,0,0.00487234,27812.1900
1624706541873000,1,0.05241764,28261.7100
1624706541895000,1,0.05373557,28261.7100
1624706650913000,1,0.00500000,28216.1000
1624707005328000,0,0.00498234,28251.9000
1624707668434000,0,0.00487187,28362.9100
1624707668512000,0,0.00278646,28366.5100
1624707668746000,0,0.00208206,28366.5100
1624707669730000,0,0.00031022,28366.5100
1624707669730000,0,0.01035320,28379.9800
1624707669828000,0,0.00400000,28379.9800
1624707669832000,0,0.00350000,28379.9800
1624707669860000,0,0.02793254,28379.9800
1624707670008000,0,0.00413658,28379.9800
1624707673827000,0,0.05490000,28379.9800
1624707674344000,0,0.00009170,28379.9800
1624707788435000,0,0.00493319,28452.6800
1624708077172000,0,0.00509550,28512.5200
1624708114574000,1,0.00517408,28482.7700
1624708269017000,1,0.00165304,28649.7500
1624708269017000,1,0.00724696,28649.7000
1624708298680000,0,0.05147935,28715.3900
1624708298680000,0,0.00038552,28715.4000
1624708425230000,1,0.01283185,28692.2500
1624708461667000,0,0.00265322,28719.7700
1624708545236000,1,0.00488237,28689.5100
1624708545236000,1,0.00169430,28687.6800
1624708608495000,1,0.00485047,28681.1200
1624709291456000,0,0.00489180,28826.2700
1624709291540000,0,0.00501114,28832.6700
1624709291565000,0,0.04494913,28834.5900
1624709329117000,1,0.00265914,28766.6900
1624709546822000,0,0.04450671,28760.8700
1624710033539000,1,0.00519407,28747.4500
1624710033539000,1,0.00488649,28746.6000
1624710033539000,1,0.00497919,28736.6200
1624712568492000,0,0.00514419,28602.3900
1624712568492000,0,0.00499193,28604.7500
1624712569034000,0,0.01250000,28602.3900
1624712569034000,0,0.00489732,28617.7600
1624712569034000,0,0.00483381,28617.7800
1624712638669000,0,0.00476330,28725.7300
1624712808366000,0,0.00487648,28721.0200
1624712830037000,1,0.00519408,28714.7600
1624712832772000,1,0.00513902,28700.6000
1624712837020000,0,0.00484024,28704.1900
1624713259060000,1,0.00517887,28599.5000
1624713373524000,0,0.00500000,28676.3900
1624713678529000,1,0.00493142,28688.9700
1624713845904000,1,0.00517845,28508.5900
1624714194206000,1,0.00487023,28490.9900
1624714194630000,1,0.00484000,28482.6000
1624714316787000,1,0.00490757,28317.9500
1624714316836000,1,0.00000001,28317.9500
1624714617378000,0,0.00515327,28243.7000
1624714753982000,1,0.00480593,28198.7300
1624715129687000,1,0.00497520,27967.3500
1624717122814000,0,0.00491528,28019.1300
1624717692164000,1,0.00446065,27851.8700
1624717877997000,0,0.00500046,27987.6500
1624718981834000,0,0.00498756,28153.7000
1624719079199000,0,0.00489259,28350.7100
1624719080139000,0,0.00000001,28350.7100
1624719080232000,0,0.00485153,28369.3100
1624719084706000,0,0.00518995,28432.5000
1624719087648000,0,0.00502245,28406.9000
1624719410674000,0,0.00505279,28387.5600
1624720721835000,1,0.00484484,28088.8600
1624721919540000,1,0.00493320,27979.9200
1624721980038000,1,0.00509032,27965.3700
1624721980038000,1,0.00491770,27965.3600
1624721980038000,1,0.00483283,27965.3000
1624721980038000,1,0.00507413,27961.5600
1624722052830000,0,0.00491298,28058.9000
1624723431384000,1,0.00984932,28148.3500
1624723764332000,1,0.01250000,27877.0700
1624724170517000,1,0.07781827,27562.0600
1624724225044000,1,0.00487577,27468.3900
1624724225103000,1,0.00000001,27468.3900
1624724227905000,1,0.01206562,27430.6000
1624724227905000,1,0.00043438,27430.6000
1624724909552000,0,0.01250000,27820.7200
1624724909569000,0,0.03988699,27820.7200
1624725254461000,1,0.00499240,27848.3100
1624726638110000,0,0.00519073,28190.1900
1624726638202000,0,0.00292249,28191.7200
1624727252199000,0,0.02039212,28237.9900
1624728014237000,1,0.00284973,27758.4900
1624728818451000,0,0.00492172,27812.3200
1624730263335000,0,0.00284973,28337.1700
1624730271284000,0,0.00993296,28419.8200
1624730761920000,0,0.00489108,28325.8500
1624731566141000,0,0.01250000,28503.0800
1624731978545000,0,0.01250000,28472.2200
1624732383670000,0,0.01120586,28345.6000
1624734005142000,1,0.00480872,28195.5700
1624734905868000,1,0.03300000,28289.2700
1624734905892000,1,0.00746507,28289.2700
1624737010220000,0,0.00481964,28205.0100
1624737014290000,0,0.00977678,28206.3900
1624738389600000,1,0.01250000,27952.3200
1624738859664000,0,0.02404376,27831.2500
1624739777855000,0,0.00492548,27837.1400
1624739777855000,0,0.10304570,27838.4900
1624744042077000,0,0.00517229,27897.0400
1624744042077000,0,0.00486885,27904.0200
1624744581396000,0,0.00518938,27984.4100
1624744581396000,0,0.00136216,27989.7900
1624745756628000,1,0.00467561,28064.8000
1624745978527000,0,0.00493117,28067.8700
1624746363524000,1,0.00509250,28057.0900
1624746804416000,1,0.00481408,28159.0800
1624746804416000,1,0.00026930,28154.6200
1624748500436000,0,0.00487218,28226.0100
1624748560678000,1,0.00487569,28173.6500
1624749573769000,1,0.05392995,28144.9000
1624749573784000,1,0.05360000,28144.9000
1624749573827000,1,0.02831600,28144.9000
1624749573832000,1,0.00944199,28144.9000
1624749573834000,1,0.00994136,28144.9000
1624749573850000,1,0.07193000,28144.9000
1624749573865000,1,0.01330000,28144.9000
1624751610295000,0,0.00497677,28534.2600
1624751610295000,0,0.00506026,28537.7600
1624751610295000,0,0.00484963,28544.9000
1624751626463000,0,0.01028018,28559.7900
1624751813437000,0,0.00597700,28479.4600
1624751874413000,0,0.00477083,28577.6600
1624751874686000,0,0.00000001,28577.6600
1624751874686000,0,0.00511095,28586.8700
