timestamp ms,type,amount,price
1624579833597000,0,0.03738875,31661.6700
1624581950348000,1,0.00481650,31440.5200
1624581950348000,1,0.00491301,31440.5100
1624582761883000,0,0.00492485,31142.5800
1624582762014000,0,0.00514295,31151.4300
1624583095480000,1,0.00439661,30854.1800
1624583659618000,1,0.00514093,30807.9900
1624583659618000,1,0.00158806,30799.4800
1624584173662000,1,0.00482001,30888.1800
1624584467785000,1,0.00492449,30792.9800
1624584772788000,0,0.00502718,30966.9400
1624584923842000,0,0.00505870,30940.7500
1624585075945000,0,0.04619002,30932.8800
1624587727428000,1,0.00482843,31718.2900
1624587727428000,1,0.00490166,31718.2800
1624587727464000,1,0.00514258,31709.5000
1624587727464000,1,0.00433534,31709.4900
1624587727537000,1,0.00065885,31709.4900
1624587997188000,0,0.00490000,31771.5900
1624590785216000,1,0.00482567,31568.8500
1624590785555000,1,0.00488773,31553.6600
1624593259984000,0,0.00483299,31593.0500
1624593754128000,1,0.01250000,31426.3900
1624593762443000,1,0.01250000,31385.6300
1624594346464000,0,0.01250000,31456.2000
1624595117619000,0,0.00488259,31330.5900
1624597270753000,0,0.00497430,31325.8000
1624599943770000,0,0.00498308,31038.2800
1624599943770000,0,0.00026168,31040.9600
1624603021062000,0,0.01250000,30753.9600
1624604460817000,1,0.00448920,30902.6700
1624604460823000,1,0.00047593,30902.6700
1624604460880000,1,0.00480775,30901.9500
1624606506490000,0,0.00480853,30409.5300
1624606506490000,0,0.00329147,30417.1400
1624606875395000,0,0.01798063,30499.1800
1624607342282000,1,0.00501322,30483.9900
1624607342282000,1,0.00507420,30483.9800
1624607472430000,0,0.00392107,30595.2800
1624608072349000,1,0.00493933,30574.2600
1624608859090000,1,0.00498020,30260.2200
1624608859090000,1,0.00294503,30260.2100
1624608859146000,1,0.00196396,30260.2100
1624608859146000,1,0.00493919,30246.3500
1624608859146000,1,0.00518452,30246.3400
1624608864799000,1,0.01013302,30245.0900
1624608882281000,0,0.00510270,30259.3600
1624608882281000,0,0.00039730,30266.9300
1624608886439000,0,0.00550000,30294.2800
1624608898847000,0,0.00486478,30287.5300
1624608898847000,0,0.00323522,30296.2900
1624609017433000,0,0.00810000,30274.0600
1624609068852000,0,0.00810000,30242.4100
1624609103679000,0,0.00513902,30297.5200
1624609103679000,0,0.00296098,30297.5300
1624609351639000,1,0.00516519,30302.5200
1624609351639000,1,0.00490312,30302.5100
1624609351639000,1,0.00508563,30300.8100
1624609351639000,1,0.00510246,30293.9500
1624609351639000,1,0.04433178,30287.3800
1624609670160000,0,0.00484656,30447.3700
1624613825140000,0,0.00515115,30521.0400
1624616533933000,0,0.05168498,30131.3600
1624616869974000,0,0.00505673,29987.4000
1624617152236000,0,0.00495321,30053.0400
1624617152236000,0,0.00240875,30056.6200
1624617152367000,0,0.00264184,30056.6200
1624617529907000,0,0.00485817,30158.5900
1624617682377000,1,0.00484381,29957.5000
1624618135964000,0,0.00483529,30066.8300
1624618136132000,0,0.00504744,30066.8000
1624619889907000,1,0.00501206,29595.8600
1624620220405000,1,0.00485912,29537.1400
1624620220948000,1,0.00519679,29519.8200
1624620421853000,0,0.00504137,29645.1400
1624620434373000,1,0.00508818,29559.6800
1624620935629000,0,0.00500115,29681.3800
1624620935629000,0,0.00510434,29681.4000
1624621046655000,0,0.00491009,29740.1200
1624621046655000,0,0.00268191,29741.4400
1624621518984000,1,0.00482475,29855.3100
1624621647290000,0,0.00510667,29885.0200
1624622102790000,1,0.05080796,29597.1800
1624622102875000,1,0.01030000,29597.1800
1624622102877000,1,0.02543400,29597.1800
1624622102918000,1,0.01005014,29597.1800
1624622102940000,1,0.01349937,29597.1800
1624622102981000,1,0.00562927,29597.1800
1624622102989000,1,0.01550023,29597.1800
1624622103009000,1,0.08002531,29597.1800
1624622103026000,1,0.01975372,29597.1800
1624622106563000,1,0.00443014,29426.1600
1624622106563000,1,0.00944029,29426.1600
1624622117417000,1,0.01224243,29362.1400
1624622186091000,1,0.01250000,29277.3100
1624622373073000,1,0.00491369,29302.0200
1624622373073000,1,0.00368728,29294.0500
1624622724317000,1,0.00519019,29219.7500
1624622978821000,0,0.00484108,29490.2800
1624622978821000,0,0.00345892,29496.4500
1624623013745000,0,0.00830000,29534.8800
1624623049628000,0,0.00830000,29545.8600
1624623092817000,0,0.00830000,29667.3700
1624623134387000,0,0.00500000,29649.7400
1624623134387000,0,0.00330000,29655.0100
1624623164436000,0,0.00830000,29639.4400
1624623602470000,1,0.00876598,29700.9400
1624624012450000,1,0.02419320,29697.1400
1624624020267000,1,0.00510691,29657.3800
1624624020267000,1,0.01908629,29654.3700
1624624714761000,1,0.00485246,29309.2300
1624624715093000,1,0.00502703,29294.4300
1624624715667000,1,0.00401716,29295.6300
1624625243470000,1,0.00492843,29264.1800
1624625296346000,1,0.01250000,29182.0900
1624625409502000,1,0.00521233,29089.4200
1624625409762000,1,0.00472792,29072.7000
1624625812444000,0,0.00501974,28998.4400
1624625813586000,0,0.00178877,29017.1400
1624625945114000,1,0.00493276,29057.8600
1624625945899000,1,0.00481123,29074.3300
1624626379907000,0,0.00511655,29091.8200
1624626584791000,0,0.00307969,29180.5900
1624626914172000,1,0.01250000,28707.8200
1624626916095000,1,0.00007680,28707.8200
1624626916344000,1,0.01249471,28693.4700
1624627939374000,1,0.00511542,29010.4800
1624627939374000,1,0.04722573,29005.9400
1624628537754000,1,0.00464305,28874.0700
1624629452592000,1,0.00519623,28942.2400
1624629452592000,1,0.00507028,28942.2200
1624629453947000,1,0.01250000,28949.6200
1624629646653000,0,0.01250000,28879.6000
1624629649194000,0,0.09117321,28879.6000
1624629726723000,1,0.01414898,28942.5800
1624629787364000,0,0.04115037,29093.9500
1624629813767000,0,0.04118742,29133.7300
1624629915426000,0,0.00517964,29185.6900
1624630018694000,0,0.00508156,29229.0000
1624630019167000,0,0.00494401,29229.0000
1624630031770000,0,0.00504611,29233.5900
1624630397434000,0,0.00489564,29281.5600
1624630503496000,0,0.00493282,29352.4900
1624630536915000,1,0.05000229,29315.9900
1624630557030000,1,0.00365800,29346.1600
1624630557066000,1,0.03290000,29346.1600
1624630557107000,1,0.01250000,29346.1600
1624630557175000,1,0.00640000,29346.1600
1624630569906000,1,0.03191564,29344.0400
1624630828227000,1,0.00491708,29223.4200
1624630828227000,1,0.00024907,29223.3900
1624630840404000,1,0.00754232,29222.5600
1624630845205000,1,0.05110000,29204.0400
1624630901536000,0,0.02624100,29242.3600
1624631382331000,1,0.05159999,29106.6800
1624631481070000,1,0.00507538,28992.7100
1624631490460000,0,0.00491735,29007.3400
1624631514545000,1,0.00516008,28952.7300
1624631514545000,1,0.00712315,28947.6400
1624631514572000,1,0.00198742,28947.6500
1624631514572000,1,0.00301257,28947.6400
1624631514834000,1,0.03277768,28947.6400
1624631519562000,1,0.02901000,28947.6500
1624631519562000,1,0.00482219,28941.6500
1624631527463000,1,0.02899993,28941.6500
1624631527463000,1,0.00486945,28936.6100
1624632016968000,1,0.00494680,28735.9600
1624632020957000,1,0.00481754,28713.5500
1624632423319000,0,0.00514376,28480.0300
1624633461469000,0,0.00487878,28336.9000
1624633461469000,0,0.00514200,28336.9100
1624633461948000,0,0.00514200,28322.7400
1624633646811000,1,0.00483694,28262.1300
1624633797764000,0,0.00519109,28226.4000
1624634105003000,1,0.04150330,28257.4300
1624634791304000,0,0.00421461,28316.9600
1624634793976000,0,0.00071262,28316.9600
1624634933570000,0,0.00485946,28340.5300
1624634939078000,0,0.02537009,28352.8700
1624635018702000,0,0.00538400,28454.3500
1624635610220000,0,0.00509008,28556.9400
1624635610220000,0,0.01372711,28568.0200
1624635610329000,0,0.00509008,28553.9000
1624635610935000,0,0.00740992,28553.9000
1624635610939000,0,0.01767220,28568.0200
1624635654794000,1,0.00585998,28530.5400
1624635654812000,1,0.00507179,28530.5400
1624635654910000,1,0.04206823,28530.5400
1624635655443000,1,0.00482019,28527.4000
1624635655492000,1,0.01216643,28527.4000
1624635690348000,0,0.12188498,28571.3300
1624635690348000,0,0.00278867,28571.3400
1624635763084000,1,0.00982004,28613.2400
1624635780985000,1,0.00504961,28631.5500
1624635780985000,1,0.00504981,28624.2300
1624635780985000,1,0.00500838,28623.3000
1624635781757000,1,0.00484863,28624.2300
1624635781757000,1,0.00010572,28623.3000
1624635781757000,1,0.00007632,28618.3800
1624635784185000,1,0.00491352,28628.4900
1624635784413000,1,0.01700186,28628.4900
1624635878489000,1,0.01450052,28723.7100
1624635878567000,1,0.01222023,28723.7100
1624635983264000,0,0.00508838,28732.1900
1624635999548000,1,0.05161257,28758.7500
1624636256464000,1,0.00499395,28655.8500
1624636302056000,1,0.05270313,28683.4000
1624636369441000,1,0.00413787,28625.8200
1624636563633000,1,0.00780389,28585.5900
1624636634801000,1,0.02255849,28542.4600
1624636634803000,1,0.00367247,28542.4600
1624636665981000,1,0.00494675,28491.5200
1624636780211000,1,0.00447267,28562.9800
1624636781389000,1,0.00033874,28562.9800
1624636781389000,1,0.00515310,28550.1300
1624636816224000,1,0.00512116,28455.0500
1624636818500000,1,0.00480633,28463.4900
1624636819482000,1,0.00469861,28445.0100
1624636820480000,1,0.00010772,28445.0100
1624636820480000,1,0.00469861,28437.8900
1624636835659000,0,0.01250000,28417.8500
1624636835676000,1,0.05235529,28428.7000
1624636867567000,0,0.01250000,28520.5200
1624636878878000,1,0.00482453,28552.7400
1624637018053000,0,0.00481774,28781.7200
1624637286596000,1,0.01700000,28681.7600
1624637286896000,1,0.00766008,28681.7600
1624637315540000,1,0.00498896,28657.1700
1624637383280000,1,0.00517749,28695.9000
1624637430665000,1,0.04533998,28742.2900
1624637431069000,1,0.00742593,28730.1100
1624637497094000,1,0.03114640,28708.2600
1624637583194000,1,0.00681002,28738.5500
1624637583275000,1,0.01800000,28738.5500
1624637583311000,1,0.02700000,28738.5500
1624637635858000,1,0.01128029,28621.1800
1624637835924000,1,0.05079951,28485.7300
1624637933791000,1,0.01407608,28412.8200
1624637933884000,1,0.03277077,28412.8200
1624637933957000,1,0.00612325,28412.8200
1624638048931000,1,0.00765002,28364.3900
1624638065092000,1,0.00621821,28288.9800
1624638065306000,1,0.00776734,28288.9800
1624638534336000,1,0.00486325,28138.7800
1624638534579000,1,0.00000001,28138.7800
1624638586713000,0,0.00506051,28077.4700
1624639403192000,0,0.01250000,28223.5400
1624639403925000,0,0.02979674,28223.5400
1624639449862000,0,0.00480000,28342.2900
1624639574333000,1,0.03894039,28403.9000
1624639574341000,1,0.05100230,28403.9000
1624639574368000,1,0.00704128,28403.9000
1624639574371000,1,0.05217532,28403.9000
1624639574461000,1,0.00735283,28403.9000
1624639574489000,1,0.07173668,28403.9000
1624639574491000,1,0.04232892,28403.9000
1624639574551000,1,0.07021483,28403.9000
1624639574576000,1,0.02920745,28403.9000
1624639710337000,0,0.00422469,28402.0500
1624639723155000,0,0.00493801,28439.1500
1624639723155000,0,0.00489812,28439.1600
1624639723155000,0,0.00435275,28439.1700
1624639998742000,1,0.00495152,28198.9900
1624640047475000,1,0.01257965,28213.8000
1624640650897000,0,0.00487659,28609.6900
1624640811949000,1,0.00510206,28587.9300
1624640811949000,1,0.00487113,28586.6500
1624640812220000,1,0.00479370,28576.7600
1624640919503000,1,0.00495951,28518.6800
1624640919503000,1,0.00507875,28516.2800
1624641293545000,1,0.00518865,28579.1600
1624641860730000,1,0.00482437,28393.9200
1624641903171000,0,0.00517285,28420.4900
1624641903716000,0,0.00507596,28426.8000
1624641903716000,0,0.00481639,28434.7000
1624641903716000,0,0.00508951,28434.7100
1624642006588000,1,0.00499444,28376.0300
1624642016289000,0,0.00490746,28392.6900
1624642016339000,0,0.00498143,28399.4600
1624642016339000,0,0.00488758,28415.7500
1624642228992000,0,0.00070250,28469.3600
1624642281980000,1,0.00480600,28279.8500
1624642282497000,1,0.00025215,28279.8500
1624642282497000,1,0.00334785,28262.9100
1624642282545000,1,0.00145815,28262.9100
1624642282545000,1,0.00145221,28254.8700
1624642282550000,1,0.00214185,28254.8700
1624642282571000,1,0.00145815,28254.8700
1624642879234000,1,0.00412709,28034.7000
1624642926022000,0,0.00497265,28046.1500
1624642926022000,0,0.00382735,28058.8700
1624643045668000,1,0.01081097,27989.9400
1624643099382000,0,0.00880000,28022.1300
1624643117428000,0,0.00201096,28028.4100
1624643117775000,0,0.00000001,28028.4100
1624643295698000,1,0.00511556,28049.7100
1624643829884000,0,0.00500566,28197.1100
1624644131912000,0,0.00880000,28026.7000
1624644161266000,0,0.00130000,27933.9500
1624644168124000,0,0.00280000,27943.6900
1624644708377000,0,0.00512028,28431.4200
1624644708377000,0,0.00480015,28438.6600
1624644878768000,0,0.01250000,28420.2500
1624645440960000,0,0.00478089,28540.6600
1624646689954000,1,0.00506234,28615.1100
1624647046404000,1,0.00489429,28584.1500
1624647046404000,1,0.00480770,28584.1400
1624647077460000,1,0.00493160,28573.4700
1624647156476000,0,0.00494229,28518.1900
1624647392803000,0,0.00516267,28595.2700
1624647472794000,1,0.00505072,28541.0700
1624647472918000,0,0.35999989,28540.0200
1624647473131000,1,0.00486701,28533.9300
1624647607286000,0,0.00518276,28547.1400
1624647607286000,0,0.00490225,28547.1500
1624647775972000,0,0.00515563,28509.8400
1624647776263000,0,0.00493119,28516.1200
1624647776277000,0,0.00937080,28518.3500
1624647780445000,1,0.00515563,28509.8400
1624648252532000,1,0.02240117,28415.4900
1624648252600000,1,0.02780000,28415.4900
1624648252963000,1,0.00568047,28415.4900
1624648253012000,1,0.00613857,28415.4900
1624648253079000,1,0.01339492,28415.4900
1624648253116000,1,0.01852814,28415.4900
1624648253145000,1,0.00369667,28415.4900
1624648253248000,1,0.03570557,28415.4900
1624648253274000,1,0.00487971,28415.4900
1624648256211000,1,0.05270096,28380.5300
1624648256235000,1,0.01296127,28380.5300
1624648256324000,1,0.03499600,28380.5300
1624648256336000,1,0.00875700,28380.5300
1624648379761000,1,0.00205492,28451.3700
1624648618597000,1,0.00502730,28692.7100
1624648811600000,0,0.00487712,28802.2500
1624649155810000,1,0.00500000,28938.7200
1624649155818000,1,0.00005877,28938.7200
1624649155818000,1,0.00224123,28938.7100
1624649201202000,1,0.00518050,28908.1100
1624649394516000,1,0.00491718,28991.7500
1624649394928000,1,0.00420582,28977.2700
1624649394994000,1,0.00095865,28977.2700
1624649394994000,1,0.00480231,28977.2600
1624649394994000,1,0.00423839,28973.1400
1624649395038000,1,0.00075073,28973.1400
1624649395038000,1,0.00488651,28973.1300
1624649395038000,1,0.00436276,28973.1200
1624649395048000,1,0.00080215,28973.1200
1624649395048000,1,0.00499892,28967.9400
1624649401101000,1,0.00606607,28967.9400
1624650584520000,1,0.00680137,28591.8900
1624650811961000,1,0.01601500,28547.6800
1624650863245000,0,0.00499980,28560.9800
1624651248015000,1,0.00495113,28647.1500
1624651248015000,1,0.00506976,28640.8100
1624651250208000,1,0.01001483,28640.8100
1624651251511000,1,0.01000900,28640.8100
1624651369781000,1,0.00500000,28511.4700
1624651644028000,0,0.04150000,28731.9000
1624651644920000,0,0.00515134,28757.1600
1624651815015000,1,0.01250000,28704.2200
1624652414267000,1,0.00493503,28719.1600
1624653217549000,0,0.00500580,28897.2600
1624654268192000,1,0.00509112,28897.1200
1624655462824000,1,0.00491845,28631.8900
1624655671820000,0,0.00480372,28473.2500
1624655848065000,1,0.00906898,28478.3200
1624655848964000,1,0.00490616,28463.6900
1624655940650000,1,0.01250000,28480.1700
1624656776980000,0,0.00483627,28793.5900
1624656778476000,0,0.02079493,28807.9900
1624656792742000,1,0.00515298,28811.1900
1624657270053000,0,0.00516934,29010.6000
1624657270053000,0,0.00518934,29010.6100
1624657721103000,1,0.01038514,28970.6700
1624657721104000,1,0.00000001,28970.6700
1624657765798000,1,0.00491851,28843.5500
1624659005252000,0,0.00505870,28791.7100
1624661102988000,1,0.01249293,28254.9900
1624661658379000,1,0.00491073,27938.4000
1624661666273000,0,0.00504134,27980.6700
1624661666273000,0,0.00375866,27986.3700
1624661720035000,0,0.00481682,27961.8400
1624661723521000,0,0.32000000,27981.1100
1624661731459000,0,0.00240257,28039.1400
1624662740616000,1,0.00398314,28374.6000
1624662740616000,1,0.00108860,28374.6000
1624663779180000,1,0.00493357,28186.9000
1624663779180000,1,0.00026400,28180.6100
1624664144940000,0,0.00506938,28382.1200
1624665181013000,1,0.03420035,28364.6500
1624665181675000,1,0.00501685,28357.0200
