timestamp ms,type,amount,price
1627776133239000,1,24.24100000,0.00348266
1627776176847000,0,2.05370244,0.00348364
1627776222589000,1,40.00000000,0.00347060
1627776267400000,0,15.54000000,0.00347046
1627776278067000,0,17.42000000,0.00347046
1627776278155000,0,0.00353093,0.00347046
1627776278841000,0,17.42000000,0.00347046
1627776278888000,0,0.00353093,0.00347046
1627776464753000,1,0.33841300,0.00346793
1627776549002000,1,8.22805240,0.00347007
1627776549002000,1,18.00000000,0.00347006
1627776549002000,1,3.77194760,0.00346989
1627776549258000,1,1.80966100,0.00347024
1627776612019000,1,0.06901300,0.00346824
1627776624698000,1,5.03583200,0.00346918
1627776741983000,1,0.08563900,0.00347329
1627776997429000,0,18.00000000,0.00347586
1627776997429000,0,10.45341668,0.00347586
1627777149056000,1,0.34000000,0.00347277
1627777413954000,1,0.24462600,0.00348122
1627777461964000,1,7.22796009,0.00348413
1627777461970000,1,2.30351049,0.00348413
1627777466281000,1,3.36000000,0.00348413
1627777648580000,0,0.34160800,0.00348900
1627777662304000,1,7.22285950,0.00348954
1627777698951000,1,7.22215515,0.00349035
1627777801115000,0,0.47809200,0.00349200
1627777957400000,1,0.13723700,0.00349458
1627777999724000,1,8.16797000,0.00349174
1627777999744000,1,0.00000883,0.00349174
1627778548640000,1,0.06940100,0.00349661
1627778549182000,1,2.13059900,0.00349661
1627778549182000,1,5.08445827,0.00349660
1627778549576000,0,2.00000000,0.00350113
1627778549621000,0,0.20000000,0.00350113
1627778549621000,0,2.71281260,0.00350175
1627778549832000,0,0.79999999,0.00350174
1627778558906000,1,1.19358625,0.00349746
1627778558985000,1,0.81924125,0.00349746
1627778567187000,1,5.63816277,0.00349738
1627778573747000,0,2.20000000,0.00350295
1627778574002000,1,2.20000000,0.00349994
1627778574002000,1,7.64259543,0.00349956
1627778672113000,1,6.05906600,0.00350680
1627779017337000,0,0.08395000,0.00351800
1627779029728000,1,0.10131200,0.00351916
1627779169704000,0,16.98915768,0.00352650
1627779169704000,0,27.30699232,0.00352650
1627779177273000,0,27.29600000,0.00352757
1627779244352000,1,0.79137900,0.00353470
1627779283988000,1,0.11113100,0.00353503
1627779310408000,1,1.00123800,0.00353482
1627779319287000,0,24.37800000,0.00353803
1627779333319000,1,26.00000000,0.00354050
1627779333469000,1,21.64807000,0.00354050
1627779571041000,1,2.02145400,0.00354302
1627779789974000,1,0.13900700,0.00353762
1627779936603000,1,0.13921200,0.00353411
1627779937316000,1,0.51189900,0.00353411
1627780323495000,1,0.05838000,0.00353585
1627780344588000,1,0.29526000,0.00353520
1627780428692000,1,1.44580000,0.00353520
1627780462799000,1,0.00003918,0.00353520
1627780503349000,0,2.20000000,0.00353309
1627780503349000,0,2.98018200,0.00353310
1627780517593000,0,23.64600000,0.00353208
1627780639037000,1,19.54600000,0.00352698
1627780639038000,1,8.03020000,0.00352679
1627780639106000,1,0.00002107,0.00352679
1627780639106000,1,11.60007893,0.00352631
1627780639121000,1,8.48069465,0.00352631
1627780640224000,1,4.06518288,0.00352357
1627780640274000,1,10.93481712,0.00352357
1627780669217000,0,23.74500000,0.00352114
1627780711423000,1,1.16200100,0.00352755
1627780734677000,1,0.82496100,0.00352804
1627780818848000,0,0.73000000,0.00353000
1627780841091000,1,0.82425500,0.00352777
1627780965214000,1,1.00000000,0.00352515
1627781112994000,1,2.16659200,0.00352298
1627781184846000,0,2.20000000,0.00353017
1627781184846000,0,18.00000000,0.00353018
1627781184957000,1,94.80000000,0.00353020
1627781414067000,1,0.47898900,0.00352264
1627781441878000,1,18.00000000,0.00352451
1627781441878000,1,16.96000000,0.00352433
1627781442575000,0,8.06640000,0.00352694
1627781497767000,1,1.16000000,0.00352551
1627781508340000,1,0.10265700,0.00352550
1627781942775000,1,0.08111400,0.00352506
1627782026748000,1,1.06625900,0.00352574
1627782278262000,0,0.34000000,0.00352500
1627782282065000,0,0.00067100,0.00352500
1627782398944000,0,23.74400000,0.00352430
1627783193638000,1,2.20000000,0.00351861
1627783193638000,1,0.30000000,0.00351856
1627783193808000,1,0.50000000,0.00351857
1627783429197000,0,9.15400000,0.00352186
1627783528417000,1,2.20000000,0.00352367
1627783533908000,1,2.20000000,0.00352280
1627784012338000,1,6.23545546,0.00352010
1627784050763000,1,2.33591700,0.00352113
1627784067722000,0,0.21690400,0.00352300
1627784096414000,0,8.08120000,0.00352419
1627784096425000,0,0.00008607,0.00352419
1627784096625000,0,20.20374000,0.00352484
1627784178197000,1,0.55611800,0.00352254
1627784260405000,0,0.00000102,0.00352484
1627784260405000,0,2.78999898,0.00352573
1627784262204000,0,26.24078000,0.00352573
1627784262313000,0,23.49346000,0.00352573
1627784333451000,1,0.08304000,0.00352226
1627784413898000,1,23.78800000,0.00352413
1627784414029000,0,18.00000000,0.00352325
1627784435230000,0,36.79000000,0.00352449
1627784656914000,1,0.39574600,0.00352220
1627784699683000,1,0.22098519,0.00352291
1627784740227000,1,0.32137200,0.00352316
1627784811703000,0,0.00000600,0.00352573
1627784945666000,1,18.00000000,0.00353000
1627784945666000,1,10.31000000,0.00352982
1627784945999000,1,18.00000000,0.00352994
1627784945999000,1,6.65000000,0.00352982
1627784947586000,1,0.00412549,0.00352982
1627785409186000,1,0.05698000,0.00352953
1627785526334000,1,0.37936400,0.00353593
1627785654565000,1,2.20000000,0.00353608
1627785654565000,1,1.62914200,0.00353607
1627786338545000,1,0.07898600,0.00352640
1627786359840000,1,0.16523500,0.00352736
1627786377425000,1,1.48095100,0.00352745
1627786400072000,1,6.04410600,0.00352801
1627786421843000,1,0.83915000,0.00352942
1627786513432000,1,0.06786700,0.00353131
1627786553307000,1,0.17044700,0.00353228
1627786706004000,1,2.20000000,0.00353180
1627786706004000,1,18.00000000,0.00353179
1627786706004000,1,23.65100000,0.00353179
1627786706004000,1,6.25025600,0.00353155
1627786727425000,1,0.07822100,0.00353249
1627786782997000,0,12.03940000,0.00353593
1627786848764000,1,23.64000000,0.00353451
1627786849067000,0,18.00000000,0.00353580
1627786964309000,0,18.00000000,0.00352976
1627786964309000,0,2.20000000,0.00352994
1627786964309000,0,16.90433306,0.00353041
1627786964309000,0,20.89927708,0.00353041
1627787091832000,1,0.37054800,0.00352835
1627787154589000,1,1.00000000,0.00352742
1627787411380000,1,0.21023500,0.00353173
1627787478798000,1,0.14985600,0.00352920
1627787646599000,1,0.07865400,0.00352696
1627787907567000,1,0.82152600,0.00353219
1627788485027000,1,4.41280000,0.00351786
1627788485307000,1,3.66968000,0.00351786
1627788485608000,1,0.00000509,0.00351786
1627788487216000,1,20.20309090,0.00351673
1627788493525000,1,52.53000000,0.00351591
1627788535657000,0,2.20000000,0.00351902
1627788535657000,0,3.41305656,0.00351917
1627788568763000,0,10.25004189,0.00352072
1627788575781000,1,0.06843900,0.00351689
1627788777256000,1,0.09014500,0.00351796
1627789032545000,1,0.15459100,0.00351835
1627789171510000,1,0.40353800,0.00352149
1627789300846000,1,0.09000000,0.00352282
1627789374058000,1,0.08093300,0.00352125
1627789378364000,1,0.24189600,0.00352125
1627789527119000,1,0.31048500,0.00351863
1627789527491000,1,0.62176400,0.00351863
1627789676788000,0,0.14253900,0.00352600
1627789703412000,1,0.16366700,0.00352579
1627790032857000,1,0.68408700,0.00352305
1627790074870000,0,23.41200000,0.00352439
1627790318343000,1,0.32701200,0.00352175
1627790345262000,1,0.44331000,0.00352045
1627790354538000,0,8.74700000,0.00352410
1627790361557000,1,1.40451500,0.00352292
1627790386883000,1,0.68767400,0.00352212
1627790509984000,1,0.37676600,0.00352156
1627790668749000,1,4.76920300,0.00351804
1627790911881000,1,3.09257000,0.00352285
1627790957018000,1,5.59770000,0.00352285
1627790957181000,1,18.00000000,0.00352205
1627791196327000,1,4.52396500,0.00351812
1627791240554000,1,8.69135700,0.00351710
1627791398279000,1,0.18019400,0.00351903
1627791463442000,1,0.76086600,0.00351918
1627791512624000,0,0.07218400,0.00352000
1627791532081000,0,1.34000000,0.00352100
1627791532186000,0,0.00528500,0.00352100
1627791745807000,1,1.77748300,0.00351514
1627791790548000,1,0.11524500,0.00351694
1627791806613000,1,0.26879600,0.00351695
1627792308580000,1,0.16000000,0.00351614
1627792509115000,1,1.61854800,0.00351626
1627792665261000,1,0.18562800,0.00351643
1627793002798000,0,0.11842100,0.00352000
1627793009041000,1,0.35111300,0.00352002
1627793163847000,0,2.20000000,0.00352119
1627793163847000,0,7.98701824,0.00352133
1627793163847000,0,0.01021476,0.00352134
1627793187285000,1,0.96395700,0.00351702
1627793513398000,1,7.47254300,0.00352339
1627793837813000,1,7.96447000,0.00353270
1627793839806000,1,4.43600000,0.00353234
1627794031187000,1,0.06341200,0.00353015
1627794099945000,1,0.97944900,0.00352931
1627794467061000,0,0.00002736,0.00353593
1627794532675000,1,1.34000000,0.00353434
1627794579656000,1,1.43228237,0.00353504
1627794813475000,1,3.10000000,0.00352671
1627794898677000,1,16.94180000,0.00352620
1627794898684000,1,8.05420000,0.00352588
1627794925152000,0,21.22700000,0.00352642
1627795243750000,0,22.67000000,0.00354000
1627795243752000,0,0.00319348,0.00354000
1627795439505000,1,2.75419400,0.00353592
1627795530260000,0,2.20000000,0.00354089
1627795530268000,0,16.84250000,0.00354135
1627795530308000,0,8.00365333,0.00354226
1627795530308000,0,16.84394667,0.00354227
1627795530333000,0,2.20000000,0.00354272
1627795530333000,0,17.80810000,0.00354297
1627795530379000,0,2.20008613,0.00354297
1627795530379000,0,52.01352636,0.00354410
1627795530379000,0,7.81738751,0.00354411
1627795574449000,1,0.08288900,0.00354583
1627795685294000,1,2.63565000,0.00353939
1627796021604000,1,1.39739800,0.00354649
1627796063053000,1,0.56811500,0.00354752
1627796175439000,1,0.44835500,0.00355050
1627796365846000,1,2.20000000,0.00355164
1627796365846000,1,0.26701000,0.00355163
1627796366048000,1,0.60616100,0.00355163
1627796460829000,1,0.39187500,0.00355145
1627796574222000,0,0.13591700,0.00355000
1627796680106000,1,0.15000000,0.00355062
1627796868130000,1,10.23313000,0.00354517
1627796974441000,1,7.00000000,0.00354747
1627797016715000,0,7.98631827,0.00355256
1627797017086000,0,9.95670000,0.00355357
1627797020457000,1,0.19245000,0.00355275
1627797038513000,0,11.55770000,0.00355572
1627797210185000,1,0.35000000,0.00355393
1627797492691000,1,2.69115600,0.00355445
1627797536808000,1,2.95683900,0.00355536
1627797552576000,1,0.10483800,0.00355536
1627797600175000,1,12.51230000,0.00355427
1627797665742000,1,0.69172000,0.00354597
1627797687757000,1,5.05409500,0.00354642
1627798794545000,0,6.64280000,0.00355095
1627799360353000,1,0.48724200,0.00355836
1627799370464000,1,0.14201600,0.00355702
1627799835836000,1,15.08570000,0.00355700
1627799852592000,1,0.00006643,0.00355700
1627799886045000,0,0.23081800,0.00355698
1627800042256000,0,0.58570971,0.00355312
1627800479676000,0,1.31770500,0.00356039
1627800487597000,0,0.11075800,0.00355926
1627800740657000,0,3.14200000,0.00355656
1627800740709000,0,7.99896135,0.00355744
1627800740709000,0,16.83063865,0.00355745
1627800740734000,0,19.99640000,0.00355824
1627800740756000,0,0.00006110,0.00355824
1627800740756000,0,9.98303890,0.00355883
1627800740920000,0,7.99780000,0.00355823
1627800853838000,1,1.95839200,0.00356163
1627801091641000,1,2.20000000,0.00356244
1627801091641000,1,0.55579000,0.00356243
1627801270039000,0,0.44154900,0.00356699
1627801993535000,0,10.00000000,0.00357110
1627802168605000,0,2.20000000,0.00356913
1627802168605000,0,15.43173100,0.00356914
1627802255310000,1,1.23592500,0.00356039
1627802454943000,0,3.94576300,0.00356066
1627802467940000,1,1.57325861,0.00355634
1627802508407000,0,10.00000000,0.00356164
1627802677572000,1,0.34397000,0.00355694
1627802694862000,1,0.25000000,0.00355712
1627802743900000,1,16.82126175,0.00355886
1627802743900000,1,2.20000000,0.00355847
1627802743900000,1,11.90419825,0.00355805
1627802763339000,0,3.38280000,0.00356000
1627802788517000,1,10.53939500,0.00355923
1627802795353000,0,0.00008200,0.00356000
1627803321972000,1,0.11611300,0.00355343
1627803552539000,1,0.67374000,0.00356169
1627803566769000,0,7.97534560,0.00356570
1627803566769000,0,1.72885440,0.00356571
1627803584451000,1,0.07010100,0.00356411
1627803859073000,1,0.15518400,0.00356545
1627803967131000,1,0.19580400,0.00356630
1627804185274000,1,1.25940000,0.00356255
1627804552889000,1,1.62545200,0.00355254
1627804747210000,0,7.13703875,0.00355156
1627804763203000,0,7.13773473,0.00355141
1627804817880000,1,72.00000000,0.00355140
1627804817979000,1,72.00000000,0.00355140
1627804824875000,1,145.00000000,0.00355140
1627804824933000,1,61.00000000,0.00355140
1627804824995000,1,24.00000000,0.00355140
1627804843066000,1,14.33034000,0.00355143
1627804860210000,1,0.17357000,0.00355140
1627804868579000,1,37.00000000,0.00355140
1627804872103000,1,3.09540000,0.00355140
1627804876477000,1,72.00000000,0.00355140
1627804876557000,1,72.00000000,0.00355140
1627804876599000,1,38.81736567,0.00355140
1627804892360000,0,0.09177310,0.00355074
1627804930781000,0,3.00000000,0.00355406
1627805228520000,1,0.44246400,0.00356259
1627805251589000,1,3.81088300,0.00356083
1627806874151000,0,18.00000000,0.00356266
1627806874151000,0,7.99017922,0.00356284
1627806874151000,0,18.00000000,0.00356285
1627806874151000,0,16.80255624,0.00356303
1627806874151000,0,19.97467450,0.00356365
1627806874151000,0,11.15645125,0.00356398
1627806937003000,1,2.20000000,0.00355893
1627806937003000,1,18.00000000,0.00355892
1627806937003000,1,16.80105118,0.00355838
1627806937003000,1,23.50800000,0.00355838
1627806937003000,1,16.79998000,0.00355740
1627806937003000,1,19.63100000,0.00355740
1627806937003000,1,0.35039270,0.00355655
1627807049383000,0,1.84504400,0.00355789
1627807734405000,1,1.68493400,0.00355339
1627808719847000,0,1.99900000,0.00355447
1627809627101000,1,0.06743600,0.00355016
1627809646253000,1,1.38561970,0.00354996
1627809733798000,0,2.87165300,0.00355442
1627809758966000,1,18.00000000,0.00355137
1627809758966000,1,23.48200000,0.00355137
1627809758966000,1,7.97125029,0.00355046
1627809758966000,1,17.95600000,0.00355045
1627809758966000,1,18.00000000,0.00355037
1627809758966000,1,0.51000000,0.00355021
1627809758966000,1,16.79771825,0.00355019
1627809758966000,1,169.49160000,0.00355000
1627809758966000,1,164.65430089,0.00355000
1627810425719000,1,17.23210000,0.00354762
1627810425799000,1,6.24690000,0.00354762
1627811191755000,1,16.78219000,0.00354829
1627811761060000,0,7.98430325,0.00355130
1627811761183000,0,19.95857663,0.00355211
1627811761213000,0,7.98374076,0.00355211
1627811761213000,0,21.86125924,0.00355216
1627811761237000,0,7.98383280,0.00355216
1627811761237000,0,43.90316720,0.00355299
1627811761272000,0,7.98386009,0.00355299
1627811761272000,0,0.40457700,0.00355300
1627812094346000,0,0.15665631,0.00355524
1627812259010000,0,18.00000000,0.00355411
1627812259010000,0,13.44962385,0.00355438
1627812259010000,0,7.98297533,0.00355528
1627812259010000,0,7.14634627,0.00355529
1627812408675000,0,1.00000000,0.00355538
1627812562195000,0,1.60087166,0.00355622
1627813194665000,0,0.84949800,0.00354171
1627813300981000,0,0.80965400,0.00354412
1627813438451000,0,0.26338492,0.00354590
1627814605143000,0,0.78030300,0.00353989
1627814684242000,0,0.22215700,0.00353917
1627815321394000,1,8.06490000,0.00353114
1627815321399000,1,0.00002146,0.00353114
1627815321399000,1,8.06427854,0.00353095
1627815321546000,1,0.00007253,0.00353095
1627815364286000,1,6.53000000,0.00353040
1627816614678000,0,0.06905022,0.00353986
1627816663776000,1,0.55548698,0.00354016
1627816871327000,0,3.73979900,0.00353984
1627816909306000,0,16.04624400,0.00353723
1627817103500000,0,1.49704720,0.00353567
1627817206491000,1,2.98823633,0.00353279
1627817413594000,0,5.04823300,0.00353750
1627817938517000,0,4.45084400,0.00354329
1627818460651000,1,1.25403600,0.00353610
1627819003354000,1,1.47886600,0.00353650
1627819874100000,0,8.89887900,0.00353968
1627819899416000,1,18.00000000,0.00353731
1627820603954000,0,0.11624900,0.00353634
1627820809591000,0,0.18613300,0.00353506
1627821514332000,0,0.45594400,0.00353374
1627821556837000,0,4.65352800,0.00353383
1627822944072000,0,23.81300000,0.00353175
1627823480012000,0,1.58160600,0.00353176
1627823526029000,1,2.20000000,0.00352911
1627824211958000,0,0.61386719,0.00351948
1627824211958000,0,0.17808781,0.00351949
1627824255819000,0,2.27636171,0.00351438
1627824427569000,0,18.00000000,0.00351322
1627824427569000,0,17.15696028,0.00351339
1627824427569000,0,12.28241072,0.00351339
1627825213870000,0,0.31818200,0.00351158
1627825382106000,0,0.47632100,0.00351161
1627825411430000,0,0.47057300,0.00351160
1627826594483000,0,0.09989000,0.00351804
1627826712724000,1,0.26434000,0.00351052
1627826856041000,0,0.41644800,0.00351442
1627826987177000,0,0.55702100,0.00351319
1627827092012000,1,2.20000000,0.00350792
1627827092012000,1,3.55141800,0.00350791
1627827165903000,0,1.13397000,0.00351045
1627827306558000,1,9.44820200,0.00351075
1627827762390000,1,24.02400000,0.00351032
1627827763161000,1,18.69217699,0.00350839
1627827826698000,0,0.07968300,0.00351545
1627827890474000,0,0.07051600,0.00351341
1627828054630000,0,12.93000000,0.00351341
1627828077215000,0,0.00450000,0.00351341
1627828230937000,0,0.47017200,0.00351589
1627828251625000,0,1.34816400,0.00351589
1627828294604000,0,0.15917400,0.00351558
1627828488812000,0,0.07968400,0.00351490
1627828521427000,0,0.08949400,0.00351300
1627828613676000,0,0.26973200,0.00351611
1627828918926000,0,3.99571400,0.00352422
1627829432064000,0,1.40519272,0.00352123
1627829492582000,0,0.15053500,0.00352218
1627829514119000,0,0.09735400,0.00352315
1627829522392000,0,1.59211500,0.00352315
1627830120012000,0,0.16723800,0.00351993
1627830226019000,0,1.00396000,0.00352054
1627830350402000,0,0.11724300,0.00352556
1627830375063000,0,18.00000000,0.00352627
1627830375063000,0,1.10603700,0.00352644
1627830638249000,0,0.17720100,0.00352990
1627830967583000,1,2.20000000,0.00352661
1627830967583000,1,18.00000000,0.00352660
1627830967583000,1,8.12830389,0.00352590
1627830967654000,0,1.42071809,0.00352590
1627831176479000,0,4.35713400,0.00352911
1627831397529000,0,1.10810600,0.00352877
1627831482130000,0,1.03184400,0.00353136
1627832343334000,1,1.65000000,0.00353030
1627833174249000,1,8.15050000,0.00353081
1627833174250000,1,9.01776411,0.00353081
1627833174265000,1,8.15058491,0.00353072
1627833174279000,1,72.00000000,0.00353000
1627833174292000,1,92.95710000,0.00353000
1627833174292000,1,72.00000000,0.00353000
1627833174455000,1,10.18750000,0.00352987
1627833174477000,1,10.18976422,0.00352987
1627833174549000,1,8.15000000,0.00352966
1627833174597000,0,8.15000818,0.00352988
1627833174679000,1,0.00000818,0.00352966
1627833175001000,1,20.37582226,0.00352868
1627833175001000,1,8.15000818,0.00352837
1627833175671000,1,3.43734079,0.00352310
1627833175691000,1,12.86580807,0.00352310
1627833175698000,1,1.69685114,0.00352310
1627833175698000,1,8.15000818,0.00352293
1627833175698000,1,8.15000818,0.00352293
1627833179575000,1,8.26805842,0.00351938
1627833255254000,0,17.18410000,0.00352934
1627833255255000,0,0.00007661,0.00352934
1627833255278000,0,24.02600000,0.00353007
1627833255294000,0,8.16320000,0.00353038
1627833255294000,0,9.02372395,0.00353038
1627833255306000,0,8.16328551,0.00353101
1627833255306000,0,2.20000000,0.00353107
1627833255306000,0,10.04411449,0.00353175
1627833255364000,0,10.36329462,0.00353175
1627833255364000,0,4.60850538,0.00353281
1627833255374000,0,39.09180000,0.00353281
1627833255389000,0,10.42910000,0.00353127
1627833255428000,0,11.04690000,0.00353127
1627833255428000,0,9.35335571,0.00353281
1627833255428000,0,10.42919107,0.00353298
1627833255484000,0,9.35330000,0.00353246
1627833255689000,0,8.16230000,0.00353245
1627833255692000,0,0.00004542,0.00353245
1627833255692000,0,20.40460244,0.00353245
1627833255692000,0,32.64275214,0.00353328
1627833255801000,0,8.15752872,0.00353328
1627833516106000,1,1.25696871,0.00353020
1627833808653000,0,24.01900000,0.00352977
1627834086048000,1,3.14941400,0.00353052
1627834094584000,1,17.17936812,0.00353125
1627834094584000,1,18.00000000,0.00353071
1627834094584000,1,12.90419288,0.00353040
1627834518997000,0,0.61763204,0.00352303
1627834528898000,0,0.46322403,0.00351970
1627834546958000,0,1.39037258,0.00351912
1627834607681000,0,0.90463800,0.00351772
1627834632748000,0,24.22100000,0.00351867
1627834635565000,0,0.51953900,0.00352345
1627834644213000,0,5.75202360,0.00352254
1627834677379000,1,20.37500000,0.00351350
1627834677379000,1,24.30500000,0.00351347
1627834677401000,1,17.36190000,0.00351289
1627834677430000,1,0.00004750,0.00351289
1627834677430000,1,8.26562981,0.00351175
1627834677430000,1,20.66627019,0.00351175
1627834677508000,1,0.00003743,0.00351175
1627834677508000,1,10.29272160,0.00351153
1627834677508000,1,3.44894097,0.00351131
1627834679630000,0,0.46392452,0.00350712
1627834680581000,0,2.20000000,0.00350704
1627834680896000,0,20.87700000,0.00350957
1627834681102000,0,8.28080000,0.00351125
1627834842000000,1,0.08047100,0.00352000
1627834881688000,1,0.18736845,0.00351424
1627836591618000,0,2.20000000,0.00352437
1627837021607000,0,21.52900000,0.00352303
1627837021608000,0,17.19550000,0.00352339
1627837021609000,0,0.00007166,0.00352339
1627837021609000,0,8.17032834,0.00352398
1627837021610000,0,0.00007706,0.00352398
1627837021621000,0,0.51000000,0.00352435
1627837021621000,0,2.20000000,0.00352473
1627837021621000,0,20.42520624,0.00352488
1627837021621000,0,14.47839376,0.00352489
1627837021647000,0,2.71009711,0.00352489
1627837021647000,0,7.55660289,0.00352549
1627837021710000,0,2.71000000,0.00352444
1627837021711000,0,2.20000000,0.00352444
1627837021752000,0,53.09614187,0.00352672
1627837021849000,0,10.22330000,0.00352562
1627837021887000,0,21.52900000,0.00352421
1627837021887000,0,8.17040540,0.00352443
1627837021887000,0,20.42520624,0.00352443
1627837021937000,0,4.77670000,0.00352562
1627837021937000,0,19.24630000,0.00352695
1627837022016000,0,4.77670000,0.00352695
1627837022176000,0,10.22332952,0.00352740
1627837022176000,0,11.30567048,0.00353032
1627837029887000,0,0.11200000,0.00353618
1627837032569000,1,18.00000000,0.00353854
1627837032569000,1,2.20000000,0.00353837
1627837032569000,1,14.86746330,0.00353836
1627837032598000,0,0.08483540,0.00353954
1627837032598000,0,47.70316460,0.00353981
1627837036425000,1,2.20000000,0.00354006
1627837036425000,1,8.11970000,0.00354005
1627837036489000,1,0.00009216,0.00354005
1627837036504000,1,2.20000000,0.00353976
1627837036504000,1,5.66770000,0.00353913
1627837036605000,0,1.74000000,0.00354005
1627837036611000,0,6.37969784,0.00354005
1627837036669000,1,14.63257572,0.00353913
1627837036946000,1,8.11979216,0.00353682
1627837036946000,1,52.78666104,0.00353681
1627837036946000,1,8.11979216,0.00353681
1627837036946000,1,2.97375464,0.00353681
1627837037001000,1,16.33024536,0.00353681
1627837037281000,1,19.30400000,0.00353522
1627837159372000,1,0.18471900,0.00353183
1627837497718000,0,17.92400000,0.00353978
1627837641328000,1,1.49900000,0.00354284
1627837669506000,1,2.20000000,0.00354468
1627837669506000,1,4.96340322,0.00354467
1627837672279000,1,1.00795900,0.00354469
1627837693993000,1,1.04812600,0.00354278
1627838201958000,0,1.02575300,0.00353421
1627838469242000,1,0.50000000,0.00352826
1627838469484000,1,0.54897500,0.00352827
1627838534855000,1,0.23130000,0.00352867
1627838748186000,0,1.97896100,0.00353342
1627839264286000,1,4.87696600,0.00352910
1627839964772000,0,24.19600000,0.00352880
1627840302744000,1,4.39290000,0.00352136
1627840365809000,1,2.88693200,0.00352133
1627840719971000,0,2.85169700,0.00351546
1627840875912000,1,1.60737400,0.00351077
1627840939189000,1,5.29508700,0.00351184
1627841107212000,1,3.53713600,0.00351413
1627841383624000,0,3.16109300,0.00351929
1627841390542000,0,4.11388300,0.00351929
1627841681972000,1,7.40176700,0.00351516
1627841697075000,1,1.91411800,0.00351640
1627841844842000,0,4.47422977,0.00351719
1627842341122000,0,18.25280000,0.00352000
1627842462683000,1,18.00000000,0.00351692
1627842462683000,1,0.25286900,0.00351676
1627842552244000,0,3.52000000,0.00351800
1627842552304000,0,0.00884100,0.00351800
1627842815058000,1,24.11100000,0.00352255
1627842834141000,0,0.37000000,0.00352000
1627842834156000,0,0.00506000,0.00352000
1627843627893000,1,18.00000000,0.00351925
1627843627893000,1,24.13300000,0.00351925
1627843627893000,1,18.00000000,0.00351907
1627843627893000,1,1.06109566,0.00351876
1627844067315000,0,5.65807100,0.00352236
1627844124719000,0,1.80318400,0.00352238
1627844159994000,0,9.22000000,0.00352109
1627844394875000,1,0.36807135,0.00352316
1627844429830000,0,1.00086800,0.00352862
1627844434076000,0,0.33795035,0.00352746
1627844580231000,1,8.12609000,0.00352097
1627844588440000,0,0.89947400,0.00352291
1627844773204000,0,1.40872500,0.00352241
1627845345397000,0,8.27510000,0.00351653
1627845345413000,0,10.49630000,0.00351499
1627845345461000,0,13.87770000,0.00351499
1627845345461000,0,0.00009861,0.00351653
1627845345461000,0,20.68723178,0.00351720
1627845345461000,0,2.20000000,0.00351730
1627845345813000,0,8.27460000,0.00351715
1627845346005000,0,0.00000991,0.00351715
1627845346725000,0,48.00000000,0.00351980
1627845409183000,1,0.80484000,0.00351927
1627845464259000,0,0.48000000,0.00352908
1627845464259000,0,8.26018895,0.00352962
1627845464259000,0,20.65703324,0.00352979
1627845464259000,0,53.70272704,0.00352979
1627845464259000,0,0.51000000,0.00352980
1627845464332000,1,20.84300000,0.00353000
1627845464346000,0,10.32680000,0.00353025
1627845464352000,0,0.00002484,0.00353025
1627845464352000,0,2.20000000,0.00353028
1627845464352000,0,15.19067516,0.00353051
1627845464370000,1,56.43685077,0.00353000
1627845464469000,0,2.20000000,0.00353025
1627845464472000,0,18.45703324,0.00353025
1627845464472000,0,5.86896676,0.00353025
1627845464512000,0,47.83367152,0.00353025
1627845464512000,0,8.26018895,0.00353025
1627845464880000,0,15.00000000,0.00353423
1627845465463000,1,2.20000000,0.00353593
1627845465463000,1,2.80000000,0.00353592
1627845471463000,1,2.20000000,0.00353717
1627845471768000,1,33.00860000,0.00353670
1627845471786000,1,17.99140000,0.00353670
1627845477865000,1,2.20000000,0.00353381
1627845477891000,1,41.00000000,0.00353330
1627845478025000,1,2.20000000,0.00353261
1627845478037000,1,22.02800000,0.00353261
1627845753911000,0,4.51850300,0.00353216
1627846107559000,0,2.20000000,0.00352069
1627846107559000,0,5.14605900,0.00352070
1627846459691000,0,2.20000000,0.00352296
1627846459691000,0,18.00000000,0.00352297
1627846482325000,1,2.68962300,0.00351803
1627846567139000,0,5.22711600,0.00352060
1627847150052000,1,2.20000000,0.00352373
1627847150052000,1,0.48000000,0.00352372
1627847150052000,1,1.99121100,0.00352329
1627847373094000,0,0.40000000,0.00352000
1627847384237000,0,0.00888300,0.00352000
1627847404309000,1,1.07399500,0.00352264
1627847834446000,0,2.20000000,0.00353354
1627847834446000,0,0.08481589,0.00353355
1627847834446000,0,1.86457911,0.00353357
1627847914590000,0,0.17151500,0.00353000
1627848052154000,1,0.80618900,0.00352823
1627848058787000,1,1.39381100,0.00352823
1627848058787000,1,17.12934807,0.00352822
1627848058787000,1,17.69700000,0.00352752
1627848058787000,1,8.13507112,0.00352726
1627848058787000,1,0.49000000,0.00352725
1627848058787000,1,17.13231341,0.00352724
1627848058787000,1,20.33570111,0.00352638
1627848058787000,1,23.95000000,0.00352637
1627848058787000,1,55.00000000,0.00352625
1627848058787000,1,10.39208997,0.00352623
1627848058787000,1,4.84479329,0.00352600
1627848149655000,1,1.90403600,0.00352424
1627848193988000,0,8.12560000,0.00353040
1627848194016000,0,0.00005454,0.00353040
1627848194130000,0,23.94090000,0.00353182
1627848194233000,0,28.86767089,0.00353182
1627848194233000,0,20.31312911,0.00353182
1627848195459000,0,1.32000000,0.00353516
1627848195478000,0,2.05824000,0.00353516
1627848195541000,0,2.94819247,0.00353516
1627848195881000,0,1.44980780,0.00353516
1627848408258000,1,1.45731200,0.00353085
1627848787973000,1,1.19438700,0.00354547
1627848875470000,1,2.69448000,0.00354850
1627848875568000,1,8.05560000,0.00354735
1627848875657000,1,23.72100000,0.00354800
1627848926173000,1,5.99999999,0.00354512
1627848926199000,1,12.00000001,0.00354512
1627848926199000,1,31.22954681,0.00354512
1627848926215000,1,0.78394911,0.00354512
1627849139598000,1,0.07284600,0.00354756
1627849265447000,1,0.40882100,0.00355288
1627849563679000,0,1.57581600,0.00355652
1627849618312000,1,8.08000000,0.00355005
1627849690805000,1,1.95581400,0.00355349
1627849738683000,0,0.79687085,0.00355535
1627849943139000,1,2.20000000,0.00354440
1627849943169000,1,20.77100000,0.00354329
1627849943173000,1,10.27010000,0.00354312
1627849943176000,1,0.00007318,0.00354312
1627849943176000,1,8.10315884,0.00354284
1627849943264000,1,2.20000000,0.00354334
1627849943264000,1,10.23031182,0.00354250
1627849943716000,1,10.74020000,0.00354066
1627849944653000,0,2.20000000,0.00354014
1627849944653000,0,0.48000000,0.00354015
1627849944653000,0,4.43322915,0.00354048
1627849945449000,0,2.20000000,0.00354050
1627849989744000,0,2.20000000,0.00354256
1627849989744000,0,0.29520035,0.00354257
1627850090528000,0,5.17112000,0.00354092
1627850193980000,1,2.20000000,0.00353797
1627850193980000,1,8.06268900,0.00353796
1627850234575000,0,2.20000000,0.00354228
1627850234575000,0,0.24127600,0.00354229
1627850399795000,1,2.20000000,0.00353770
1627850399795000,1,5.09790000,0.00353769
1627850471273000,1,17.14421469,0.00353825
1627850471293000,1,17.16240000,0.00353717
1627850471317000,1,2.20000000,0.00353752
1627850471317000,1,0.00008471,0.00353717
1627850471317000,1,5.94581529,0.00353699
1627850471379000,1,2.20010000,0.00353699
1627850471393000,1,0.00006499,0.00353699
1627850471393000,1,20.31993501,0.00353662
1627850471433000,1,0.00006499,0.00353662
1627850471433000,1,20.35703501,0.00353574
1627850471498000,1,0.00014445,0.00353574
1627850609915000,1,1.63862500,0.00353650
1627850626419000,1,17.15000000,0.00353735
1627850626470000,1,0.00119869,0.00353735
1627850630414000,1,17.15000000,0.00353735
1627850631586000,1,0.00119869,0.00353735
1627850631586000,1,17.14880131,0.00353735
1627850631640000,1,0.00239738,0.00353735
1627850865691000,0,2.20000000,0.00354028
1627850865691000,0,5.35359400,0.00354029
1627851337157000,1,0.53182000,0.00353796
1627851512419000,1,1.54743600,0.00353970
1627851534327000,1,1.90848400,0.00354157
1627851789083000,1,4.65723200,0.00354584
1627851918010000,1,0.76139200,0.00354790
1627852045632000,1,1.01057500,0.00354526
1627852798467000,0,0.25678984,0.00355570
1627852841713000,1,8.71430000,0.00355237
1627852881081000,1,2.14821200,0.00355274
1627853305904000,0,1.58652600,0.00355078
1627854116305000,1,0.08411900,0.00355496
1627854366114000,1,2.30388500,0.00354812
1627855669593000,1,3.06342400,0.00356056
1627856784841000,1,0.50000000,0.00354718
1627856784841000,1,0.46511300,0.00354647
1627856895088000,1,2.24900800,0.00355635
1627857033322000,0,8.24067161,0.00355912
1627857093310000,1,0.49000000,0.00356131
1627857093310000,1,24.33300000,0.00356107
1627857093310000,1,18.28000000,0.00356057
1627857093310000,1,8.26604616,0.00356003
1627857229443000,1,0.10978000,0.00355662
1627857250871000,0,0.19528400,0.00355900
1627857400670000,1,8.27184159,0.00355576
1627857449403000,1,1.51083200,0.00355638
1627857705879000,1,8.30088336,0.00355633
1627857705879000,1,16.21411664,0.00355632
1627857706217000,0,18.00000000,0.00355614
1627858186208000,1,0.08357000,0.00355358
1627858522200000,1,0.86545900,0.00354959
1627858543969000,1,0.89746600,0.00355115
1627858747440000,1,24.46000000,0.00354724
1627859007334000,0,17.44600000,0.00355250
1627859265505000,0,2.20000000,0.00355303
1627859265505000,0,0.06854500,0.00355304
1627859345750000,0,2.98193000,0.00355304
1627859677683000,0,0.00000518,0.00355304
1627859696295000,0,0.92001700,0.00355428
1627859730798000,0,0.96630300,0.00355265
1627860059464000,0,8.09545800,0.00354995
1627860105686000,1,17.94700000,0.00354625
1627860105686000,1,6.54300000,0.00354581
1627860347816000,1,34.19118000,0.00353561
1627860348761000,1,0.00000380,0.00353561
1627860360534000,1,18.00000000,0.00352176
1627860360534000,1,10.56925725,0.00351974
1627860360534000,1,57.00000000,0.00351880
1627860360534000,1,20.94710182,0.00351824
1627860360534000,1,2.20000000,0.00351824
1627860360534000,1,54.45298775,0.00351705
1627860360534000,1,17.68608690,0.00351699
1627860360534000,1,55.00000000,0.00351550
1627860360534000,1,6.14356628,0.00351455
1627860374592000,0,1.82577715,0.00351263
1627860375031000,0,0.41668389,0.00351196
1627860375815000,1,18.00000000,0.00350702
1627860375963000,0,2.20000000,0.00351042
1627860375963000,0,10.67330501,0.00351043
1627860378742000,0,0.64365024,0.00350518
1627860380020000,0,2.20000000,0.00350516
1627860380036000,0,0.49000000,0.00350517
1627860380036000,0,24.58800000,0.00350553
1627860380261000,0,0.49000000,0.00350553
1627860380261000,0,18.37000000,0.00350623
1627860397261000,0,24.44053000,0.00352810
1627860527750000,1,10.97346000,0.00349875
1627860574273000,0,18.00000000,0.00352212
1627860622499000,1,0.16613737,0.00351592
1627860846214000,1,18.00000000,0.00352080
1627860913471000,0,0.61584500,0.00352736
1627861041653000,0,18.00000000,0.00351675
1627861064696000,0,7.16670000,0.00352097
1627861209011000,0,0.43542100,0.00352352
1627861793074000,0,18.00000000,0.00352714
1627861793074000,0,2.20000000,0.00352733
1627861793074000,0,12.70210300,0.00352750
1627862462287000,0,1.82789500,0.00351931
1627862613155000,0,0.58032400,0.00351907
1627862957836000,1,1.00000000,0.00352399
1627863085747000,0,0.48331500,0.00352622
1627863168009000,0,0.35515900,0.00352309
1627863859828000,1,2.17585600,0.00352754
1627863926310000,1,1.43000000,0.00353000
1627863926427000,1,0.00754800,0.00353000
1627863994984000,1,5.19339400,0.00352122
1627864027325000,0,2.92668500,0.00352611
1627864719792000,0,5.30450600,0.00352452
1627865607612000,0,2.43488900,0.00352782
1627866337138000,1,5.13078000,0.00354000
1627866363187000,1,0.00000800,0.00354000
1627866394013000,1,1.71239000,0.00353657
1627867341950000,1,18.00000000,0.00352977
1627867341950000,1,2.00000000,0.00352946
1627867452936000,0,10.94612700,0.00353472
1627868024585000,0,6.17607400,0.00352784
1627868135566000,0,4.65141900,0.00352866
1627869351155000,1,25.00800000,0.00352747
1627869555615000,0,8.48900000,0.00352703
1627869555696000,0,8.48786939,0.00352737
1627869803549000,0,1.98285900,0.00353235
1627869808984000,1,1.84089989,0.00352969
1627869869009000,0,0.66893500,0.00353328
1627870488278000,0,0.46561900,0.00353985
1627870799326000,1,34.53400000,0.00354381
1627871511693000,0,18.00000000,0.00353660
1627871517196000,0,18.00000000,0.00353665
1627872180586000,1,3.63671000,0.00353982
1627872288976000,0,4.10780800,0.00354247
1627872484317000,0,3.12177500,0.00354144
1627873042052000,1,2.82769600,0.00353582
1627873099675000,1,5.13658700,0.00353422
1627873103462000,1,4.69885000,0.00353382
1627873169179000,0,24.78800000,0.00353871
1627873184744000,0,24.81100000,0.00354139
1627873229330000,1,5.04293900,0.00353740
1627873402150000,0,18.00000000,0.00353627
1627873402150000,0,17.73785794,0.00353674
1627873402150000,0,2.72813006,0.00353696
1627873924474000,0,17.75803660,0.00353815
1627873924474000,0,11.07716340,0.00353815
1627873924564000,0,8.42245241,0.00353903
1627874005158000,1,0.58000000,0.00353903
1627874249436000,1,0.08168400,0.00353940
1627874511927000,1,3.81561600,0.00354294
1627874790610000,1,3.02850800,0.00354578
1627875366509000,1,0.96208700,0.00354750
1627876014419000,1,1.00000000,0.00354594
1627876265128000,1,1.34000000,0.00354594
1627876303533000,1,2.20000000,0.00354654
1627876303533000,1,1.81946100,0.00354653
1627876310935000,1,0.57549800,0.00354654
1627876365486000,1,0.09591100,0.00354756
1627876857564000,0,0.17372700,0.00355000
1627876998642000,1,1.65663600,0.00355041
1627877455461000,1,2.20000000,0.00355103
1627877455461000,1,0.32663600,0.00355102
1627877536508000,1,1.81985600,0.00355216
1627878206855000,1,1.70084400,0.00355419
1627878254669000,0,0.67929700,0.00355600
1627878362837000,1,2.20000000,0.00355830
1627878362837000,1,3.85000000,0.00355829
1627878535657000,1,0.62907500,0.00355868
1627878738135000,0,0.06115200,0.00356044
1627878904558000,1,2.48665600,0.00355812
1627878958957000,1,8.37860000,0.00355833
1627879065542000,1,18.00000000,0.00355707
1627879065542000,1,0.34223251,0.00355689
1627879713549000,1,0.54478300,0.00355741
1627880019959000,0,2.45812300,0.00356101
1627880480502000,0,76.32780000,0.00356042
1627880480548000,0,72.00000000,0.00356042
1627880480557000,0,39.33148254,0.00356042
1627880528773000,0,0.17088700,0.00356200
1627880554257000,1,0.87512200,0.00356300
1627880639610000,1,0.49544000,0.00356327
1627880788501000,1,0.77393200,0.00356659
1627880874827000,1,2.63493600,0.00356659
1627881236653000,1,2.30722500,0.00356672
1627881432645000,1,10.12109800,0.00356664
1627881625177000,1,18.00000000,0.00356683
1627881625177000,1,39.03400000,0.00356683
1627881625177000,1,12.85081600,0.00356667
1627881646904000,1,2.63585600,0.00356683
1627882304543000,0,1.63375500,0.00356883
1627882753642000,1,2.48360300,0.00356968
1627882984696000,0,18.00000000,0.00356948
1627882984696000,0,36.84000000,0.00356966
1627883121979000,1,2.20000000,0.00356953
1627883121979000,1,2.39439200,0.00356952
1627883239713000,0,0.40000000,0.00357210
1627883239805000,0,0.00182900,0.00357210
1627883271039000,0,0.40772400,0.00357395
1627883506174000,1,0.84651500,0.00357162
1627883529136000,1,1.45190700,0.00357162
1627883529246000,0,0.21197200,0.00357428
1627883657760000,0,0.97838200,0.00357453
1627883745780000,0,0.88432800,0.00357381
1627883789145000,1,1.36948000,0.00357215
1627883915464000,1,2.10070000,0.00357283
1627884283998000,1,4.46511200,0.00357288
1627884323338000,1,11.01858400,0.00357126
1627884739802000,0,18.00000000,0.00358094
1627884739802000,0,5.93419700,0.00358112
1627884774976000,1,2.20000000,0.00357579
1627884774976000,1,2.57092300,0.00357578
1627884888478000,1,0.76555600,0.00357760
1627884888678000,1,0.16800000,0.00357760
1627884943479000,1,0.13419700,0.00357950
1627884996694000,1,3.31618100,0.00358078
1627885018818000,1,5.56816700,0.00358078
1627885027943000,1,0.94266500,0.00358078
1627885103919000,1,0.32670100,0.00358264
1627885251142000,1,0.22353600,0.00358465
1627885316231000,1,1.46906800,0.00358388
1627885420215000,1,1.92797900,0.00358298
1627885550749000,1,2.20000000,0.00358548
1627885550749000,1,1.41385800,0.00358547
1627885991947000,0,8.33150000,0.00359011
1627885991972000,0,0.00007678,0.00359011
1627885992046000,0,20.82810000,0.00359107
1627885992199000,1,2.20000000,0.00358964
1627885992199000,1,18.00000000,0.00358963
1627886087872000,1,2.20000000,0.00359497
1627886087872000,1,18.00000000,0.00359496
1627886087872000,1,8.30313784,0.00359479
1627886087872000,1,17.49769008,0.00359478
1627886087872000,1,11.29078310,0.00359478
1627886387705000,1,24.46600000,0.00359554
1627886388348000,1,8.29991146,0.00359364
1627886388348000,1,24.46898854,0.00359363
1627886463520000,1,1.25288600,0.00359799
1627886552100000,1,0.64963100,0.00360264
1627886575412000,1,4.12747200,0.00360194
1627886674947000,1,2.50000000,0.00359998
1627886748057000,1,7.10082178,0.00360770
1627886775519000,1,2.20000000,0.00360334
1627886775519000,1,0.12217300,0.00360333
1627886922412000,1,3.13537000,0.00360197
1627886931736000,1,1.20630700,0.00360197
1627886944669000,1,2.30714000,0.00360355
1627887074050000,1,4.22195600,0.00359869
1627887278466000,1,0.06648600,0.00359538
1627887331855000,1,0.33391300,0.00359935
1627887533852000,1,2.16170500,0.00360597
1627887898026000,1,1.75171400,0.00360487
1627888155183000,1,2.20000000,0.00360732
1627888155183000,1,4.90148986,0.00360731
1627888330085000,0,1.07237200,0.00361000
1627888332729000,1,2.47260000,0.00361039
1627888502071000,1,5.44872600,0.00360948
1627888601208000,0,2.20000000,0.00361563
1627888636816000,0,9.05039400,0.00361583
1627889035555000,1,0.06979046,0.00361528
1627889067252000,0,1.34641100,0.00361495
1627889249969000,0,2.20000000,0.00361238
1627889249969000,0,2.23987594,0.00361239
1627889369146000,1,0.07895522,0.00361163
1627889728481000,0,1.64399700,0.00361469
1627889751161000,0,1.04991600,0.00361555
1627890184909000,0,2.32122200,0.00361309
1627890206409000,1,24.17500000,0.00360927
1627890206426000,1,17.26370000,0.00360916
1627890406955000,0,17.25612641,0.00361000
1627890407346000,0,0.80000000,0.00361000
1627890409194000,0,0.00064559,0.00361000
1627890436144000,0,6.78540100,0.00361417
1627890690821000,0,2.30120600,0.00361774
1627891129449000,0,5.65320200,0.00361438
1627891172321000,0,9.04609400,0.00361403
1627891319118000,1,18.00000000,0.00361226
1627891319118000,1,1.99999300,0.00361208
1627891557304000,0,0.68635400,0.00361014
1627892082357000,1,17.33000000,0.00360950
1627892344971000,0,18.00000000,0.00361431
1627892344971000,0,3.96066100,0.00361449
1627892394756000,1,6.05272800,0.00360779
1627892620227000,1,10.38000000,0.00361000
1627892620247000,1,0.00740800,0.00361000
1627892737115000,0,0.54804189,0.00361143
1627892798590000,1,0.54804189,0.00360839
1627892942122000,1,2.17760000,0.00361276
1627893106869000,0,18.00000000,0.00362230
1627893106869000,0,17.38597185,0.00362267
1627893106869000,0,7.94210463,0.00362309
1627893712660000,1,0.88082600,0.00362302
1627893778255000,1,5.16697900,0.00362178
1627894300718000,0,18.00000000,0.00362717
1627894300718000,0,16.70090822,0.00362735
1627894481747000,1,1.24074500,0.00362406
1627894686745000,1,1.83239677,0.00362966
1627894930210000,1,1.69985100,0.00363726
1627894985753000,1,2.20000000,0.00363207
1627894985753000,1,2.45141900,0.00363206
1627895326341000,1,0.64314000,0.00364022
1627895343515000,0,8.24648840,0.00364912
1627895343515000,0,24.28900000,0.00364976
1627895343515000,0,10.41868208,0.00364992
1627895343515000,0,20.61543132,0.00364999
1627895343515000,0,4.50000000,0.00365000
1627895408082000,0,19.04320000,0.00365000
1627895412253000,0,0.00007600,0.00365000
1627895469720000,1,2.99477800,0.00364653
1627895555151000,0,8.24340000,0.00364813
1627895756759000,1,0.96871900,0.00364810
1627896027094000,1,12.32408000,0.00364865
1627896108065000,1,1.46035000,0.00364739
1627896537417000,1,24.22500000,0.00364951
1627896586119000,1,2.27540000,0.00365000
1627896586189000,1,0.00001500,0.00365000
1627896653986000,1,1.66993600,0.00364761
1627896697231000,0,9.07680800,0.00365284
1627896771219000,0,18.00000000,0.00365189
1627896771219000,0,17.33943787,0.00365207
1627896771219000,0,2.20000000,0.00365225
1627896771219000,0,2.46056213,0.00365264
1627896897768000,0,0.12467000,0.00364900
1627897046902000,1,1.21920000,0.00364905
1627897087048000,1,2.33029200,0.00364887
1627897319023000,1,8.85324600,0.00364836
1627897486635000,1,1.01309600,0.00364747
1627897883149000,0,0.47684451,0.00365383
1627897900018000,1,2.20000000,0.00364927
1627897900018000,1,3.44503300,0.00364926
1627898340594000,1,2.20000000,0.00364715
1627898340594000,1,8.04676000,0.00364714
1627898467132000,1,2.20000000,0.00364444
1627898467132000,1,18.00000000,0.00364443
1627898467132000,1,10.38330800,0.00364443
1627898635155000,1,8.79840000,0.00364051
1627898635175000,1,15.46560000,0.00364051
1627900139812000,0,18.00000000,0.00364193
1627900139812000,0,2.39646300,0.00364229
1627900217034000,1,18.00000000,0.00363798
1627900217034000,1,17.33040855,0.00363779
1627900832337000,0,6.85180200,0.00363928
1627901569805000,0,1.73930000,0.00363400
1627901698685000,0,0.00007200,0.00363400
1627901747659000,1,0.64815600,0.00363729
1627901795821000,1,24.21500000,0.00363729
1627901795821000,1,1.88841500,0.00363696
1627901817004000,1,24.18700000,0.00363548
1627901817004000,1,1.92871400,0.00363531
1627901858754000,1,2.20000000,0.00363643
1627901858754000,1,18.00000000,0.00363642
1627901858754000,1,0.76693100,0.00363630
1627901960426000,1,7.13085400,0.00363662
1627902751787000,1,0.14089995,0.00363115
1627903069623000,1,2.66259585,0.00363126
1627903275062000,0,12.83995000,0.00363468
1627903298816000,0,5.16005000,0.00363468
1627903298816000,0,3.21369200,0.00363591
1627904193480000,1,2.20000000,0.00363282
1627904193480000,1,0.21284000,0.00363196
1627904248810000,0,18.00000000,0.00363611
1627904248810000,0,4.05963060,0.00363629
1627904610739000,1,1.00005900,0.00363022
1627904759743000,1,0.77290900,0.00363106
1627904784105000,1,1.91293600,0.00363113
1627904873569000,1,2.20000000,0.00363114
1627904873569000,1,0.69760900,0.00363113
1627904894118000,1,4.44305500,0.00363185
1627904907899000,0,18.00000000,0.00363494
1627904907899000,0,13.23747900,0.00363512
1627904990129000,1,0.84339900,0.00362988
1627905115331000,0,0.10224400,0.00364589
1627905157788000,0,2.02851000,0.00364744
1627905266283000,1,0.34933600,0.00364043
1627905341964000,0,8.25000000,0.00364544
1627905341993000,0,0.00003924,0.00364544
1627905342034000,0,20.62430000,0.00364604
1627905342056000,0,0.43670000,0.00364604
1627905342056000,0,9.81390000,0.00364654
1627905342082000,0,10.81040711,0.00364654
1627905342082000,0,10.13199289,0.00364663
1627905347914000,1,2.99046000,0.00365000
1627905888107000,0,3.00000000,0.00365500
1627905917938000,1,0.63165900,0.00365242
1627905922797000,0,2.20000000,0.00365522
1627905922797000,0,1.83638500,0.00365523
1627905982568000,1,0.72554100,0.00365003
1627906011475000,0,2.87380400,0.00365311
1627906074273000,1,2.37797300,0.00364832
1627906197705000,1,1.02386700,0.00364661
1627906245581000,1,1.16918800,0.00364447
1627906257324000,1,1.53800000,0.00364447
1627906263913000,1,3.90082600,0.00364351
1627906270179000,1,2.20000000,0.00364258
1627906270179000,1,1.83638500,0.00364257
1627906314362000,0,18.00000000,0.00364680
1627906314362000,0,2.00000000,0.00364698
1627906349029000,1,1.20599500,0.00364016
1627906378285000,1,24.46100000,0.00365088
1627906381190000,1,0.49000000,0.00364875
1627906381190000,1,23.95000000,0.00364831
1627906381191000,1,0.49000000,0.00364831
1627906381191000,1,7.75590000,0.00364800
1627906381294000,1,0.49007661,0.00364800
1627906381294000,1,0.49000000,0.00364799
1627906381391000,1,20.60860000,0.00364672
1627906381556000,1,8.24541190,0.00364672
1627906486300000,1,3.19220700,0.00363411
1627907161725000,1,3.86000000,0.00363380
1627907254633000,0,8.34480946,0.00363466
1627907254633000,0,2.28384754,0.00363558
1627907388211000,0,3.57672000,0.00363000
1627907475420000,1,48.00000000,0.00362930
1627907475441000,1,8.35910000,0.00362882
1627907525499000,0,6.99730000,0.00363091
1627907651101000,0,6.99205200,0.00363020
1627907714461000,0,8.35332158,0.00363520
1627907714527000,0,20.88250000,0.00363597
1627907714549000,0,0.00000517,0.00363597
1627907714606000,0,7.01820000,0.00363685
1627907714694000,0,8.35330000,0.00363639
1627907714700000,0,0.00002158,0.00363639
1627907714864000,0,8.35100000,0.00363596
1627907752881000,1,24.59200000,0.00363352
1627907760321000,1,5.66313214,0.00362894
1627907782118000,0,2.20000000,0.00363235
1627907782118000,0,5.72503700,0.00363236
1627908039193000,1,0.69167179,0.00362695
1627908045069000,1,2.76349900,0.00362600
1627908457807000,1,0.50759200,0.00362833
1627908603106000,1,0.34500000,0.00363329
1627908882369000,1,2.20000000,0.00363610
1627908882369000,1,17.45731344,0.00363609
1627909531293000,0,18.00000000,0.00364839
1627909531293000,0,8.30286657,0.00364894
1627909531293000,0,16.71821443,0.00364895
1627909780690000,1,2.19097400,0.00364430
1627910227822000,0,2.20000000,0.00364475
1627910227822000,0,1.04056100,0.00364476
1627910358032000,1,1.34500300,0.00364013
1627910875012000,1,2.20000000,0.00363742
1627910875012000,1,18.00000000,0.00363741
1627910875012000,1,0.06820000,0.00363703
1627911367357000,1,3.20510000,0.00363610
1627911367365000,1,30.04490000,0.00363610
1627911367365000,1,24.42100000,0.00363610
1627911789052000,1,0.14660900,0.00363706
1627911860617000,1,0.16211000,0.00363756
1627911873448000,1,0.33458800,0.00363756
1627911954372000,1,2.20000000,0.00363622
1627911954372000,1,1.73727500,0.00363494
1627912064451000,1,1.06303900,0.00363629
1627912725717000,1,1.06300000,0.00364124
1627912911552000,1,6.19205000,0.00364169
1627913066620000,1,1.01459200,0.00364037
1627913162568000,0,0.67000000,0.00364100
1627913162620000,0,0.00730400,0.00364100
1627913300184000,1,1.17225600,0.00363685
1627913345400000,1,0.72387200,0.00363785
1627913408199000,1,0.74048800,0.00363733
1627914421116000,0,0.81434400,0.00363193
1627914555015000,1,18.00000000,0.00362829
1627914820585000,0,72.00000000,0.00363397
1627914995328000,0,4.58416600,0.00363699
1627915021105000,1,3.29362700,0.00363445
1627915043012000,1,2.20000000,0.00363537
1627915043012000,1,1.71404000,0.00363517
1627915353716000,0,19.26000000,0.00363837
1627915411332000,1,1.62896400,0.00363438
1627915607603000,1,2.20000000,0.00363460
1627915607603000,1,3.34722800,0.00363459
1627915623335000,1,3.34722000,0.00363460
1627915623335000,1,6.31598600,0.00363459
1627916449695000,0,1.92000000,0.00363600
1627916646148000,0,1.00000000,0.00363000
1627916646236000,0,0.00512800,0.00363000
1627917242681000,0,0.34826500,0.00362700
1627917286338000,1,0.09191400,0.00362926
1627917305285000,0,20.54100000,0.00363057
1627917305285000,0,24.24500000,0.00363057
1627917305285000,0,8.22432041,0.00363110
1627917305285000,0,17.31041365,0.00363125
1627917305285000,0,29.87926594,0.00363188
1627918082683000,1,17.35000000,0.00362127
1627918082734000,1,0.00578527,0.00362127
1627918084200000,1,17.35000000,0.00362127
1627918086199000,1,0.00578527,0.00362127
1627918086199000,1,17.35421473,0.00362127
1627918088206000,1,0.00157054,0.00362127
1627918088206000,1,17.34842946,0.00362127
1627919148260000,1,5.51000000,0.00361663
1627919148303000,1,4.59000000,0.00361663
1627919152184000,1,7.90000000,0.00361663
1627919152731000,1,18.00000000,0.00361665
1627919224643000,1,18.00000000,0.00361669
1627919228078000,1,18.00000000,0.00361672
1627919231545000,1,18.00000000,0.00361673
1627919232336000,1,18.00000000,0.00361676
1627919250213000,1,18.00000000,0.00361666
1627919454935000,1,17.38000000,0.00361668
1627919655264000,0,0.17968800,0.00361880
1627919768302000,0,0.74000000,0.00361900
1627919776616000,0,0.00868900,0.00361900
1627919881234000,0,2.91129700,0.00362070
1627920004315000,1,17.39000000,0.00361758
1627920155215000,0,0.14632300,0.00362127
1627920157463000,0,24.34700000,0.00362248
1627920224724000,0,4.59535900,0.00362442
1627920383085000,1,16.79759000,0.00362300
1627920385551000,1,0.00000514,0.00362300
1627920758053000,1,0.00217308,0.00361758
1627920758053000,1,0.00134720,0.00361668
1627920758053000,1,0.00500000,0.00361651
1627920758053000,1,10.77716272,0.00361538
1627920904924000,1,4.78966600,0.00361382
1627921257345000,1,1.54829100,0.00361179
1627921809492000,0,2.00000000,0.00361537
1627921896702000,0,0.11134300,0.00361300
1627922351904000,0,1.00000000,0.00361737
1627922692043000,1,0.92875900,0.00361704
1627922737979000,1,7.15906600,0.00361704
1627922764214000,0,16.68200000,0.00361908
1627922764214000,0,11.34754136,0.00361909
1627923355833000,1,2.20000000,0.00361459
1627923355833000,1,0.58229600,0.00361456
1627923567594000,1,0.47738600,0.00361299
1627924004105000,0,18.00000000,0.00361371
1627924004105000,0,7.27104523,0.00361389
1627924148005000,1,1.93611400,0.00361015
1627924192652000,1,8.25879000,0.00360892
1627924192694000,1,0.00000844,0.00360892
1627924406262000,1,8.27620000,0.00360214
1627925193024000,1,1.87909700,0.00360445
1627925236949000,1,3.37720500,0.00360558
1627925364666000,0,9.64888700,0.00360597
1627925980528000,0,18.00000000,0.00360804
1627925980528000,0,24.38000000,0.00360822
1627925980528000,0,21.31200000,0.00360877
1627925980528000,0,18.00000000,0.00360894
1627925980528000,0,17.43125378,0.00360910
1627925980528000,0,0.51000000,0.00361039
1627925980528000,0,8.26263495,0.00361088
1627925980528000,0,17.42378155,0.00361089
1627925980528000,0,10.55175000,0.00361102
1627925980528000,0,0.50000000,0.00361118
1627925980528000,0,2.20000000,0.00361121
1627925980528000,0,205.06000000,0.00361131
1627925980528000,0,6.17792932,0.00361151
1627926266529000,1,0.15329300,0.00360482
1627926920605000,0,0.10236851,0.00360521
1627926978501000,0,3.48000000,0.00360417
1627926979181000,0,18.00000000,0.00360415
1627926979181000,0,12.53000000,0.00360433
1627926979375000,0,4.93332962,0.00360433
1627927136302000,1,2.20000000,0.00360351
1627927136302000,1,1.49222000,0.00360350
1627927178294000,1,1.68855700,0.00360423
1627927351858000,0,17.44171317,0.00360784
1627927351858000,0,0.13828683,0.00360800
1627927421823000,0,0.00854817,0.00360800
1627927432018000,0,0.10244542,0.00361042
1627927499809000,0,18.00000000,0.00360939
1627927499809000,0,1.29149500,0.00360957
1627927896926000,0,2.98917400,0.00361172
1627928134756000,1,1.79451127,0.00360854
1627928706833000,1,9.55500000,0.00361000
1627928706834000,1,0.00007100,0.00361000
1627928851293000,0,0.73734600,0.00360913
1627929035297000,0,0.46061400,0.00360419
1627929612051000,0,3.15172200,0.00360568
1627929786909000,0,1.84185700,0.00360568
1627929793161000,1,2.20000000,0.00360186
1627929793161000,1,2.80000000,0.00360185
1627930426553000,0,1.43011200,0.00360269
1627930512703000,1,8.44145000,0.00359905
1627930554440000,0,0.08195400,0.00360101
1627930636306000,0,0.25052000,0.00360083
1627930805732000,0,2.04991698,0.00360178
1627931065485000,0,0.54440500,0.00360170
1627932068105000,0,3.00000000,0.00359796
1627932304756000,0,1.52931600,0.00359904
1627932316501000,0,16.47068400,0.00359904
1627932316501000,0,2.49752500,0.00359922
1627932357485000,0,0.92838700,0.00359774
1627932795631000,0,0.14716100,0.00359500
1627932968282000,0,18.00000000,0.00359840
1627932968282000,0,24.66700000,0.00359858
1627932968282000,0,10.65180400,0.00359928
1627933036452000,0,0.08623250,0.00360113
1627933201557000,1,9.06721400,0.00359488
1627933363216000,0,0.72715600,0.00359751
1627933685306000,1,2.20000000,0.00359697
1627933685306000,1,8.00000000,0.00359696
1627933822024000,0,18.00000000,0.00360032
1627933822024000,0,17.68000000,0.00360050
1627933823452000,0,11.12000000,0.00360032
1627934429898000,1,2.20000000,0.00360503
1627934429997000,1,2.20000000,0.00360409
1627934429997000,1,6.19520000,0.00360408
1627934455916000,0,1.45074400,0.00360734
1627934764161000,1,1.11221800,0.00360223
1627934813029000,0,6.80030000,0.00361282
1627935141569000,0,0.14650700,0.00361600
1627935145626000,0,0.11907610,0.00361701
1627935508959000,0,18.00000000,0.00362019
1627935586267000,0,18.00000000,0.00361770
1627935586267000,0,5.98929000,0.00361770
1627935649896000,1,2.19267000,0.00361424
1627935775078000,0,0.96132300,0.00361741
1627936099982000,0,5.13650400,0.00361821
1627936636661000,0,2.20000000,0.00361605
1627936636661000,0,0.14144200,0.00361606
1627936766643000,1,8.46803156,0.00361241
1627936766670000,1,21.17082429,0.00361153
1627936766670000,1,19.91697571,0.00361152
1627936767276000,1,42.00000000,0.00360900
1627936767276000,1,8.46803156,0.00360785
1627936767276000,1,10.82176844,0.00360784
1627936767433000,1,8.46800000,0.00360698
1627937529767000,0,21.20000000,0.00360481
1627937529797000,0,0.00311859,0.00360481
1627937540770000,0,23.03000000,0.00360568
1627937541227000,0,25.33000000,0.00360568
1627937541265000,0,6.76624771,0.00360568
1627937612476000,1,0.16875091,0.00360155
1627938116631000,0,24.98100000,0.00359860
1627938869898000,1,2.55386500,0.00359221
1627939456870000,1,0.52427000,0.00359833
1627940120181000,0,17.85000000,0.00358969
1627940120398000,0,0.00097601,0.00358969
1627940121255000,0,17.85000000,0.00358969
1627940264745000,0,1.83459000,0.00359000
1627940643645000,0,0.48502500,0.00359333
1627940693987000,0,2.20000000,0.00359124
1627940693987000,0,15.53000000,0.00359125
1627940694590000,0,2.20000000,0.00359123
1627940694590000,0,2.20480969,0.00359125
1627942193415000,0,0.82163300,0.00358502
1627942914132000,0,0.09511800,0.00357765
1627943168549000,1,0.17762500,0.00357651
1627943228289000,0,2.81384800,0.00358003
1627943350539000,0,3.46245806,0.00358033
1627943410636000,1,2.20000000,0.00357834
1627943410636000,1,3.01325900,0.00357833
1627943691645000,0,0.19179900,0.00358000
1627944169623000,0,7.44691300,0.00358197
1627944544098000,1,2.17709100,0.00358515
1627944634763000,1,0.35506800,0.00358791
1627944696528000,0,0.50000000,0.00359122
1627944714379000,1,1.22215000,0.00358802
1627944861765000,1,0.72705100,0.00359203
1627944996849000,0,8.37478478,0.00359500
1627944997023000,0,20.93761118,0.00359569
1627944997176000,1,8.37478478,0.00359643
1627944997207000,0,8.37478478,0.00359644
1627944997207000,0,24.67800000,0.00359645
1627944997207000,0,54.43201512,0.00359699
1627944997207000,0,0.16487400,0.00359700
1627944997743000,1,7.69197005,0.00360000
1627944999118000,1,2.20000000,0.00360146
1627944999118000,1,4.93372910,0.00360145
1627944999403000,0,17.41000000,0.00360434
1627945000105000,0,29.12000000,0.00360434
1627945007202000,0,0.00211152,0.00360434
1627945665338000,0,1.95220100,0.00360354
1627945909241000,0,2.20000000,0.00360357
1627945909241000,0,17.58327258,0.00360380
1627945909241000,0,9.08137642,0.00360388
1627946410022000,1,4.68000000,0.00360246
1627946683281000,1,1.73586600,0.00360185
1627946772753000,1,17.63000000,0.00360186
1627946772767000,1,0.00750040,0.00360186
1627946805280000,1,17.61000000,0.00360078
