timestamp ms,type,amount,price
1627949199402000,0,3.94687796,0.00362054
1627949501627000,0,17.00000000,0.00361481
1627949540423000,0,17.00000000,0.00361571
1627949540423000,0,12.08001400,0.00361571
1627949898257000,0,5.82728614,0.00361799
1627950076611000,1,0.48848105,0.00361948
1627950784647000,1,2.03128000,0.00361860
1627950827921000,1,1.58000000,0.00361326
1627950850244000,0,0.84143423,0.00361688
1627951283873000,1,2.30000000,0.00360434
1627951283873000,1,5.67381297,0.00360433
1627951575581000,1,17.00000000,0.00360083
1627951581283000,1,17.00000000,0.00360096
1627951587440000,1,17.00000000,0.00360096
1627951864491000,0,0.79397673,0.00360667
1627952098658000,1,0.84452500,0.00361067
1627953780118000,1,2.30000000,0.00359731
1627953780118000,1,2.62680000,0.00359730
1627954051754000,0,2.30000000,0.00360675
1627954051754000,0,17.00000000,0.00360676
1627954793348000,1,0.97900000,0.00361049
1627955671544000,0,0.14651300,0.00359329
1627956246967000,0,0.23407200,0.00359279
1627956335724000,0,1.65409300,0.00359110
1627956383808000,1,0.11478000,0.00359017
1627956395741000,0,9.27900000,0.00359325
1627956822212000,1,17.00000000,0.00359241
1627957796380000,1,17.80874000,0.00359394
1627957796554000,1,8.44920000,0.00359303
1627957796700000,1,0.00004341,0.00359303
1627958224985000,0,0.81777000,0.00359337
1627958602972000,0,0.47182400,0.00359229
1627959118383000,0,0.90616771,0.00359113
1627959488234000,1,2.30000000,0.00358867
1627959488234000,1,1.19593900,0.00358866
1627959937640000,1,3.63974800,0.00358816
1627960799968000,1,0.48256197,0.00358981
1627961040588000,1,2.13870200,0.00359062
1627961064005000,1,1.45395300,0.00359356
1627961237143000,1,1.42022300,0.00359285
1627961281984000,1,0.57538800,0.00359288
1627961282083000,1,0.71522800,0.00359288
1627961356592000,1,0.51673000,0.00359326
1627961364515000,1,0.63564500,0.00359326
1627961492130000,1,0.86983800,0.00359158
1627961596658000,1,4.65000000,0.00359300
1627961596709000,1,0.00967745,0.00359300
1627961995474000,1,1.44442900,0.00359660
1627962024790000,0,0.88743000,0.00360041
1627962059484000,1,2.30000000,0.00359635
1627962059484000,1,2.38549700,0.00359634
1627962221365000,1,1.04552000,0.00359488
1627962502796000,1,2.30000000,0.00359430
1627962543919000,1,2.30000000,0.00359175
1627962781072000,0,0.83253900,0.00359478
1627963021059000,1,2.07807500,0.00359413
1627963322751000,0,0.73766800,0.00359852
1627963326371000,0,8.30068400,0.00359852
1627964333460000,1,1.02000000,0.00359884
1627964714540000,1,0.06000000,0.00359479
1627965091735000,0,0.48228500,0.00359609
1627965155425000,1,1.13490100,0.00359485
1627965385451000,0,0.07981800,0.00359470
1627965418250000,0,0.33322900,0.00359732
1627965749853000,0,0.96651600,0.00360283
1627965869741000,0,8.69451400,0.00360296
1627965920348000,1,4.67901600,0.00360025
1627966533151000,1,1.00000000,0.00360015
1627966861480000,1,28.21044250,0.00359000
1627966915924000,0,8.65347962,0.00359304
1627966915924000,0,26.88382038,0.00359305
1627966915993000,0,29.15570000,0.00359305
1627966916075000,0,8.65347962,0.00359305
1627966925740000,1,82.04000000,0.00359000
1627966939369000,1,0.00775799,0.00359000
1627966973873000,0,0.78398700,0.00358875
1627966981562000,0,0.66497015,0.00358836
1627967037771000,1,6.92411666,0.00358619
1627967077920000,1,1.23702600,0.00358360
1627967115080000,0,8.69190000,0.00358855
1627967410379000,0,17.00000000,0.00359473
1627967434286000,0,3.07160000,0.00359473
1627967526293000,0,0.00006409,0.00359473
1627967564188000,0,3.38480100,0.00359779
1627967719471000,0,17.00000000,0.00359953
1627967719584000,1,9.40981900,0.00360000
1627967848104000,1,5.00000000,0.00359958
1627968115620000,1,2.23696600,0.00359570
1627968147003000,1,0.29649119,0.00359858
1627968249200000,1,0.43906300,0.00360408
1627968259636000,0,8.60690000,0.00360834
1627968259669000,0,0.00009661,0.00360834
1627968351496000,1,0.61526901,0.00360834
1627968353701000,0,0.39000000,0.00360991
1627968356325000,1,2.30000000,0.00360875
1627968356325000,1,4.41894052,0.00360874
1627968358109000,0,0.00125760,0.00360991
1627968361793000,1,0.61546775,0.00360960
1627968462454000,1,2.30000000,0.00361148
1627968462454000,1,4.79780540,0.00361147
1627968698742000,1,1.99496000,0.00361461
1627968699081000,1,4.38050300,0.00361461
1627968704140000,1,2.30000000,0.00361462
1627968704140000,1,10.30142398,0.00361461
1627968787081000,1,2.30000000,0.00361657
1627968787081000,1,2.44654800,0.00361551
1627968806717000,1,1.10256300,0.00361570
1627968859569000,1,1.75086300,0.00361587
1627969140523000,1,6.10472800,0.00361406
1627969318473000,1,0.18667300,0.00361551
1627969330406000,1,1.05266216,0.00361626
1627969501563000,1,7.35264700,0.00361363
1627969749035000,0,0.10953590,0.00362355
1627969749446000,1,0.04641889,0.00362355
1627969761082000,0,0.06118346,0.00362337
1627969838726000,1,2.03883300,0.00361850
1627969954395000,1,3.39030000,0.00361794
1627970057209000,1,0.73982900,0.00361796
1627970084259000,1,0.52174000,0.00361798
1627970275601000,1,0.13000000,0.00361716
1627970644856000,0,2.30000000,0.00361776
1627970644856000,0,5.44000000,0.00361777
1627971791295000,1,3.91860400,0.00361171
1627972440507000,0,2.30000000,0.00361359
1627972440507000,0,16.64189800,0.00361360
1627972861256000,1,17.00000000,0.00360850
1627972861256000,1,8.27449300,0.00360832
1627972867739000,1,1.78951000,0.00360761
1627972904806000,1,1.70330500,0.00360687
1627973097090000,1,4.73719500,0.00360804
1627973141316000,1,3.51578700,0.00360863
1627973205031000,1,12.18454354,0.00360558
1627973591129000,0,2.30000000,0.00360866
1627973591129000,0,17.00000000,0.00360867
1627973591129000,0,4.97693200,0.00360886
1627973953687000,1,25.77000000,0.00360338
1627973953785000,1,0.00124183,0.00360338
1627973999380000,0,0.71992400,0.00360217
1627974035246000,0,1.80143400,0.00360071
1627974167435000,0,1.18908800,0.00359555
1627974207152000,0,9.43194600,0.00359541
1627974508803000,1,2.49551700,0.00360080
1627974896627000,0,0.09836275,0.00360171
1627974915050000,1,4.21613000,0.00359839
1627975746284000,1,8.56000000,0.00359646
1627975911413000,0,0.52053800,0.00360264
1627975979440000,1,7.67582100,0.00359818
1627975996505000,0,1.66717500,0.00359898
1627976112957000,0,9.71242800,0.00359764
1627976134262000,0,8.77772500,0.00359633
1627976303552000,0,17.00000000,0.00359634
1627976303552000,0,9.23467400,0.00359652
1627976343490000,1,6.80647500,0.00359328
1627976566059000,0,0.50251700,0.00359537
1627977002731000,1,18.03517571,0.00359512
1627977002731000,1,18.60100000,0.00359447
1627977002731000,1,7.13062629,0.00359413
1627977024626000,1,1.12152000,0.00359530
1627977126045000,0,1.99000000,0.00359884
1627977131376000,0,17.00000000,0.00359880
1627977155675000,1,0.63000000,0.00359625
1627977503473000,0,2.30000000,0.00359938
1627977503473000,0,3.37950300,0.00359939
1627977638400000,0,3.78726900,0.00359920
1627977765941000,1,59.00000000,0.00359471
1627977766098000,1,5.81187000,0.00359471
1627977811175000,0,0.41721200,0.00359526
1627977969476000,1,8.57854651,0.00359569
1627977969579000,1,21.44860000,0.00359455
1627977969716000,1,0.00000369,0.00359455
1627978043743000,1,8.56951531,0.00359114
1627978118610000,0,1.41009200,0.00359416
1627978231864000,0,2.00000000,0.00359016
1627978262809000,0,6.09023430,0.00358633
1627978291061000,0,0.60799200,0.00358519
1627978644854000,0,25.45300000,0.00357970
1627978644854000,0,2.30000000,0.00357986
1627978644854000,0,18.22785167,0.00358009
1627978644854000,0,1.01981933,0.00358114
1627978755200000,0,0.07119600,0.00358248
1627978840603000,0,0.99964900,0.00357951
1627979013983000,0,0.69823300,0.00357903
1627979015648000,0,1.68064400,0.00357903
1627979112509000,0,0.08414400,0.00357731
1627979269984000,0,0.71661200,0.00357575
1627979402022000,0,8.40609800,0.00357722
1627979425378000,0,4.54048200,0.00357648
1627979650101000,0,2.14260294,0.00356931
1627979664593000,0,12.94000000,0.00356949
1627979788483000,1,14.31767300,0.00356663
1627979930439000,0,0.42475000,0.00357278
1627980047617000,0,0.74512700,0.00356963
1627980099709000,0,0.84478700,0.00357245
1627980448004000,0,0.87445200,0.00357501
1627980469791000,0,0.93480600,0.00357287
1627980659262000,0,0.57440900,0.00357595
1627980778247000,0,0.86034431,0.00357471
1627980849075000,0,1.99578900,0.00357359
1627980931229000,0,0.65920590,0.00357168
1627980933768000,0,0.56032501,0.00357168
1627980939466000,0,0.47627626,0.00357169
1627980940624000,0,0.40483482,0.00357169
1627980943274000,0,0.34410960,0.00357169
1627981551145000,0,10.25728800,0.00356875
1627981563124000,1,25.47000000,0.00356664
1627981666624000,0,0.55458960,0.00356925
1627981813431000,1,2.43195700,0.00356741
1627981830470000,1,1.46347500,0.00356741
1627981836102000,1,0.93240500,0.00356741
1627981917436000,0,18.21540000,0.00356974
1627981917465000,0,0.00000891,0.00356974
1627981917465000,0,18.18793228,0.00357088
1627981917465000,0,8.63476279,0.00357134
1627981917489000,0,0.10906600,0.00357135
1627981917489000,0,0.49000000,0.00357189
1627981917489000,0,21.58766413,0.00357217
1627981917523000,0,10.62080000,0.00357161
1627981917632000,0,56.12150000,0.00357294
1627981917690000,0,8.63476279,0.00357160
1627981917690000,0,21.58766413,0.00357272
1627981917690000,0,0.00009986,0.00357294
1627981917690000,0,32.59257322,0.00357329
1627981917906000,0,8.62999930,0.00357328
1627981917906000,0,21.59250070,0.00357329
1627981918167000,0,8.63007169,0.00357329
1627981919588000,0,17.00000000,0.00357970
1627981919588000,0,39.73314186,0.00357988
1627981919592000,0,12.47000000,0.00357988
1627981919592000,0,4.53000000,0.00357988
1627981942039000,1,2.30000000,0.00357897
1627981942039000,1,62.29240000,0.00357896
1627981942052000,1,0.00000193,0.00357896
1627981942052000,1,8.61492279,0.00357876
1627981942052000,1,26.40900000,0.00357875
1627981942068000,1,21.51429781,0.00357801
1627981942128000,1,15.00000000,0.00357755
1627981942542000,0,11.70231607,0.00358000
1627981943457000,1,8.63170000,0.00357150
1627981943836000,1,49.00000000,0.00357120
1627981944027000,1,1.30045453,0.00357015
1627981944312000,1,8.63179608,0.00357001
1627981944312000,1,0.08434900,0.00357000
1627982176997000,1,1.22782400,0.00356774
1627982269078000,0,0.17343700,0.00356800
1627982499373000,1,4.63375500,0.00356662
1627983760354000,1,0.61424600,0.00357799
1627983790940000,1,0.74954700,0.00357716
1627983854889000,0,14.89927600,0.00358160
1627984340392000,1,1.53293300,0.00358210
1627984794751000,0,1.68369500,0.00358214
1627985096452000,1,0.95000000,0.00358000
1627985101449000,1,0.00593200,0.00358000
1627985566608000,1,1.72799100,0.00357768
1627985615234000,0,10.52533500,0.00358229
1627985800198000,0,0.94461486,0.00358229
1627985965251000,0,0.99221900,0.00357939
1627986072434000,1,1.79000000,0.00358000
1627986103196000,1,0.00766600,0.00358000
1627986488687000,0,2.49104900,0.00358236
1627986652818000,1,17.00000000,0.00357791
1627986652818000,1,6.68456178,0.00357767
1627987220152000,1,0.98924400,0.00358849
1627987415422000,0,3.80914100,0.00359251
1627987437611000,1,0.86901200,0.00358246
1627987715437000,0,6.91401400,0.00358248
1627988101937000,1,11.01846400,0.00358227
1627988190763000,0,1.56016700,0.00358143
1627988479769000,0,17.00000000,0.00358305
1627988479769000,0,25.18700000,0.00358323
1627988479769000,0,18.01805715,0.00358341
1627988479769000,0,2.30000000,0.00358370
1627988479769000,0,20.82500000,0.00358409
1627988479769000,0,8.56150940,0.00358446
1627988479769000,0,18.02812179,0.00358447
1627988479769000,0,10.69831081,0.00358516
1627988479769000,0,18.55565035,0.00358533
1627989353614000,1,2.30000000,0.00358239
1627989353614000,1,3.59563627,0.00358238
1627989427588000,1,0.59521700,0.00358321
1627989468756000,1,0.60663200,0.00358238
1627989471329000,1,0.25000000,0.00358238
1627989594772000,1,3.79460300,0.00358251
1627989682947000,0,17.00000000,0.00358512
1627989682947000,0,18.02457404,0.00358649
1627989682947000,0,8.56623083,0.00358689
1627989682947000,0,19.59200000,0.00358690
1627989682947000,0,2.30000000,0.00358701
1627989682947000,0,25.23700000,0.00358744
1627989682947000,0,21.40851443,0.00358775
1627989682947000,0,10.92463050,0.00358776
1627989682947000,0,20.11273320,0.00358821
1627989769658000,1,1.47455100,0.00358318
1627989834361000,1,0.21000000,0.00358271
1627989877838000,1,0.09474000,0.00358244
1627990071854000,1,1.03415800,0.00358599
1627990102643000,1,6.01444900,0.00358599
1627990232740000,0,0.07256500,0.00358700
1627990378277000,1,6.00896000,0.00357890
1627990768535000,1,9.69872500,0.00358132
1627990811418000,1,3.03287100,0.00357971
1627991072844000,1,4.80000000,0.00358086
1627991114740000,1,1.35773800,0.00358006
1627992004883000,1,106.76000000,0.00357777
1627992004944000,1,12.44000000,0.00357777
1627992032854000,1,25.78000000,0.00357777
1627992036531000,1,10.52000000,0.00357777
1627992045977000,1,14.94000000,0.00357777
1627992061971000,1,48.50000000,0.00357777
1627992064411000,1,6.07000000,0.00357777
1627992064914000,0,8.62899548,0.00357954
1627992064914000,0,18.19276448,0.00357973
1627992065144000,0,8.62899548,0.00358115
1627992065144000,0,21.57173547,0.00358115
1627992065144000,0,18.18451919,0.00358116
1627992065144000,0,19.61474986,0.00358137
1627992065849000,0,10.93480000,0.00358247
1627992065852000,0,0.00007071,0.00358247
1627992068053000,0,10.87510760,0.00358712
1627992068231000,0,68.00000000,0.00358842
1627992068725000,0,69.61045481,0.00358842
1627992071298000,1,2.30000000,0.00358845
1627992080058000,1,2.30000000,0.00358874
1627992082724000,1,8.66660000,0.00358917
1627992083003000,1,0.00004329,0.00358917
1627992089409000,0,17.00000000,0.00359098
1627992091704000,0,17.00000000,0.00359267
1627992091938000,0,2.30000000,0.00359334
1627992096799000,1,0.48000000,0.00359275
1627992096799000,1,0.50000000,0.00359179
1627992096799000,1,7.68220000,0.00359096
1627992096858000,1,0.98003812,0.00359096
1627992096858000,1,20.68076188,0.00359001
1627992096890000,1,0.98010296,0.00359001
1627992213823000,1,8.72390000,0.00359399
1627992214130000,1,8.72390000,0.00359311
1627992288873000,1,3.58234900,0.00359499
1627992315505000,1,1.12554700,0.00359728
1627992355313000,0,2.30000000,0.00359701
1627992355313000,0,0.51000000,0.00359702
1627992355313000,0,0.48000000,0.00359741
1627992355313000,0,0.51000000,0.00359819
1627992355313000,0,8.74620698,0.00359880
1627992355313000,0,17.00000000,0.00359881
1627992355313000,0,8.74243658,0.00359898
1627992355313000,0,0.50000000,0.00359900
1627992355313000,0,57.80000000,0.00359940
1627992355313000,0,18.41789553,0.00359953
1627992355313000,0,30.84229486,0.00360000
1627992365511000,0,5.44560700,0.00359529
1627992382023000,1,0.74028021,0.00359042
1627992407958000,1,5.44560700,0.00359023
1627992473034000,1,0.09559000,0.00359018
1627992506707000,1,1.36871600,0.00359018
1627992548222000,0,0.58040426,0.00359460
1627992688737000,0,5.02603100,0.00359440
1627992831026000,1,0.40000000,0.00358764
1627992874424000,1,0.51000000,0.00359040
1627992874424000,1,2.30000000,0.00359025
1627992874424000,1,2.09639900,0.00359023
1627992874748000,1,2.30000000,0.00359024
1627992874748000,1,2.71082900,0.00359023
1627992918418000,1,0.24521300,0.00359587
1627993056703000,0,17.00000000,0.00359557
1627993076758000,0,8.61000000,0.00359788
1627993428329000,1,1.20187900,0.00359969
1627993451470000,1,0.07876600,0.00359790
1627993793246000,1,0.11310000,0.00359835
1627993883444000,1,2.30000000,0.00359729
1627993883444000,1,2.48000000,0.00359728
1627993992737000,0,1.50443000,0.00360000
1627993992739000,0,0.00000500,0.00360000
1627994160804000,0,5.28594200,0.00360405
1627994308691000,1,0.24912700,0.00360269
1627994397936000,0,25.45600000,0.00360646
1627994461965000,1,0.17014600,0.00360556
1627994524817000,0,0.14098142,0.00360824
1627994524817000,0,17.00000000,0.00360825
1627994524817000,0,0.82892358,0.00360892
1627994632838000,1,1.50500000,0.00360432
1627994678258000,1,7.10102262,0.00360720
1627994720333000,1,2.30000000,0.00360743
1627994720333000,1,0.43974994,0.00360742
1627994741322000,1,2.30000000,0.00360838
1627994741322000,1,4.80003235,0.00360837
1627994869518000,1,1.55644100,0.00360788
1627994954984000,1,0.61437700,0.00360519
1627995003073000,1,1.98789000,0.00360496
1627995091816000,0,0.10496614,0.00361031
1627995184109000,0,0.09105949,0.00361271
1627995184215000,1,2.22183959,0.00361255
1627995452210000,1,0.84785600,0.00361173
1627995532135000,0,0.09094844,0.00361615
1627995532143000,0,8.55230000,0.00361836
1627995532170000,0,0.00006011,0.00361836
1627995532170000,0,21.38303989,0.00361847
1627995532446000,0,8.54999533,0.00361921
1627995627491000,0,0.12287600,0.00361800
1627995672224000,1,2.69371700,0.00362106
1627995737390000,1,2.30000000,0.00362220
1627995737390000,1,3.61638500,0.00362219
1627996018921000,0,4.74943800,0.00361895
1627996200704000,1,2.60478000,0.00361532
1627996230590000,1,2.99995300,0.00361551
1627996245246000,1,2.30000000,0.00361651
1627996245246000,1,0.04837500,0.00361650
1627996819629000,0,17.00000000,0.00362298
1627996819629000,0,8.53067376,0.00362373
1627996819629000,0,4.12541124,0.00362380
1627997224548000,1,0.97298000,0.00361763
1627997232183000,0,0.28184219,0.00362224
1627997415012000,0,9.51607100,0.00362205
1627997451889000,0,4.74909500,0.00362119
1627997505072000,1,7.19989400,0.00361865
1627997809562000,1,1.21061100,0.00361848
1627997824144000,1,0.68342168,0.00361912
1627997874067000,0,5.93561800,0.00362086
1627998079727000,1,1.28594100,0.00361484
1627998653653000,0,5.17096500,0.00361771
1627998718904000,1,17.93670000,0.00361425
1627998718905000,1,0.00002677,0.00361425
1627998718925000,1,17.93580000,0.00361325
1627998719019000,1,8.51050000,0.00361206
1627999253461000,1,0.41229800,0.00361374
1627999294708000,1,0.25000000,0.00361375
1627999477896000,0,4.89443900,0.00361699
1628000180598000,0,16.66000000,0.00362052
1628000247300000,1,17.00000000,0.00361848
1628000247300000,1,2.30000000,0.00361782
1628000247300000,1,0.49000000,0.00361708
1628000247300000,1,17.94800382,0.00361697
1628000247300000,1,8.51379033,0.00361653
1628000247300000,1,3.16294585,0.00361652
1628000278847000,1,2.30000000,0.00361822
1628000283680000,0,17.00000000,0.00362066
1628000283680000,0,8.52105299,0.00362102
1628000283680000,0,17.93960506,0.00362103
1628000283680000,0,25.11100000,0.00362177
1628000283680000,0,21.30188790,0.00362194
1628000283680000,0,17.94800382,0.00362195
1628000283680000,0,55.38170129,0.00362314
1628000283680000,0,4.20000000,0.00362315
1628000283680000,0,2.30000000,0.00362321
1628000283680000,0,0.50000000,0.00362328
1628000283680000,0,10.77337583,0.00362357
1628000283680000,0,43.00000000,0.00362400
1628000283680000,0,0.48000000,0.00362407
1628000283680000,0,13.00000000,0.00362496
1628000283680000,0,0.49000000,0.00362537
1628000283680000,0,22.54339211,0.00362647
1628000486578000,1,0.56863300,0.00361842
1628000803710000,0,17.51336962,0.00362749
1628000949303000,0,17.00000000,0.00362779
1628000949303000,0,25.02200000,0.00362779
1628000949303000,0,7.74586100,0.00362835
1628001589560000,1,2.30000000,0.00362863
1628001589625000,0,21.63971000,0.00362863
1628001589835000,0,0.00000460,0.00362863
1628001934533000,0,4.67111500,0.00363032
1628002293698000,0,0.00291100,0.00363600
1628002966296000,1,25.09400000,0.00363752
1628003134939000,1,1.00000000,0.00363736
1628003350450000,1,17.99627584,0.00363605
1628003350476000,1,8.53770000,0.00363519
1628003350529000,1,0.00001467,0.00363519
1628003350529000,1,21.34498533,0.00363441
1628003350531000,1,0.00009905,0.00363441
1628003350531000,1,2.30000000,0.00363441
1628003350531000,1,15.67890095,0.00363416
1628003350550000,1,1.01000000,0.00363416
1628003350809000,1,8.53771467,0.00363417
1628003350809000,1,21.34508438,0.00363417
1628003351897000,1,0.45945494,0.00362820
1628003351908000,1,6.55904057,0.00362820
1628003352254000,1,9.98150449,0.00362820
1628003501942000,1,17.00000000,0.00363421
1628003501942000,1,2.65264300,0.00363403
1628003630673000,0,0.83523029,0.00363663
1628004314163000,0,0.30952931,0.00363216
1628004423320000,0,0.15290070,0.00363118
1628004598340000,0,0.67310400,0.00362918
1628004963938000,0,1.67704100,0.00363000
1628005405472000,0,18.05130000,0.00362715
1628005506282000,0,0.96039920,0.00362619
1628005672731000,0,10.21004400,0.00362655
1628005765236000,1,1.09894700,0.00362549
1628005842047000,0,4.66180000,0.00362884
1628005887271000,0,1.43226600,0.00362955
1628005910297000,1,1.92000000,0.00363000
1628005914262000,0,17.00000000,0.00363047
1628006064613000,1,1.49310300,0.00363196
1628006130292000,0,18.04540996,0.00363056
1628006130292000,0,11.65347104,0.00363140
1628006142286000,0,12.53766200,0.00362937
1628006180156000,0,18.04246351,0.00363056
1628006180156000,0,10.76298533,0.00363122
1628006180156000,0,8.55168211,0.00363139
1628006180156000,0,5.34652896,0.00363140
1628006180156000,0,1.28088760,0.00363173
1628006488222000,0,2.30000000,0.00363280
1628006488222000,0,0.04844900,0.00363281
1628006488631000,1,17.00000000,0.00362915
1628006488631000,1,9.98328600,0.00362897
1628006653516000,1,1.38582000,0.00362496
1628007432674000,0,1.67736500,0.00362534
1628007464231000,1,17.00000000,0.00362448
1628008471726000,1,0.97945300,0.00362803
1628008600508000,0,2.05978400,0.00362649
1628009157148000,0,2.30000000,0.00361857
1628009157148000,0,1.06098600,0.00361858
1628009392551000,1,17.00000000,0.00361496
1628009392551000,1,9.00000000,0.00361470
1628009674118000,0,2.30000000,0.00361601
1628009674118000,0,3.00732800,0.00361620
1628009850571000,1,1.44412200,0.00361883
1628010387002000,0,1.14821900,0.00362550
1628010468738000,1,0.30919240,0.00362394
1628011068776000,0,0.09878200,0.00362561
1628011117585000,0,2.87411600,0.00362650
1628011196270000,1,0.30919240,0.00362408
1628011371868000,0,0.89705200,0.00362703
1628011443438000,0,5.30489100,0.00362721
1628011513790000,0,2.15190000,0.00362721
1628011992260000,1,2.30000000,0.00362436
1628011992260000,1,1.59948400,0.00362435
1628012756229000,1,0.72432300,0.00362733
1628012846488000,1,1.65742300,0.00362727
1628012950430000,1,2.30000000,0.00362936
1628012950430000,1,1.13086900,0.00362935
1628013045503000,1,17.00000000,0.00362705
1628013045503000,1,9.01725763,0.00362656
1628013169361000,1,3.98800000,0.00362431
1628013221760000,0,1.45848300,0.00362811
1628013738376000,0,8.62710000,0.00361979
1628013738380000,0,0.00000087,0.00361979
1628014261768000,0,18.12000000,0.00363111
1628014543534000,0,2.99035000,0.00363579
1628014622854000,0,12.92970400,0.00363645
1628014695507000,1,2.30000000,0.00363297
1628014695507000,1,0.10119100,0.00363296
1628014716380000,1,4.73666300,0.00363273
1628014757436000,1,0.87662100,0.00363302
1628014952542000,0,9.66076400,0.00363575
1628015204298000,1,1.02652502,0.00363186
1628015614917000,1,5.97987900,0.00363456
1628015847994000,0,0.84004800,0.00363475
1628016016672000,1,0.51890200,0.00363240
1628016045068000,1,0.83339300,0.00363257
1628016979317000,0,2.30000000,0.00364326
1628016979317000,0,3.52779600,0.00364327
1628017006543000,1,0.61350200,0.00363966
1628017009993000,1,0.43461600,0.00363966
1628017218425000,1,4.83314300,0.00363983
1628017238757000,1,2.30000000,0.00363869
1628017238757000,1,2.08900000,0.00363868
1628017669709000,1,1.79790100,0.00363901
1628017691010000,1,0.42834600,0.00363901
1628017801763000,1,0.59997900,0.00364127
1628017823456000,1,4.74943800,0.00364184
1628017930159000,1,2.30000000,0.00364185
1628017930159000,1,4.72064500,0.00364184
1628017980596000,0,4.53369100,0.00364516
1628018292648000,1,1.87925700,0.00364337
1628018897127000,0,2.46206500,0.00364719
1628019326349000,1,0.07979000,0.00364754
1628019476410000,0,5.00000000,0.00365000
1628020429568000,1,0.09981200,0.00364785
1628020519976000,1,0.30001500,0.00365152
1628020565722000,1,0.25529400,0.00365153
1628020967124000,1,0.20620900,0.00365568
1628020996092000,1,0.86537200,0.00365270
1628021072875000,1,0.75200300,0.00365089
1628021431836000,1,0.49422200,0.00364610
1628022184984000,0,8.94524103,0.00364799
1628022245997000,1,91.66000000,0.00364469
1628022435873000,0,18.01150189,0.00364705
1628022435873000,0,17.00000000,0.00364779
1628022435873000,0,3.40758211,0.00364797
1628022515794000,1,0.47080200,0.00364288
1628023068694000,1,0.36524200,0.00364332
1628023221191000,1,8.71630000,0.00364102
1628023222789000,0,0.91669900,0.00364412
1628024650430000,1,2.30000000,0.00365595
1628024651719000,1,2.30000000,0.00365614
1628024653064000,1,2.30000000,0.00365614
1628024654464000,1,2.30000000,0.00365614
1628024655723000,1,2.91282847,0.00365613
1628024837879000,0,12.21827200,0.00365932
1628025793127000,1,0.48845700,0.00364771
1628026485910000,1,2.00000000,0.00363735
1628026720680000,1,5.83044000,0.00364037
1628031098698000,1,0.67686200,0.00364000
1628031614981000,0,1.47313700,0.00364153
1628034058023000,0,0.18813160,0.00362724
1628035061566000,1,17.00000000,0.00362246
1628035355586000,1,38.45000000,0.00362550
1628035355640000,1,31.55000000,0.00362550
1628035447136000,0,1.06045100,0.00362257
1628035584423000,0,17.00000000,0.00362264
1628035584423000,0,8.60119379,0.00362282
1628035584423000,0,4.26382021,0.00362283
1628035804074000,1,2.30000000,0.00361624
1628035804074000,1,16.02507119,0.00361623
1628036014925000,1,0.50000000,0.00361624
1628036015140000,1,15.52507000,0.00361624
1628037513533000,0,1.67319400,0.00361955
1628037534785000,0,2.22223000,0.00361955
1628038191175000,1,6.43000000,0.00361178
1628038193232000,1,4.97000000,0.00361178
1628038217327000,1,18.04328973,0.00361251
1628038217327000,1,2.29671027,0.00361244
1628038218025000,1,18.04000000,0.00361251
1628038218476000,1,0.00328973,0.00361251
1628040137065000,1,2.30000000,0.00361299
1628040137065000,1,7.72881800,0.00361298
1628040154629000,1,12.72000000,0.00361337
1628040154958000,1,2.30000000,0.00361338
1628040206306000,0,0.83012736,0.00361575
1628040206326000,0,7.69877051,0.00361575
1628040962902000,1,2.30000000,0.00361577
1628040962902000,1,8.53364900,0.00361576
1628040983893000,0,8.51000000,0.00361859
1628041000488000,0,0.00477616,0.00361859
1628041315017000,0,2.30000000,0.00362238
1628041315065000,1,5.28479000,0.00362238
1628041315114000,1,0.00000026,0.00362238
1628041384274000,1,0.49928212,0.00361859
1628042598807000,0,2.02566163,0.00363189
1628046008778000,1,6.00000000,0.00362130
1628047862177000,0,0.08420200,0.00362294
1628048423917000,1,20.78700000,0.00361720
1628049060072000,0,17.00000000,0.00361825
1628049060137000,1,15.32616000,0.00361825
1628049060196000,1,0.00000566,0.00361825
1628049077746000,0,1.68769543,0.00361782
1628049757970000,0,0.50011300,0.00361430
1628049917988000,0,10.09644500,0.00361420
1628049936454000,0,0.92857600,0.00361490
1628051089678000,0,17.00000000,0.00361835
1628051089678000,0,0.76353200,0.00361859
1628051560287000,1,0.39324409,0.00361129
1628051561730000,0,10.09794100,0.00361527
1628052222889000,1,3.80696500,0.00360973
1628052585951000,1,4.42408900,0.00361180
1628053188910000,1,4.18563000,0.00361377
1628054025316000,1,2.30000000,0.00361138
1628054025316000,1,17.00000000,0.00361137
1628054025316000,1,18.14907664,0.00361116
1628054025316000,1,5.40670136,0.00361074
1628054228478000,1,0.14158300,0.00361681
1628054496210000,1,1.00000000,0.00362083
1628055023407000,1,2.27554300,0.00362190
1628055086692000,1,1.00792200,0.00362305
1628055303767000,1,0.17618100,0.00362378
1628055605710000,1,0.06976200,0.00362791
1628055647778000,1,0.20997800,0.00362791
1628055668721000,1,1.00000000,0.00362791
1628055793713000,1,1.08342500,0.00362610
1628056199516000,1,2.30000000,0.00362213
1628056199516000,1,0.59612400,0.00362212
1628056468529000,0,0.47866269,0.00362338
1628057155859000,0,1.45254600,0.00362466
1628057177807000,0,1.70243700,0.00362696
1628057181905000,1,2.30000000,0.00362296
1628057181905000,1,2.23535700,0.00362295
1628057223447000,0,18.22042433,0.00362720
1628057352432000,0,4.80860300,0.00362544
1628057410862000,1,0.43975020,0.00362175
1628057641519000,0,17.00000000,0.00362345
1628057641519000,0,4.83225935,0.00362371
1628057918944000,0,0.60165700,0.00362147
1628058437387000,0,0.72700000,0.00361460
1628058478817000,0,0.39602000,0.00361461
1628058483990000,0,1.01667200,0.00361461
1628058640229000,0,0.81696200,0.00361265
1628059224281000,0,0.15540400,0.00361121
1628059500527000,0,5.38456100,0.00360898
1628059522673000,0,0.15066700,0.00360798
1628059611268000,0,1.51224900,0.00360747
1628059640742000,0,4.17333600,0.00360877
1628059658839000,0,0.33831800,0.00360858
1628059681631000,0,10.67267400,0.00360820
1628059681892000,0,1.10113900,0.00360820
1628060009585000,1,3.90150600,0.00361415
1628060065367000,0,17.00000000,0.00361759
1628060065367000,0,11.51513900,0.00361760
1628060569336000,0,1.38484500,0.00362197
1628060706752000,0,12.16184500,0.00362366
1628060866782000,0,2.30000000,0.00362026
1628060866782000,0,1.40010300,0.00362076
1628060919383000,0,1.21863200,0.00361956
1628061367182000,0,1.89503097,0.00361753
1628061472840000,0,2.13527265,0.00362016
1628061976888000,0,0.43000000,0.00362000
1628062107145000,1,15.85453200,0.00361859
1628062269428000,1,106.00000000,0.00361573
1628062525173000,1,7.92688521,0.00361464
1628062606649000,0,0.82115129,0.00361790
1628062607198000,0,38.17000000,0.00361790
1628063381478000,0,5.37987700,0.00361767
1628063465215000,0,2.29695300,0.00361672
1628065201424000,1,4.42938800,0.00361201
1628065216076000,1,4.25965300,0.00361183
1628065668574000,0,0.00796300,0.00362000
1628065681875000,1,5.00530000,0.00361700
1628065724832000,1,9.53278620,0.00361813
1628066632859000,1,2.30000000,0.00361612
1628066632859000,1,5.50242000,0.00361611
1628066670426000,1,0.20568800,0.00361536
1628066753589000,1,8.70160000,0.00361188
1628066754065000,1,0.00005246,0.00361188
1628066754120000,1,21.75339193,0.00361061
1628066824982000,0,14.55978472,0.00360918
1628066870729000,1,2.30000000,0.00360981
1628066870729000,1,4.41342100,0.00360980
1628067049467000,0,0.72800925,0.00361933
1628067127149000,0,15.36000000,0.00362030
1628067127367000,0,0.00334688,0.00362030
1628067538812000,0,9.79460500,0.00361760
1628067715441000,1,2.30000000,0.00361419
1628067715441000,1,7.68470500,0.00361418
1628068203115000,0,0.11777400,0.00362024
1628069288560000,1,2.30000000,0.00362011
1628069288560000,1,2.80934800,0.00362010
1628070175336000,0,3.17592800,0.00362273
1628070201439000,1,2.30000000,0.00361771
1628070201439000,1,17.00000000,0.00361770
1628070231205000,0,0.15988200,0.00361974
1628070241495000,0,2.94622300,0.00361975
1628072039908000,0,10.83391300,0.00362295
1628072581010000,0,10.39113700,0.00362093
1628073021275000,1,1.01993000,0.00361916
1628073038600000,1,0.13930600,0.00361936
1628073585426000,1,1.33780400,0.00361827
1628073910427000,0,17.00000000,0.00362177
1628073910427000,0,6.99070200,0.00362195
1628075772244000,0,18.19015125,0.00361082
1628075772244000,0,2.30000000,0.00361123
1628075772244000,0,18.18021021,0.00361174
1628075772244000,0,15.62320654,0.00361194
1628075965522000,0,0.66000000,0.00360800
1628076097752000,0,0.00190400,0.00360800
1628076097752000,0,2.30000000,0.00361033
1628076097752000,0,18.18523847,0.00361058
1628076097752000,0,8.61582676,0.00361153
1628076097752000,0,13.32639577,0.00361154
1628077445360000,0,5.42178900,0.00360947
1628077561620000,1,17.00000000,0.00360572
1628077561620000,1,19.93100000,0.00360506
1628077561620000,1,8.62315601,0.00360493
1628077561620000,1,2.26313199,0.00360492
1628077765929000,1,17.00000000,0.00360656
1628077765929000,1,23.00000000,0.00360656
1628078128479000,0,17.00000000,0.00360982
1628078128479000,0,2.30000000,0.00360995
1628078128479000,0,5.13247500,0.00361000
1628078713686000,1,8.59917233,0.00359867
1628078713686000,1,21.49980257,0.00359782
1628079673037000,1,0.98795700,0.00360166
1628079767528000,1,5.68667019,0.00359711
1628080338815000,0,2.30000000,0.00360302
1628080338815000,0,17.00000000,0.00360303
1628080338815000,0,17.33213904,0.00360334
1628080385150000,0,4.34497360,0.00360422
1628080555568000,1,4.34497360,0.00360191
1628080663438000,1,0.59469400,0.00359965
1628080670544000,1,4.00461000,0.00360017
1628080926742000,1,2.50554000,0.00360060
1628081382152000,0,17.93228982,0.00362023
1628081382152000,0,1.89535420,0.00362065
1628081424224000,1,1.87735800,0.00361951
1628081535783000,0,1.99900000,0.00362000
1628081684869000,1,1.04146400,0.00361902
1628082073629000,0,2.30000000,0.00359916
1628082927045000,1,10.67264500,0.00359577
1628083094612000,1,2.97592841,0.00360012
1628083331628000,0,0.09330600,0.00359900
1628083792726000,1,17.00000000,0.00358387
1628083792726000,1,24.90900000,0.00358387
1628083792726000,1,17.80960794,0.00358369
1628083792726000,1,17.00000000,0.00358325
1628083792726000,1,19.26800000,0.00358300
1628083792726000,1,17.80352374,0.00358255
1628083792726000,1,8.47172493,0.00358246
1628083792726000,1,2.30000000,0.00358245
1628083792726000,1,208.48286664,0.00358242
1628083800802000,0,8.46980000,0.00358870
1628083800802000,0,0.00008242,0.00358870
1628083922839000,1,1.00000000,0.00359239
1628083944512000,0,4.80344908,0.00359459
1628084022247000,0,2.30000000,0.00359672
1628084022247000,0,17.00000000,0.00359673
1628084022247000,0,8.46752443,0.00359689
1628084022247000,0,17.81924877,0.00359691
1628084022247000,0,7.81164980,0.00359716
1628084277483000,0,24.87100000,0.00359406
1628084514662000,0,2.30000000,0.00359879
1628084514662000,0,20.87800000,0.00359916
1628084514662000,0,17.00000000,0.00359941
1628084708259000,1,0.50000000,0.00360891
1628084728009000,1,7.10048890,0.00361075
1628084730976000,1,7.09977850,0.00361094
1628084731268000,1,7.09977850,0.00361094
1628084750853000,1,4.66022900,0.00361233
1628084801811000,1,7.09839445,0.00361247
1628084820602000,1,2.30000000,0.00361249
1628084820602000,1,17.00000000,0.00361248
1628084820644000,0,8.40647891,0.00361229
1628084820675000,0,207.73140000,0.00361229
1628084820718000,0,91.68904237,0.00361229
1628084824822000,1,1.95694836,0.00361316
1628084897079000,1,24.70400000,0.00361167
1628084897210000,0,57.07773032,0.00361167
1628084946896000,1,17.00000000,0.00361264
1628084947015000,0,44.33629774,0.00361264
1628085079883000,1,0.45000000,0.00361447
1628085102345000,1,2.96331400,0.00361543
1628085102605000,1,0.50848300,0.00361543
1628085115392000,0,0.08823046,0.00361790
1628085123762000,1,2.52697800,0.00361749
1628086017195000,1,17.77970000,0.00361189
1628086017212000,1,0.00006480,0.00361189
1628086017212000,1,17.77353520,0.00361095
1628086017574000,1,8.43358905,0.00360923
1628086018454000,1,17.00000000,0.00360482
1628086068665000,1,0.10330400,0.00360809
1628086092486000,0,0.09698753,0.00361367
1628086111019000,1,0.08607900,0.00361016
1628086142336000,1,0.83321400,0.00360721
1628086185884000,1,0.97600000,0.00360838
1628086270145000,0,4.09570000,0.00361348
1628086270972000,0,8.80000000,0.00361348
1628086271029000,0,0.00501436,0.00361348
1628086338854000,1,2.01741200,0.00361227
1628086339191000,1,0.81533900,0.00361227
1628086341714000,1,0.07443600,0.00361227
1628086365172000,1,17.00000000,0.00361152
1628086365172000,1,2.45905116,0.00361134
1628086592204000,1,0.15868200,0.00360895
1628086666804000,1,17.00000000,0.00360579
1628086666804000,1,1.26513770,0.00360561
1628086684072000,1,4.86523500,0.00360699
1628086705044000,1,0.39107700,0.00360680
1628086892401000,0,0.19998900,0.00361000
1628086913462000,1,8.01124600,0.00361095
1628086929439000,1,0.38014000,0.00361095
1628087170420000,0,8.37925971,0.00361862
1628087170577000,0,20.94590098,0.00361984
1628087170811000,0,54.45760000,0.00362119
1628087171070000,0,0.00006826,0.00362119
1628087172065000,0,0.06830000,0.00362910
1628087172408000,1,2.30000000,0.00362574
1628087172408000,1,0.51307930,0.00362573
1628087172565000,1,2.30000000,0.00362573
1628087173199000,0,99.00000000,0.00362574
1628087316991000,1,0.33635300,0.00362590
1628087363398000,1,0.33012300,0.00362761
1628087376229000,1,0.09963100,0.00362662
1628087389540000,1,2.30000000,0.00362557
1628087389540000,1,12.69999230,0.00362556
1628087392209000,1,2.30000000,0.00362558
1628087392209000,1,12.45816138,0.00362557
1628087393367000,1,0.73788312,0.00362559
1628087527955000,1,6.80000000,0.00362306
1628087813767000,1,1.21045000,0.00362915
1628088037268000,1,0.90774300,0.00362853
1628088121459000,1,0.14215100,0.00363000
1628088456625000,1,2.30000000,0.00362768
1628088456625000,1,16.80670700,0.00362767
1628088484621000,1,1.00000000,0.00362768
1628088497482000,0,8.33917039,0.00363287
1628088500464000,1,0.08470700,0.00363059
1628088500925000,1,3.01041600,0.00363059
1628088590399000,1,0.35304200,0.00363018
1628089163794000,0,17.00000000,0.00362927
1628089163794000,0,20.42700000,0.00363032
1628089163794000,0,9.14332500,0.00363042
1628089191164000,1,0.18015800,0.00362750
1628089257560000,1,0.63676100,0.00362775
1628089312744000,0,17.00000000,0.00363683
1628089312744000,0,12.73689916,0.00363701
1628089316622000,0,17.00000000,0.00363621
1628089316622000,0,5.30120266,0.00363639
1628089319870000,0,16.73648189,0.00363621
1628089323003000,1,2.24196800,0.00363306
1628089324417000,0,12.55256853,0.00363602
1628089335062000,0,2.30000000,0.00363770
1628089335062000,0,16.52271057,0.00363771
1628089338031000,0,17.00000000,0.00363752
1628089338031000,0,1.82265883,0.00363752
1628089502123000,1,0.10190700,0.00362880
1628089559843000,0,2.30000000,0.00362906
1628089559843000,0,14.07748600,0.00362907
1628089677644000,0,8.31248242,0.00362724
1628089677773000,0,17.55665215,0.00362762
1628089677773000,0,20.78184976,0.00362794
1628089677773000,0,24.52400000,0.00362874
1628089677773000,0,17.53540674,0.00362924
1628089677773000,0,54.03080862,0.00362960
1628089677773000,0,10.42662558,0.00362961
1628089926314000,0,8.30180000,0.00362518
1628089934576000,0,0.00003713,0.00362518
1628089934576000,0,20.75376287,0.00362595
1628089935444000,0,10.46340000,0.00362594
1628089935592000,0,0.00004871,0.00362594
1628089935592000,0,0.00004146,0.00362595
1628089986382000,1,4.84000000,0.00362594
1628090421880000,0,8.30850000,0.00362330
1628090421936000,0,0.00002174,0.00362330
1628090421936000,0,20.77051452,0.00362397
1628090422093000,0,1.56070000,0.00362499
1628090446715000,1,0.05584200,0.00362473
1628090585148000,1,0.08076600,0.00363240
1628090615967000,0,8.29110000,0.00363463
1628090679609000,1,0.53488300,0.00363926
1628090723310000,1,0.06987000,0.00363662
1628090734045000,1,0.39014500,0.00363647
1628090756359000,1,0.97085200,0.00363718
1628090861840000,1,0.63000000,0.00363362
1628090933334000,1,0.08487400,0.00363209
1628090966817000,1,0.40830466,0.00362918
1628091107436000,1,1.51900100,0.00362490
1628091343828000,1,0.50000000,0.00362211
1628092284533000,0,4.33180000,0.00362675
1628092470796000,1,0.70950100,0.00362077
1628092560574000,1,1.45115600,0.00362060
1628092708819000,0,16.21105800,0.00362445
1628092772722000,1,2.30000000,0.00362276
1628092772722000,1,1.95212400,0.00362275
1628092878475000,1,1.73321600,0.00362702
1628092941601000,1,0.32278500,0.00363195
1628093104409000,0,2.04915200,0.00363000
1628093137489000,0,4.12332000,0.00363097
1628093190065000,0,8.30710000,0.00362872
1628093190081000,0,0.00006677,0.00362872
1628093190081000,0,16.97773323,0.00362950
1628093190146000,0,3.78930000,0.00362950
1628093190233000,1,2.30000000,0.00362872
1628093190233000,1,14.70000000,0.00362871
1628093190356000,1,2.30000000,0.00362873
1628093190356000,1,2.30000000,0.00362871
1628093190530000,0,8.30544907,0.00362950
1628093191342000,0,8.29344499,0.00363484
1628093290064000,1,1.90643100,0.00363286
1628093439549000,1,0.50000000,0.00363615
1628093592500000,0,4.11000000,0.00363000
1628093597507000,0,0.00730800,0.00363000
1628093674942000,1,0.54247300,0.00363154
1628094489941000,0,0.95091262,0.00363048
1628094781709000,1,0.11833487,0.00362432
1628095631722000,1,0.53327614,0.00362499
1628095704646000,0,3.84543300,0.00362806
1628095866187000,1,2.99470000,0.00362307
1628095992235000,0,0.99887500,0.00362503
1628096538992000,0,0.41130854,0.00362876
1628096750616000,0,2.25978000,0.00362738
1628097092335000,0,0.49395463,0.00362592
1628097521876000,0,4.57355100,0.00362416
1628098056946000,1,2.43796500,0.00362096
1628098409062000,0,0.09795400,0.00362400
1628098409062000,0,0.71769200,0.00362675
1628098702798000,1,2.98298500,0.00362019
1628099150358000,0,16.90497200,0.00362250
1628099415991000,1,2.30000000,0.00361985
1628099415991000,1,17.00000000,0.00361984
1628099415991000,1,8.05697609,0.00361966
1628099459959000,1,2.30000000,0.00361992
1628099459959000,1,3.75428138,0.00361991
1628099583808000,1,4.98500600,0.00361700
1628099778657000,1,2.30648000,0.00361060
1628099865177000,1,0.30862500,0.00361398
1628099961534000,1,3.91496900,0.00361465
1628100031753000,1,4.91433400,0.00361608
1628100209216000,0,8.28292710,0.00362372
1628100209384000,0,8.28112529,0.00362462
1628100209680000,1,17.00000000,0.00362424
1628100210075000,0,5.59115602,0.00362912
1628100210101000,0,2.68128491,0.00362912
1628100210101000,0,14.91173659,0.00362912
1628100210190000,0,5.76852582,0.00362912
1628100429589000,0,4.86772200,0.00362881
1628100500222000,0,2.30000000,0.00362449
1628100500222000,0,2.31608300,0.00362450
1628101054645000,1,8.25953763,0.00361893
1628101054645000,1,7.14046237,0.00361892
1628101168352000,1,17.00000000,0.00361943
1628101168352000,1,17.44138036,0.00361925
1628101168352000,1,17.00000000,0.00361891
1628101168352000,1,8.25983056,0.00361853
1628101168352000,1,2.30000000,0.00361852
1628101168352000,1,6.87659516,0.00361835
1628101246142000,0,2.30000000,0.00362241
1628101246142000,0,0.08552900,0.00362242
1628101377527000,0,0.78823100,0.00362242
1628101698870000,0,2.30000000,0.00362023
1628101698870000,0,4.41112400,0.00362024
1628101976333000,1,15.00000000,0.00362111
1628102015854000,0,0.09335200,0.00362303
1628102023427000,0,2.30000000,0.00362302
1628102023427000,0,2.26019300,0.00362303
1628102119462000,0,0.35721200,0.00362282
1628102679987000,0,3.00492200,0.00362555
1628103710799000,1,0.16602605,0.00362053
1628103874633000,0,2.30000000,0.00362616
1628103874633000,0,8.34417900,0.00362617
1628104202716000,0,0.46234500,0.00362445
1628104540676000,0,1.00000900,0.00361732
1628105523927000,0,1.00000000,0.00361700
1628105786116000,1,13.79737500,0.00362484
1628106552211000,1,5.67277900,0.00361973
1628107179560000,1,2.94221400,0.00361676
1628107358504000,1,2.30000000,0.00361709
1628107358504000,1,2.89116300,0.00361708
1628107674989000,0,1.39036100,0.00360849
1628107804262000,1,1.43966100,0.00360903
1628107935544000,1,24.36900000,0.00361190
1628107935544000,1,14.43211700,0.00361077
1628108292806000,1,0.08190000,0.00362316
1628108376868000,1,7.00960100,0.00362230
1628108509352000,1,1.20109800,0.00362230
1628108620209000,1,1.73175000,0.00362166
1628108741323000,1,1.00000000,0.00361849
1628109331181000,1,17.00000000,0.00361954
1628109331181000,1,10.61742100,0.00361936
1628109369164000,0,1.15447062,0.00362214
1628109440000000,1,9.20000000,0.00361929
1628110081450000,0,2.30000000,0.00361935
1628110081450000,0,17.00000000,0.00361936
1628110081450000,0,2.39292500,0.00361954
1628111155464000,0,17.00000000,0.00361344
1628111155464000,0,17.39177451,0.00361362
1628111155464000,0,18.91000000,0.00361459
1628111155464000,0,17.00000000,0.00361468
1628111155464000,0,2.30000000,0.00361478
1628111155464000,0,0.80688112,0.00361486
1628111325841000,0,0.81821100,0.00360999
1628111898149000,1,12.00892900,0.00360193
1628112176767000,1,15.24891800,0.00360558
1628113753524000,0,0.37252400,0.00360174
1628113753626000,0,0.97222900,0.00360174
1628114398547000,1,1.10326800,0.00361413
1628114495878000,1,2.09893900,0.00361304
1628114628565000,0,2.30000000,0.00361921
1628114786715000,1,1.00607700,0.00361137
1628116215260000,0,41.64350000,0.00360942
1628116321687000,1,73.86000000,0.00360790
1628117050979000,1,2.14687600,0.00360976
1628117237716000,1,0.47453000,0.00360761
1628117407298000,0,2.62023288,0.00359390
1628117407418000,0,2.22575871,0.00359372
1628117407732000,0,2.30000000,0.00359371
1628117407732000,0,14.77424129,0.00359372
1628117407732000,0,0.51399786,0.00359520
1628117407732000,0,19.74279486,0.00359573
1628117409296000,0,46.88287782,0.00359231
1628117411593000,0,2.30000000,0.00359193
1628117411593000,0,2.11168602,0.00359261
1628117672292000,1,7.23110000,0.00359701
1628117672293000,1,1.07646078,0.00359701
1628117672361000,1,24.54000000,0.00359684
1628117672539000,1,8.30756078,0.00359700
1628117672552000,1,20.77750000,0.00359552
1628117672578000,1,17.00000000,0.00359608
1628117672625000,1,7.54600000,0.00359608
1628117672625000,1,13.22570000,0.00359594
1628117672628000,1,7.54602938,0.00359594
1628117672800000,1,0.00000039,0.00359552
1628118740667000,1,1.92331200,0.00359599
1628119062543000,0,1.64089000,0.00359971
1628119398568000,1,8.77535295,0.00359525
1628119399803000,1,0.43889256,0.00359525
1628120401835000,1,4.71524400,0.00359568
1628120442303000,1,0.10127200,0.00359567
1628120646706000,1,6.76700000,0.00359219
1628120646713000,1,17.68400000,0.00359219
1628120646742000,1,8.28320000,0.00359124
1628120646965000,1,0.00002576,0.00359124
1628120647028000,1,20.70800000,0.00359017
1628120647448000,0,2.30000000,0.00359018
1628120647719000,1,17.00000000,0.00358688
1628120942074000,1,1.43648700,0.00358750
