timestamp ms,type,amount,price
1622678904251000,1,16.22000000,0.00497769
1622679147248000,0,1.36091683,0.00495944
1622679219878000,1,0.35000000,0.00495599
1622679220054000,1,0.15000000,0.00495599
1622679227855000,0,0.50000000,0.00495599
1622679459227000,0,0.73718900,0.00494894
1622679989400000,1,0.50000000,0.00496271
1622679989400000,1,0.13709122,0.00496183
1622680013785000,0,3.69436579,0.00498367
1622680074355000,0,0.63185509,0.00497433
1622680834178000,1,7.17616853,0.00493605
1622680834207000,1,2.94881579,0.00493605
1622680834260000,1,7.84704680,0.00493605
1622681249736000,0,0.35000000,0.00493606
1622681250244000,0,12.64000000,0.00493606
1622681421197000,1,13.53392470,0.00493405
1622681421197000,1,1.40000000,0.00493298
1622681421197000,1,0.51000000,0.00493297
1622681421197000,1,7.13679004,0.00493213
1622681939728000,1,13.48970058,0.00494481
1622681939728000,1,1.40000000,0.00494413
1622681939728000,1,55.12870938,0.00494304
1622681945436000,1,37.64009358,0.00494413
1622681945436000,1,13.48876827,0.00494412
1622681945436000,1,1.40000000,0.00494411
1622681945436000,1,6.59566123,0.00494327
1622681954464000,0,8.40602709,0.00494327
1622681973013000,1,1.40000000,0.00494490
1622681973013000,1,6.57866245,0.00494489
1622681973013000,1,6.28803721,0.00494489
1622683428781000,1,6.59234946,0.00493673
1622683428781000,1,12.26875054,0.00493672
1622683436737000,0,1.11474428,0.00494265
1622684851020000,1,0.55793800,0.00491729
1622684851579000,1,6.08008676,0.00491729
1622684851579000,1,1.40000000,0.00491729
1622684851579000,1,3.30046046,0.00491728
1622685213819000,1,6.65951000,0.00490383
1622685273223000,1,0.50035000,0.00490219
1622685278904000,0,0.88206260,0.00489615
1622685279740000,0,7.19000000,0.00489615
1622685279754000,0,0.00546169,0.00489615
1622685295664000,0,0.60000000,0.00489949
1622685991812000,0,6.67664258,0.00491028
1622685991812000,0,6.67732323,0.00491028
1622685992240000,0,6.67732323,0.00491268
1622685992269000,0,2.02203587,0.00491182
1622685992288000,0,3.16678080,0.00491182
1622685992329000,0,11.50354684,0.00491182
1622687438446000,1,1.08956875,0.00491457
1622687438501000,1,5.56635950,0.00491457
1622687769468000,1,4.95385819,0.00491532
1622687771535000,1,1.67879396,0.00491532
1622687771535000,1,6.65079892,0.00491532
1622688087855000,0,0.19131000,0.00492311
1622688566208000,0,0.05091000,0.00492743
1622688722430000,1,6.63541000,0.00492143
1622688753037000,0,39.05188439,0.00492729
1622688773906000,0,0.27035400,0.00492941
1622689084684000,1,6.60000000,0.00492778
1622689736201000,0,2.27549177,0.00493570
1622689748867000,0,5.58087186,0.00494214
1622689798376000,1,0.89156052,0.00494886
1622690029361000,0,0.04552600,0.00494140
1622690394517000,0,10.00420486,0.00494013
1622690394568000,0,19.24159028,0.00494013
1622690394592000,0,6.23626847,0.00494012
1622690394655000,0,8.00017084,0.00494012
1622690394850000,0,1.15562940,0.00494013
1622690394936000,0,5.56641768,0.00494013
1622690395981000,0,8.40617163,0.00494140
1622690396072000,0,1.78043516,0.00494140
1622690396224000,0,1.53000000,0.00494140
1622690429193000,0,2.26000000,0.00494140
1622690603268000,0,0.00984410,0.00494140
1622691651740000,1,53.52515970,0.00495287
1622691651740000,1,13.45484030,0.00495286
1622691651740000,1,0.00464812,0.00495286
1622691684705000,1,13.46765168,0.00495383
1622691877567000,1,13.44000000,0.00495890
1622691877567000,1,0.00140305,0.00495890
1622691893024000,1,13.44000000,0.00495890
1622691904267000,1,0.00140305,0.00495890
1622691958605000,0,0.72066772,0.00496194
1622692180833000,1,1.91737200,0.00495596
1622692702539000,1,3.85345200,0.00494344
1622693108880000,1,0.36033386,0.00494272
1622693143064000,0,0.05416000,0.00494934
1622693629542000,0,6.17138163,0.00495903
1622693708426000,0,1.40000000,0.00495974
1622693708426000,0,13.36075572,0.00496163
1622693708426000,0,0.49000000,0.00496183
1622693708426000,0,25.17731828,0.00496255
1622693744354000,0,58.44000000,0.00496159
1622693744356000,0,9.56322796,0.00496159
1622693848851000,1,1.40000000,0.00496576
1622693848851000,1,2.21707300,0.00496516
1622693891643000,0,3.86000000,0.00496999
1622693891823000,0,0.00174970,0.00496999
1622694046451000,0,1.00400000,0.00497000
1622694406252000,0,6.10000000,0.00497979
1622694446284000,1,0.35000000,0.00497707
1622694771023000,0,4.58000000,0.00498134
1622694771073000,0,0.00329158,0.00498134
1622694808648000,1,0.56045800,0.00498547
1622694985265000,1,1.40000000,0.00497711
1622695024611000,1,1.40000000,0.00497780
1622695400692000,0,1.26000000,0.00497400
1622695400710000,0,0.00892800,0.00497400
1622695409562000,0,1.40000000,0.00497968
1622695409562000,0,2.29989300,0.00497969
1622695728774000,1,91.68000000,0.00496885
1622695753304000,1,0.00414096,0.00496885
1622695862903000,1,1.40000000,0.00496547
1622695862903000,1,13.26711241,0.00496546
1622695862903000,1,6.46427573,0.00496420
1622695862903000,1,16.16231112,0.00496384
1622695862903000,1,13.26833463,0.00496382
1622695862903000,1,34.10000000,0.00496305
1622695862903000,1,7.23796611,0.00496246
1622695894963000,1,0.36359800,0.00496433
1622695911280000,0,9.08000000,0.00496885
1622695952199000,0,0.00510174,0.00496885
1622696266043000,0,5.37000000,0.00498138
1622696266117000,0,0.00637576,0.00498138
1622696350450000,1,1.40000000,0.00497848
1622696547219000,1,0.25486000,0.00497230
1622696674855000,1,1.09361400,0.00496419
1622696923585000,1,13.17713351,0.00495672
1622696923585000,1,6.42458754,0.00495499
1622696923585000,1,5.02077932,0.00495499
1622696946284000,0,79.00000000,0.00496203
1622697072618000,1,1.40000000,0.00495602
1622697136577000,0,1.81718700,0.00496287
1622697349018000,1,21.00000000,0.00495338
1622697437921000,0,41.64000000,0.00495907
1622697649051000,1,0.07701577,0.00495482
1622697769816000,1,6.42612606,0.00494999
1622697769816000,1,6.10834474,0.00494998
1622697856174000,1,1.40000000,0.00494972
1622697856174000,1,0.60000000,0.00494972
1622698264294000,1,3.60000000,0.00494972
1622698264299000,1,0.00829584,0.00494972
1622698551612000,0,1.40000000,0.00493476
1622698551612000,0,1.56403600,0.00493639
1622698883039000,1,0.09851045,0.00493741
1622699065015000,0,0.39028300,0.00494228
1622699429912000,1,2.04058600,0.00492926
1622699472603000,1,0.13596400,0.00493321
1622699643396000,1,0.27865412,0.00493800
1622699643396000,1,5.32439388,0.00493799
1622699880776000,1,38.13000000,0.00493000
1622699880803000,1,0.00664100,0.00493000
1622699962275000,0,0.74129700,0.00493000
1622699962275000,0,0.14870300,0.00493000
1622699964919000,0,0.00370700,0.00493000
1622700327306000,1,0.14000000,0.00492940
1622700429863000,1,0.04092800,0.00493154
1622700581192000,0,1.04494600,0.00493487
1622700687196000,0,91.94689496,0.00493804
1622700687196000,0,15.91440629,0.00493805
1622700687196000,0,13.08155950,0.00493810
1622700687196000,0,41.36796330,0.00493894
1622700687196000,0,0.50000000,0.00493895
1622700687196000,0,8.38437595,0.00493991
1622700778104000,1,1.50769743,0.00493638
1622700832549000,0,0.04733100,0.00493600
1622701379482000,1,90.16132551,0.00493234
1622701668298000,1,7.07451180,0.00492823
1622701734286000,1,1.40000000,0.00492970
1622701740793000,0,3.90000000,0.00492970
1622701740870000,0,0.00588385,0.00492970
1622701743793000,1,1.40000000,0.00492809
1622701743793000,1,13.08055008,0.00492807
1622701743927000,0,1.43710148,0.00492807
1622702098355000,1,0.12843000,0.00494057
1622702332998000,1,0.83020600,0.00494697
1622702364073000,0,1.03893931,0.00495115
1622702442033000,1,0.41423000,0.00494722
1622702526358000,1,1.40000000,0.00494937
1622702555176000,1,0.05127900,0.00494263
1622702861450000,1,0.17926000,0.00494332
1622702905690000,1,1.00596600,0.00494332
1622703119812000,1,1.40000000,0.00494403
1622703119812000,1,10.60000000,0.00494400
1622703398455000,1,0.98144000,0.00494526
1622703561475000,0,0.56495600,0.00495234
1622703751929000,1,1.40000000,0.00493895
1622703751929000,1,13.00559226,0.00493894
1622703751929000,1,0.49000000,0.00493836
1622703751929000,1,6.32969835,0.00493740
1622703751929000,1,20.13000000,0.00493739
1622703751929000,1,0.51000000,0.00493711
1622703751929000,1,3.07161029,0.00493607
1622703994153000,1,0.99877100,0.00494342
1622704327113000,0,1.40000000,0.00495536
1622704327113000,0,11.44410931,0.00495537
1622704578055000,0,1.94412400,0.00494501
1622705091741000,0,2.84749400,0.00493712
1622705134624000,0,2.84462200,0.00493695
1622706203497000,1,0.10484192,0.00493901
1622706258311000,1,0.43674700,0.00493392
1622706382861000,0,0.57000000,0.00494048
1622707226489000,0,0.36088323,0.00494577
1622707674972000,0,15.76635148,0.00495150
1622707729672000,1,0.10332057,0.00496000
1622707756573000,1,1.40000000,0.00495918
1622707756573000,1,22.82023776,0.00495659
1622707756573000,1,6.32921385,0.00495657
1622707756573000,1,6.32962214,0.00495655
1622707756573000,1,36.34700000,0.00495655
1622707756573000,1,0.51000000,0.00495654
1622707756573000,1,13.00773328,0.00495636
1622707756573000,1,34.10000000,0.00495620
1622707756573000,1,8.40566854,0.00495510
1622707821971000,0,63.00000000,0.00497000
1622707967253000,1,1.40000000,0.00496658
1622708156488000,0,6.29182530,0.00498982
1622708156488000,0,15.72911733,0.00499028
1622708156955000,0,1.10540000,0.00499211
1622708156999000,0,2.86751419,0.00499211
1622708157034000,0,5.07599999,0.00499211
1622708157697000,1,34.10000000,0.00499668
1622708158110000,1,1.40000000,0.00499669
1622708161884000,0,0.07749042,0.00500278
1622708209418000,0,5.37637000,0.00499359
1622708209448000,0,0.00000576,0.00499359
1622708217324000,1,1.40000000,0.00499912
1622708514649000,0,0.10559800,0.00500581
1622708727753000,1,0.04955100,0.00499349
1622708746488000,1,0.07001200,0.00499445
1622708748675000,1,0.07738800,0.00499445
1622708790227000,1,0.22831600,0.00499048
1622708999796000,0,2.76885137,0.00500136
1622709021730000,0,6.26481565,0.00500532
1622709022005000,1,34.10000000,0.00500407
1622709022031000,1,1.40000000,0.00500408
1622709022397000,0,1.54308222,0.00500576
1622709022397000,0,4.59736639,0.00500576
1622709022479000,0,0.12501835,0.00500576
1622709022479000,0,6.26411438,0.00500576
1622709022479000,0,14.63631928,0.00500820
1622709022614000,0,4.62945175,0.00500820
1622709022839000,0,6.26411438,0.00500818
1622709022839000,0,2.52494811,0.00500818
1622709028277000,1,1.40000000,0.00500103
1622709028277000,1,78.00000000,0.00500102
1622709031536000,1,1.40000000,0.00500002
1622709034261000,1,1.40000000,0.00499834
1622709125517000,0,4.86000000,0.00498500
1622709583730000,1,0.20880000,0.00499250
1622709603904000,1,6.27492000,0.00499421
1622709604026000,1,0.00000989,0.00499421
1622709604026000,1,15.68805011,0.00499418
1622709753493000,1,0.09043800,0.00499299
1622709754913000,0,6.03000000,0.00499418
1622709757455000,0,0.00954768,0.00499418
1622710008931000,1,1.40000000,0.00499108
1622710008931000,1,3.04242800,0.00499051
1622710425448000,0,18.13799700,0.00498882
1622710656536000,1,1.40000000,0.00498651
1622710656536000,1,12.91150162,0.00498650
1622710656536000,1,18.24359500,0.00498445
1622710656536000,1,4.14879238,0.00498444
1622710781337000,1,12.93379780,0.00497866
1622710781337000,1,1.23747783,0.00497866
1622710781337000,1,6.30070418,0.00497720
1622710781337000,1,4.52802019,0.00497719
1622710934739000,1,0.09687400,0.00498262
1622711059254000,1,6.28569572,0.00498475
1622711059254000,1,15.71430428,0.00498438
1622711250935000,1,15.75126172,0.00497008
1622711250935000,1,6.30022828,0.00497008
1622711409762000,0,15.76002966,0.00497720
1622711441749000,0,2.13405420,0.00498398
1622711571886000,1,15.00000000,0.00498270
1622711650829000,0,0.34400000,0.00499207
1622711650931000,0,5.89831509,0.00499207
1622711651248000,0,4.14859535,0.00499289
1622711652529000,0,6.23397075,0.00499971
1622711705168000,1,0.04376000,0.00499306
1622711716497000,1,0.85018500,0.00499329
1622711727284000,0,0.08524200,0.00500100
1622711727284000,0,2.49721426,0.00500181
1622711727653000,0,0.57391298,0.00500130
1622711727655000,0,1.60093282,0.00500130
1622711727659000,0,6.71842053,0.00500130
1622711840575000,1,0.35000000,0.00499512
1622711840635000,1,2.91705693,0.00499512
1622711840639000,1,1.97932010,0.00499512
1622711840688000,1,0.97389500,0.00499512
1622711840953000,1,3.11950000,0.00499377
1622711840968000,1,3.47849934,0.00499377
1622711840978000,1,8.95341116,0.00499377
1622711840978000,1,6.06372106,0.00499376
1622711840987000,1,4.78181384,0.00499376
1622711841008000,1,3.99871376,0.00499376
1622711841010000,1,0.15575134,0.00499376
1622711841010000,1,2.95480766,0.00499285
1622711841049000,1,1.55492300,0.00499285
1622711841049000,1,3.16309701,0.00499285
1622711841070000,1,1.49243104,0.00499285
1622711841090000,1,2.03854744,0.00499285
1622711841141000,1,5.46485611,0.00499377
1622711841141000,1,0.75616316,0.00499377
1622711841141000,1,5.33275984,0.00499285
1622711841143000,1,8.50160299,0.00499285
1622711841144000,1,15.39980018,0.00499285
1622711900427000,1,6.23739000,0.00498248
1622711900514000,1,0.00000367,0.00498248
1622711900514000,1,15.59420633,0.00498247
1622712093853000,1,1.43930000,0.00499002
1622712096142000,1,0.00000783,0.00499002
1622712286198000,1,0.17536900,0.00499078
1622712286471000,1,0.07917200,0.00499078
1622712383552000,1,1.40000000,0.00499060
1622712383552000,1,6.24564340,0.00499005
1622712383552000,1,12.81817545,0.00499004
1622712383552000,1,15.61503846,0.00498974
1622712383552000,1,6.77013549,0.00498973
1622712391252000,0,0.05488283,0.00499628
1622712478836000,0,34.10000000,0.00499514
1622712478987000,0,0.35000000,0.00499594
1622712479089000,0,5.89634461,0.00499594
1622712479089000,0,6.24634461,0.00499594
1622712479552000,0,5.12449367,0.00499992
1622712479683000,0,1.11566720,0.00499992
1622712479703000,0,2.64211047,0.00500085
1622712479726000,0,2.67764625,0.00500085
1622712479730000,0,8.99403493,0.00500085
1622712479744000,0,7.17567161,0.00500085
1622712479759000,0,14.33753674,0.00500085
1622712479770000,0,1.47000000,0.00500153
1622712479791000,0,3.12098100,0.00500153
1622712511805000,1,0.32149741,0.00499165
1622712511805000,1,1.40169259,0.00499164
1622712587256000,1,0.23454500,0.00499169
1622712591125000,1,0.35000000,0.00499169
1622712670834000,1,0.32046400,0.00499281
1622713481737000,1,1.36288800,0.00498673
1622713805264000,1,0.05098500,0.00497312
1622713842940000,0,0.28186165,0.00497880
1622714116983000,0,0.35000000,0.00499370
1622714307698000,0,0.51000000,0.00499715
1622714348573000,1,6.23000000,0.00499313
1622714348596000,1,0.00594085,0.00499313
1622714359229000,1,6.24313517,0.00498594
1622714359229000,1,15.60814374,0.00498594
1622714359263000,1,40.58738278,0.00498506
1622714483008000,1,20.25200000,0.00497342
1622714483008000,1,6.25082172,0.00497276
1622714483008000,1,3.05750928,0.00497276
1622714637343000,1,0.05879900,0.00498024
1622714727365000,1,0.43387500,0.00498662
1622714986914000,1,0.37752700,0.00498110
1622715052608000,0,15.52714068,0.00499696
1622715052608000,0,40.36548852,0.00499696
1622715052608000,0,6.21091507,0.00499696
1622715052879000,0,7.82892597,0.00499937
1622715052888000,0,1.08087474,0.00499937
1622715052902000,0,1.68544803,0.00499937
1622715052906000,0,33.16275126,0.00499937
1622715052906000,0,6.20710636,0.00499979
1622715052906000,0,5.88707375,0.00499979
1622715052985000,0,9.62984393,0.00499979
1622715052985000,0,0.11536196,0.00499980
1622715053074000,0,28.88463804,0.00499980
1622715053105000,0,7.72128751,0.00499937
1622715053107000,0,5.10642367,0.00499937
1622715053198000,0,8.82503960,0.00499937
1622715274629000,0,12.75551404,0.00498849
1622715274629000,0,42.43893996,0.00498849
1622715441243000,1,0.10176600,0.00499281
1622715614839000,1,0.35000000,0.00499534
1622715752570000,1,0.70000000,0.00499230
1622715782369000,0,7.59240432,0.00499923
1622715782369000,0,1.30000000,0.00499924
1622715782369000,0,6.18394224,0.00500049
1622715782369000,0,12.68223517,0.00500050
1622715782369000,0,0.49000000,0.00500136
1622715782369000,0,3.10071995,0.00500147
1622715809385000,0,0.47525090,0.00500281
1622715856797000,0,6.18127647,0.00500323
1622715856797000,0,1.65377553,0.00500354
1622715979526000,0,10.89170831,0.00500399
1622716046202000,0,6.17636193,0.00500756
1622716095334000,1,0.09034200,0.00500429
1622716202525000,0,6.17841564,0.00500763
1622716220472000,1,1.30000000,0.00500096
1622716527780000,0,6.18541385,0.00500458
1622716558438000,0,1.14110108,0.00500321
1622716558487000,0,4.40000000,0.00500321
1622717063616000,1,1.30000000,0.00498173
1622717063616000,1,1.65196306,0.00498172
1622717063616000,1,6.22074193,0.00498170
1622717063616000,1,1.30939101,0.00498151
1622717236677000,1,6.19950017,0.00498917
1622717236677000,1,14.65560683,0.00498917
1622717281059000,1,0.19050100,0.00498801
1622717287764000,1,6.20182285,0.00499003
1622717287764000,1,1.30000000,0.00499003
1622717287764000,1,15.50522319,0.00499003
1622717287764000,1,0.49000000,0.00499002
1622717287764000,1,35.75546696,0.00499000
1622717602261000,1,1.13581500,0.00499399
1622717757262000,0,1.30000000,0.00499330
1622717825925000,0,1.30000000,0.00499029
1622717962668000,0,1.30000000,0.00498845
1622718118236000,1,6.20848749,0.00498916
1622718118236000,1,7.41589351,0.00498915
1622718260354000,0,5.40660132,0.00499397
1622718260576000,0,19.28200583,0.00499552
1622718260716000,0,4.70486882,0.00499554
1622718260725000,0,1.50703808,0.00499554
1622718260725000,0,2.02148968,0.00499554
1622718260760000,0,13.50760991,0.00499554
1622718260760000,0,9.96058415,0.00499555
1622718260836000,0,3.62254547,0.00499555
1622718260855000,0,1.80248071,0.00499555
1622718260871000,0,0.97179378,0.00499555
1622718260896000,0,6.14259589,0.00499555
1622718260896000,0,22.34176589,0.00499555
1622718260913000,0,13.31923411,0.00499555
1622718280809000,0,14.19925841,0.00500368
1622718280811000,0,3.74849327,0.00500368
1622718280814000,0,5.92522557,0.00500368
1622718280885000,0,8.65255338,0.00500390
1622718280921000,0,6.83879939,0.00500390
1622718280921000,0,6.19685676,0.00500390
1622718280921000,0,1.74735243,0.00500391
1622718280939000,0,2.57987048,0.00500391
1622718281170000,0,1.58700000,0.00500541
1622718281170000,0,6.19235468,0.00500652
1622718281399000,0,5.24871328,0.00500630
1622718281399000,0,2.34396215,0.00500747
1622718281399000,0,0.72448365,0.00500747
1622718281558000,0,14.55348279,0.00500748
1622718281581000,0,1.63971418,0.00500748
1622718661187000,1,2.38492948,0.00498102
1622718804099000,1,0.12287400,0.00498716
1622718804099000,1,0.64635800,0.00498716
1622718950773000,0,5.00000000,0.00499258
1622718999798000,1,6.24612136,0.00498962
1622718999798000,1,7.65605681,0.00498959
1622719000172000,1,6.24612136,0.00498618
1622719000357000,1,1.09917245,0.00498648
1622719000373000,1,0.75008875,0.00498648
1622719000398000,1,2.79650090,0.00498648
1622719000424000,1,1.00346930,0.00498648
1622719000737000,1,8.36324180,0.00498257
1622719177374000,0,0.07106400,0.00497482
1622719420788000,0,0.35000000,0.00496000
1622719438479000,0,36.28033000,0.00496000
1622719442093000,0,2.01952000,0.00496000
1622719442301000,0,0.00000900,0.00496000
1622719519254000,0,0.54301200,0.00496738
1622719526201000,1,0.79134900,0.00495880
1622719567073000,1,6.31412000,0.00495973
1622719831773000,1,1.00000000,0.00496322
1622720257310000,1,0.28394600,0.00496925
1622720578993000,1,0.37472913,0.00496585
1622720610489000,1,0.27454900,0.00496644
1622720821173000,0,3.20013159,0.00497777
1622720924488000,1,12.90248226,0.00496897
1622720924488000,1,25.23416374,0.00496812
1622721117431000,1,2.83599464,0.00496122
1622721117431000,1,19.91400000,0.00496121
1622721117431000,1,6.30442390,0.00496111
1622721117431000,1,6.21023146,0.00496010
1622721244703000,1,15.78901392,0.00495957
1622721244703000,1,6.31694429,0.00495957
1622721244703000,1,6.44387279,0.00495956
1622721355072000,0,1.30000000,0.00496283
1622721517868000,0,0.08298800,0.00495992
1622721741980000,1,9.94996506,0.00494175
1622721741980000,1,13.06796009,0.00494174
1622721741980000,1,4.22142700,0.00494160
1622721741980000,1,4.22142700,0.00494159
1622721741980000,1,36.57800000,0.00494154
1622721741980000,1,19.56000000,0.00494025
1622721741980000,1,22.81682785,0.00494000
1622721870593000,1,2.85017000,0.00494270
1622721870659000,1,0.00000760,0.00494270
1622721870901000,1,7.85523000,0.00494096
1622721870971000,1,10.67424891,0.00494096
1622721870971000,1,2.84999109,0.00494096
1622721871027000,1,0.00001590,0.00494096
1622722201208000,0,0.07169100,0.00494308
1622722374385000,1,9.72216459,0.00493519
1622722374385000,1,1.62736938,0.00493517
1622722374385000,1,36.57700000,0.00493513
1622722374385000,1,13.07110627,0.00493507
1622722374385000,1,1.62806813,0.00493429
1622722374385000,1,20.55600000,0.00493428
1622722374385000,1,1.30000000,0.00493389
1622722374385000,1,0.49000000,0.00493370
1622722374385000,1,0.66487241,0.00493345
1622722636887000,0,10.85583400,0.00494219
1622723215279000,1,3.68834400,0.00493533
1622723295323000,0,5.30110884,0.00494009
1622723323413000,1,3.76498700,0.00493091
1622723480833000,1,0.25725000,0.00494211
1622723765792000,0,6.32351754,0.00494754
1622723766175000,0,0.64000000,0.00494895
1622723766180000,0,1.04949154,0.00494895
1622723766193000,0,4.04386487,0.00494895
1622723766223000,0,1.58125900,0.00494892
1622723766290000,0,6.16341591,0.00494892
1622723766803000,0,9.72550308,0.00494946
1622724020611000,0,0.18017500,0.00494300
1622724545098000,0,0.48000000,0.00494779
1622724716757000,0,2.58552643,0.00495445
1622724716757000,0,0.50000000,0.00495499
1622724716757000,0,1.30000000,0.00495578
1622724716757000,0,0.49000000,0.00495650
1622724716757000,0,2.58676887,0.00495681
1622724716757000,0,0.49000000,0.00495805
1622724716757000,0,6.29414715,0.00495824
1622724716757000,0,6.29549166,0.00495825
1622724716757000,0,21.53400000,0.00495846
1622724716757000,0,9.41237136,0.00495857
1622724716757000,0,34.10000000,0.00495876
1622724716757000,0,0.50000000,0.00495914
1622724716830000,1,34.00000000,0.00496000
1622724716833000,1,0.35000000,0.00496000
1622724716855000,1,34.10000000,0.00496000
1622724716894000,1,129.15978362,0.00496000
1622724716937000,1,15.00000000,0.00496000
1622724716938000,1,34.00000000,0.00496000
1622724717429000,1,53.21020697,0.00496001
1622724717429000,1,75.93258383,0.00496000
1622724717541000,1,89.00000000,0.00496000
1622724718242000,1,249.00000000,0.00496000
1622724718816000,1,2.58237423,0.00496000
1622724720338000,1,0.09440000,0.00496000
1622724720393000,1,7.32300285,0.00496000
1622724800873000,1,12.91909748,0.00495085
1622724800943000,0,0.35000000,0.00495000
1622724800944000,0,86.73090252,0.00495000
1622724820423000,1,12.91909748,0.00495085
1622724820423000,1,286.98799052,0.00495000
1622724842499000,1,1.30000000,0.00494909
1622724842499000,1,12.91309024,0.00494908
1622724842499000,1,2.28253358,0.00494908
1622724842499000,1,6.28522463,0.00494787
1622724842499000,1,0.50000000,0.00494786
1622724842499000,1,20.29600000,0.00494732
1622724842499000,1,34.10000000,0.00494729
1622724842499000,1,0.52000000,0.00494679
1622724842499000,1,7.69072603,0.00494675
1622724842499000,1,12.92684059,0.00494643
1622724842499000,1,1.18558493,0.00494516
1622724847859000,0,83.00000000,0.00494999
1622724847919000,0,129.25997543,0.00495000
1622724848068000,0,36.50000000,0.00495000
1622724850356000,0,34.24002000,0.00495000
1622724855465000,0,0.00000457,0.00495000
1622725141196000,0,1.16940900,0.00496000
1622725141231000,0,1.09451432,0.00496000
1622725508418000,0,7.77000000,0.00494807
1622725508475000,0,0.00125790,0.00494807
1622725520287000,1,12.71350538,0.00494221
1622725520290000,1,12.47807009,0.00494221
1622725652499000,0,0.15000000,0.00493000
1622725847247000,1,6.28992000,0.00492580
1622725962495000,1,0.48000000,0.00493000
1622725962526000,1,0.00552200,0.00493000
1622726226189000,1,12.98000000,0.00493391
1622726344567000,1,6.33000000,0.00492952
1622726431216000,1,14.41844500,0.00492568
1622726482871000,0,1.84200100,0.00493211
1622726922111000,1,1.32988746,0.00493030
1622727473976000,1,1.30000000,0.00491754
1622727474599000,1,0.50000000,0.00491238
1622727474599000,1,15.67082083,0.00491072
1622727474647000,1,2.38917917,0.00491072
1622727474647000,1,6.39227461,0.00490997
1622727474647000,1,5.06678000,0.00490996
1622727474647000,1,0.49000000,0.00490995
1622727474647000,1,1.33258705,0.00490987
1622727557674000,0,0.12321800,0.00491567
1622727751131000,1,13.21924000,0.00489481
1622728115829000,0,0.48000000,0.00491883
1622728115829000,0,1.16566546,0.00491997
1622728216903000,1,0.26826600,0.00490953
1622728351365000,0,0.50000000,0.00491498
1622728351365000,0,0.07840466,0.00491512
1622728412136000,0,1.88607733,0.00491946
1622728687294000,1,1.32601042,0.00490969
1622728920288000,0,0.31400000,0.00492400
1622728920385000,0,0.00060900,0.00492400
1622729120774000,1,0.35000000,0.00493000
1622729121412000,1,0.72000000,0.00493000
1622729121413000,1,0.00108400,0.00493000
1622729330069000,0,0.34375500,0.00492883
1622729351451000,0,0.20518400,0.00492992
1622729369745000,1,2.23354657,0.00491778
1622729905907000,1,1.30000000,0.00491346
1622729905907000,1,0.07339021,0.00491346
1622729958384000,1,0.05488283,0.00491416
1622730586692000,0,1.30000000,0.00492161
1622730586692000,0,1.64137000,0.00492166
1622730833312000,1,0.06374200,0.00492153
1622730841123000,1,0.12739600,0.00491927
1622730886874000,0,0.11500000,0.00492200
1622730886920000,0,0.00096000,0.00492200
1622730991067000,1,6.77619349,0.00492262
1622731566951000,0,13.22000000,0.00491546
1622731566966000,0,0.00429161,0.00491546
1622732178947000,1,6.41089000,0.00490002
1622732237492000,1,0.33416700,0.00490000
1622732282241000,0,2.23754133,0.00490068
1622732882481000,0,0.38463500,0.00491421
1622732904067000,0,60.35100000,0.00491701
1622732904680000,0,1.21314032,0.00492100
1622732904728000,0,3.34293197,0.00492100
1622732904734000,0,9.56823800,0.00492100
1622732904765000,0,7.83239052,0.00492100
1622732904778000,0,7.36451299,0.00492100
1622733044751000,0,6.37780687,0.00492178
1622733044751000,0,11.98561413,0.00492179
1622733333661000,1,7.83000000,0.00491409
1622733726050000,1,0.47150000,0.00490326
1622733820052000,1,1.00000000,0.00490218
1622734022893000,1,1.81315000,0.00490056
1622734023124000,1,0.54706111,0.00490056
1622734023147000,1,0.65619203,0.00490056
1622734023153000,1,1.27537118,0.00490056
1622734023234000,1,2.11766724,0.00490056
1622734708192000,0,0.23500000,0.00490600
1622734779502000,0,1.60510200,0.00490600
1622734785296000,1,0.11000000,0.00491000
1622734788176000,1,0.00029500,0.00491000
1622735038084000,0,0.38102900,0.00490645
1622735059654000,1,0.94835800,0.00490193
1622735186170000,1,1.30000000,0.00489762
1622735186170000,1,1.41691200,0.00489585
1622735474778000,1,6.42893480,0.00488016
1622735474778000,1,6.42946046,0.00488016
1622735485103000,0,0.12391300,0.00488473
1622736472337000,1,1.61299120,0.00489515
1622736472885000,1,3.60021979,0.00489515
1622736564366000,1,1.40000000,0.00491035
1622736925800000,1,0.10009100,0.00491318
1622737047429000,1,1.40000000,0.00491031
1622737047429000,1,1.93972400,0.00491030
1622737441204000,1,3.43043902,0.00490053
1622737441470000,1,1.77000000,0.00490054
1622737458525000,1,10.50000000,0.00489816
1622737988496000,0,10.12000000,0.00492365
1622737988583000,0,0.00890745,0.00492365
1622738337850000,0,1.50948072,0.00493182
1622738337902000,0,1.50053245,0.00493182
1622738337929000,0,1.40510865,0.00493182
1622738337961000,0,3.62647176,0.00493182
1622738338185000,0,0.09500000,0.00493182
1622738338186000,0,0.00042380,0.00493182
1622738338409000,0,6.31639947,0.00493408
1622738338409000,0,6.48387089,0.00493408
1622738338487000,0,5.93166650,0.00493408
1622738338521000,0,3.37487578,0.00493408
1622738556234000,1,8.50000000,0.00494278
1622738599775000,1,0.06329200,0.00492854
1622738765651000,1,2.71914056,0.00492874
1622738965283000,0,1.49651500,0.00494293
1622739401317000,1,0.08458400,0.00493753
1622739507252000,1,1.40000000,0.00493781
1622739602156000,1,1.40000000,0.00493558
1622739642170000,1,1.40000000,0.00493358
1622739642170000,1,0.10000000,0.00493358
1622739744771000,1,0.39730000,0.00493419
1622739828791000,0,6.31305131,0.00494082
1622739828791000,0,15.78200030,0.00494083
1622739829211000,1,34.10000000,0.00494066
1622739829211000,1,1.40000000,0.00494012
1622739829211000,1,17.82295989,0.00494001
1622739829211000,1,38.21704011,0.00494000
1622739853745000,1,0.99900000,0.00493750
1622740650272000,0,6.56000000,0.00493972
1622740728078000,0,0.06724600,0.00494506
1622740913134000,0,4.83900855,0.00494695
1622740942592000,1,1.18880100,0.00494009
1622742064569000,1,2.60570000,0.00493246
1622742209484000,1,1.21833939,0.00493282
1622742473147000,0,11.26300000,0.00493213
1622743686633000,0,1.98071296,0.00494218
1622743807178000,1,1.40000000,0.00493347
1622743807178000,1,1.12639120,0.00493345
1622744253506000,0,3.13395009,0.00494063
1622745142266000,1,1.40000000,0.00492435
1622745150295000,1,1.40000000,0.00492259
1622745720252000,1,0.08349224,0.00491567
1622746989250000,1,15.98000000,0.00491673
1622746995953000,1,0.00367068,0.00491673
1622747244254000,1,6.39000000,0.00491023
1622747244283000,1,0.00568535,0.00491023
1622747714155000,0,76.00000000,0.00491584
1622747912635000,0,0.14077600,0.00491700
1622748246373000,0,6.84585048,0.00491726
1622748246394000,0,12.64431339,0.00491726
1622748246524000,0,11.58137290,0.00491726
1622748246881000,0,2.10688752,0.00491726
1622748246979000,0,2.63355464,0.00491726
1622748247137000,0,1.05342138,0.00491726
1622748363507000,0,1.07035500,0.00491856
1622748524923000,0,0.05659400,0.00491400
1622749077687000,0,0.39325500,0.00491688
1622749597641000,1,1.00000000,0.00491145
1622749681951000,0,0.35113100,0.00491000
1622750706945000,0,0.10126861,0.00491043
1622752783271000,1,0.40972000,0.00490446
1622752970827000,0,0.13100000,0.00490800
1622752970957000,0,0.00079000,0.00490800
1622753578011000,0,1.36181409,0.00492247
1622753765000000,1,1.40000000,0.00491943
1622753765000000,1,11.82134912,0.00491839
1622753765011000,1,3.17865088,0.00491839
1622753765011000,1,6.37596324,0.00491814
1622753765011000,1,3.65138235,0.00491813
1622753955310000,0,0.13665300,0.00492400
1622754600426000,1,0.33500000,0.00491310
1622754849914000,0,11.18590707,0.00491509
1622755272499000,1,1.86387800,0.00491125
1622755301045000,1,0.40847700,0.00491117
1622755598506000,1,0.09352200,0.00492050
1622755822866000,1,1.40000000,0.00491688
1622755899897000,1,1.40000000,0.00489443
1622756364840000,0,0.75316808,0.00489182
1622756365016000,0,0.64683192,0.00489182
1622756396226000,0,0.35000000,0.00489623
1622757661021000,1,1.40000000,0.00488504
1622757702856000,1,1.40000000,0.00488402
1622757710884000,1,1.40000000,0.00488248
1622757710884000,1,12.90963167,0.00488247
1622757712246000,1,1.40000000,0.00488171
1622757884042000,0,3.20142200,0.00488822
1622757884088000,0,3.65389725,0.00488823
1622758410949000,0,0.12106400,0.00489300
1622758437194000,1,1.40000000,0.00489181
1622758437194000,1,0.34610000,0.00489147
1622758707542000,1,0.18281700,0.00490068
1622758946158000,1,0.35000000,0.00489576
1622759693306000,0,21.93524558,0.00491964
1622759693355000,0,1.03873523,0.00491963
1622759693360000,0,2.18134154,0.00491963
1622759693371000,0,3.10488845,0.00491963
1622759693371000,0,0.26353581,0.00491965
1622759693384000,0,18.07396267,0.00491965
1622759693422000,0,1.09891951,0.00491964
1622759693425000,0,2.61101083,0.00491964
1622759693437000,0,18.96437649,0.00491964
1622759693535000,0,4.99941928,0.00491963
1622759693556000,0,24.07732193,0.00491963
1622759693583000,0,25.56082914,0.00491965
1622760723488000,0,6.33481564,0.00491563
1622760774241000,1,0.42914200,0.00491289
1622761213329000,0,87.27400000,0.00491223
1622761554491000,1,3.82460000,0.00490615
1622761554633000,1,1.37540000,0.00490615
1622761555705000,1,36.40000000,0.00490496
1622761558920000,0,0.35000000,0.00490685
1622761560678000,0,4.85000000,0.00490685
1622761681222000,1,0.50000000,0.00490667
1622761875538000,0,3.26199997,0.00490732
1622761880278000,1,5.20000000,0.00490024
1622762069325000,0,1.07601400,0.00491067
1622762103291000,0,0.49000000,0.00491234
1622762104159000,0,10.82321987,0.00491834
1622762209572000,1,0.75401634,0.00490864
1622762271251000,1,1.36210000,0.00491579
1622762379754000,0,20.80000000,0.00491544
1622762380563000,0,2.93724602,0.00491907
1622762516114000,1,0.42926000,0.00491775
1622762676424000,1,0.35000000,0.00493198
1622762682149000,1,0.10910000,0.00493198
1622763297954000,1,0.05216700,0.00492776
1622763373587000,1,1.40000000,0.00493164
1622763373587000,1,5.20000000,0.00493163
1622763373587000,1,0.61894400,0.00493137
1622763395570000,1,1.40000000,0.00493047
1622763395570000,1,18.99894800,0.00492878
1622763718239000,0,2.24671764,0.00493721
1622763795204000,1,0.06320100,0.00493604
1622763815732000,1,0.77830400,0.00493689
1622764569191000,1,6.30020000,0.00493298
