timestamp ms,type,amount,price
1622678904251000,1,16.22000000,0.00497769
1622679147248000,0,1.36091683,0.00495944
1622679219878000,1,0.35000000,0.00495599
1622679220054000,1,0.15000000,0.00495599
1622679227855000,0,0.50000000,0.00495599
1622679459227000,0,0.73718900,0.00494894
1622679989400000,1,0.50000000,0.00496271
1622679989400000,1,0.13709122,0.00496183
1622680013785000,0,3.69436579,0.00498367
1622680074355000,0,0.63185509,0.00497433
1622680834178000,1,7.17616853,0.00493605
1622680834207000,1,2.94881579,0.00493605
1622680834260000,1,7.84704680,0.00493605
1622681249736000,0,0.35000000,0.00493606
1622681250244000,0,12.64000000,0.00493606
1622681421197000,1,13.53392470,0.00493405
1622681421197000,1,1.40000000,0.00493298
1622681421197000,1,0.51000000,0.00493297
1622681421197000,1,7.13679004,0.00493213
1622681939728000,1,13.48970058,0.00494481
1622681939728000,1,1.40000000,0.00494413
1622681939728000,1,55.12870938,0.00494304
1622681945436000,1,37.64009358,0.00494413
1622681945436000,1,13.48876827,0.00494412
1622681945436000,1,1.40000000,0.00494411
1622681945436000,1,6.59566123,0.00494327
1622681954464000,0,8.40602709,0.00494327
1622681973013000,1,1.40000000,0.00494490
1622681973013000,1,6.57866245,0.00494489
1622681973013000,1,6.28803721,0.00494489
1622683428781000,1,6.59234946,0.00493673
1622683428781000,1,12.26875054,0.00493672
1622683436737000,0,1.11474428,0.00494265
1622684851020000,1,0.55793800,0.00491729
1622684851579000,1,6.08008676,0.00491729
1622684851579000,1,1.40000000,0.00491729
1622684851579000,1,3.30046046,0.00491728
1622685213819000,1,6.65951000,0.00490383
1622685273223000,1,0.50035000,0.00490219
1622685278904000,0,0.88206260,0.00489615
1622685279740000,0,7.19000000,0.00489615
1622685279754000,0,0.00546169,0.00489615
1622685295664000,0,0.60000000,0.00489949
1622685991812000,0,6.67664258,0.00491028
1622685991812000,0,6.67732323,0.00491028
1622685992240000,0,6.67732323,0.00491268
1622685992269000,0,2.02203587,0.00491182
1622685992288000,0,3.16678080,0.00491182
1622685992329000,0,11.50354684,0.00491182
1622687438446000,1,1.08956875,0.00491457
1622687438501000,1,5.56635950,0.00491457
1622687769468000,1,4.95385819,0.00491532
1622687771535000,1,1.67879396,0.00491532
1622687771535000,1,6.65079892,0.00491532
1622688087855000,0,0.19131000,0.00492311
1622688566208000,0,0.05091000,0.00492743
1622688722430000,1,6.63541000,0.00492143
1622688753037000,0,39.05188439,0.00492729
1622688773906000,0,0.27035400,0.00492941
1622689084684000,1,6.60000000,0.00492778
1622689736201000,0,2.27549177,0.00493570
1622689748867000,0,5.58087186,0.00494214
1622689798376000,1,0.89156052,0.00494886
1622690029361000,0,0.04552600,0.00494140
1622690394517000,0,10.00420486,0.00494013
1622690394568000,0,19.24159028,0.00494013
1622690394592000,0,6.23626847,0.00494012
1622690394655000,0,8.00017084,0.00494012
1622690394850000,0,1.15562940,0.00494013
1622690394936000,0,5.56641768,0.00494013
1622690395981000,0,8.40617163,0.00494140
1622690396072000,0,1.78043516,0.00494140
1622690396224000,0,1.53000000,0.00494140
1622690429193000,0,2.26000000,0.00494140
1622690603268000,0,0.00984410,0.00494140
1622691651740000,1,53.52515970,0.00495287
1622691651740000,1,13.45484030,0.00495286
1622691651740000,1,0.00464812,0.00495286
1622691684705000,1,13.46765168,0.00495383
1622691877567000,1,13.44000000,0.00495890
1622691877567000,1,0.00140305,0.00495890
1622691893024000,1,13.44000000,0.00495890
1622691904267000,1,0.00140305,0.00495890
1622691958605000,0,0.72066772,0.00496194
1622692180833000,1,1.91737200,0.00495596
1622692702539000,1,3.85345200,0.00494344
1622693108880000,1,0.36033386,0.00494272
1622693143064000,0,0.05416000,0.00494934
1622693629542000,0,6.17138163,0.00495903
1622693708426000,0,1.40000000,0.00495974
1622693708426000,0,13.36075572,0.00496163
1622693708426000,0,0.49000000,0.00496183
1622693708426000,0,25.17731828,0.00496255
1622693744354000,0,58.44000000,0.00496159
1622693744356000,0,9.56322796,0.00496159
1622693848851000,1,1.40000000,0.00496576
1622693848851000,1,2.21707300,0.00496516
1622693891643000,0,3.86000000,0.00496999
1622693891823000,0,0.00174970,0.00496999
1622694046451000,0,1.00400000,0.00497000
1622694406252000,0,6.10000000,0.00497979
1622694446284000,1,0.35000000,0.00497707
1622694771023000,0,4.58000000,0.00498134
1622694771073000,0,0.00329158,0.00498134
1622694808648000,1,0.56045800,0.00498547
1622694985265000,1,1.40000000,0.00497711
1622695024611000,1,1.40000000,0.00497780
1622695400692000,0,1.26000000,0.00497400
1622695400710000,0,0.00892800,0.00497400
1622695409562000,0,1.40000000,0.00497968
1622695409562000,0,2.29989300,0.00497969
1622695728774000,1,91.68000000,0.00496885
1622695753304000,1,0.00414096,0.00496885
1622695862903000,1,1.40000000,0.00496547
1622695862903000,1,13.26711241,0.00496546
1622695862903000,1,6.46427573,0.00496420
1622695862903000,1,16.16231112,0.00496384
1622695862903000,1,13.26833463,0.00496382
1622695862903000,1,34.10000000,0.00496305
1622695862903000,1,7.23796611,0.00496246
1622695894963000,1,0.36359800,0.00496433
1622695911280000,0,9.08000000,0.00496885
1622695952199000,0,0.00510174,0.00496885
1622696266043000,0,5.37000000,0.00498138
1622696266117000,0,0.00637576,0.00498138
1622696350450000,1,1.40000000,0.00497848
1622696547219000,1,0.25486000,0.00497230
1622696674855000,1,1.09361400,0.00496419
1622696923585000,1,13.17713351,0.00495672
1622696923585000,1,6.42458754,0.00495499
1622696923585000,1,5.02077932,0.00495499
1622696946284000,0,79.00000000,0.00496203
1622697072618000,1,1.40000000,0.00495602
1622697136577000,0,1.81718700,0.00496287
1622697349018000,1,21.00000000,0.00495338
1622697437921000,0,41.64000000,0.00495907
1622697649051000,1,0.07701577,0.00495482
1622697769816000,1,6.42612606,0.00494999
1622697769816000,1,6.10834474,0.00494998
1622697856174000,1,1.40000000,0.00494972
1622697856174000,1,0.60000000,0.00494972
1622698264294000,1,3.60000000,0.00494972
1622698264299000,1,0.00829584,0.00494972
1622698551612000,0,1.40000000,0.00493476
1622698551612000,0,1.56403600,0.00493639
1622698883039000,1,0.09851045,0.00493741
1622699065015000,0,0.39028300,0.00494228
1622699429912000,1,2.04058600,0.00492926
1622699472603000,1,0.13596400,0.00493321
1622699643396000,1,0.27865412,0.00493800
1622699643396000,1,5.32439388,0.00493799
1622699880776000,1,38.13000000,0.00493000
1622699880803000,1,0.00664100,0.00493000
1622699962275000,0,0.74129700,0.00493000
1622699962275000,0,0.14870300,0.00493000
1622699964919000,0,0.00370700,0.00493000
1622700327306000,1,0.14000000,0.00492940
1622700429863000,1,0.04092800,0.00493154
1622700581192000,0,1.04494600,0.00493487
1622700687196000,0,91.94689496,0.00493804
1622700687196000,0,15.91440629,0.00493805
1622700687196000,0,13.08155950,0.00493810
1622700687196000,0,41.36796330,0.00493894
1622700687196000,0,0.50000000,0.00493895
1622700687196000,0,8.38437595,0.00493991
1622700778104000,1,1.50769743,0.00493638
1622700832549000,0,0.04733100,0.00493600
1622701379482000,1,90.16132551,0.00493234
1622701668298000,1,7.07451180,0.00492823
1622701734286000,1,1.40000000,0.00492970
1622701740793000,0,3.90000000,0.00492970
1622701740870000,0,0.00588385,0.00492970
1622701743793000,1,1.40000000,0.00492809
1622701743793000,1,13.08055008,0.00492807
1622701743927000,0,1.43710148,0.00492807
1622702098355000,1,0.12843000,0.00494057
1622702332998000,1,0.83020600,0.00494697
1622702364073000,0,1.03893931,0.00495115
1622702442033000,1,0.41423000,0.00494722
1622702526358000,1,1.40000000,0.00494937
1622702555176000,1,0.05127900,0.00494263
1622702861450000,1,0.17926000,0.00494332
1622702905690000,1,1.00596600,0.00494332
1622703119812000,1,1.40000000,0.00494403
1622703119812000,1,10.60000000,0.00494400
1622703398455000,1,0.98144000,0.00494526
1622703561475000,0,0.56495600,0.00495234
1622703751929000,1,1.40000000,0.00493895
1622703751929000,1,13.00559226,0.00493894
1622703751929000,1,0.49000000,0.00493836
1622703751929000,1,6.32969835,0.00493740
1622703751929000,1,20.13000000,0.00493739
1622703751929000,1,0.51000000,0.00493711
1622703751929000,1,3.07161029,0.00493607
1622703994153000,1,0.99877100,0.00494342
1622704327113000,0,1.40000000,0.00495536
1622704327113000,0,11.44410931,0.00495537
1622704578055000,0,1.94412400,0.00494501
1622705091741000,0,2.84749400,0.00493712
1622705134624000,0,2.84462200,0.00493695
1622706203497000,1,0.10484192,0.00493901
1622706258311000,1,0.43674700,0.00493392
1622706382861000,0,0.57000000,0.00494048
1622707226489000,0,0.36088323,0.00494577
1622707674972000,0,15.76635148,0.00495150
1622707729672000,1,0.10332057,0.00496000
1622707756573000,1,1.40000000,0.00495918
1622707756573000,1,22.82023776,0.00495659
1622707756573000,1,6.32921385,0.00495657
1622707756573000,1,6.32962214,0.00495655
1622707756573000,1,36.34700000,0.00495655
1622707756573000,1,0.51000000,0.00495654
1622707756573000,1,13.00773328,0.00495636
1622707756573000,1,34.10000000,0.00495620
1622707756573000,1,8.40566854,0.00495510
1622707821971000,0,63.00000000,0.00497000
1622707967253000,1,1.40000000,0.00496658
1622708156488000,0,6.29182530,0.00498982
1622708156488000,0,15.72911733,0.00499028
1622708156955000,0,1.10540000,0.00499211
1622708156999000,0,2.86751419,0.00499211
1622708157034000,0,5.07599999,0.00499211
1622708157697000,1,34.10000000,0.00499668
1622708158110000,1,1.40000000,0.00499669
1622708161884000,0,0.07749042,0.00500278
1622708209418000,0,5.37637000,0.00499359
1622708209448000,0,0.00000576,0.00499359
1622708217324000,1,1.40000000,0.00499912
1622708514649000,0,0.10559800,0.00500581
1622708727753000,1,0.04955100,0.00499349
1622708746488000,1,0.07001200,0.00499445
1622708748675000,1,0.07738800,0.00499445
1622708790227000,1,0.22831600,0.00499048
1622708999796000,0,2.76885137,0.00500136
1622709021730000,0,6.26481565,0.00500532
1622709022005000,1,34.10000000,0.00500407
1622709022031000,1,1.40000000,0.00500408
1622709022397000,0,1.54308222,0.00500576
1622709022397000,0,4.59736639,0.00500576
1622709022479000,0,0.12501835,0.00500576
1622709022479000,0,6.26411438,0.00500576
1622709022479000,0,14.63631928,0.00500820
1622709022614000,0,4.62945175,0.00500820
1622709022839000,0,6.26411438,0.00500818
1622709022839000,0,2.52494811,0.00500818
1622709028277000,1,1.40000000,0.00500103
1622709028277000,1,78.00000000,0.00500102
1622709031536000,1,1.40000000,0.00500002
1622709034261000,1,1.40000000,0.00499834
1622709125517000,0,4.86000000,0.00498500
1622709583730000,1,0.20880000,0.00499250
1622709603904000,1,6.27492000,0.00499421
1622709604026000,1,0.00000989,0.00499421
1622709604026000,1,15.68805011,0.00499418
1622709753493000,1,0.09043800,0.00499299
1622709754913000,0,6.03000000,0.00499418
1622709757455000,0,0.00954768,0.00499418
1622710008931000,1,1.40000000,0.00499108
1622710008931000,1,3.04242800,0.00499051
1622710425448000,0,18.13799700,0.00498882
1622710656536000,1,1.40000000,0.00498651
1622710656536000,1,12.91150162,0.00498650
1622710656536000,1,18.24359500,0.00498445
1622710656536000,1,4.14879238,0.00498444
1622710781337000,1,12.93379780,0.00497866
1622710781337000,1,1.23747783,0.00497866
1622710781337000,1,6.30070418,0.00497720
1622710781337000,1,4.52802019,0.00497719
1622710934739000,1,0.09687400,0.00498262
1622711059254000,1,6.28569572,0.00498475
1622711059254000,1,15.71430428,0.00498438
1622711250935000,1,15.75126172,0.00497008
1622711250935000,1,6.30022828,0.00497008
1622711409762000,0,15.76002966,0.00497720
1622711441749000,0,2.13405420,0.00498398
1622711571886000,1,15.00000000,0.00498270
1622711650829000,0,0.34400000,0.00499207
1622711650931000,0,5.89831509,0.00499207
1622711651248000,0,4.14859535,0.00499289
1622711652529000,0,6.23397075,0.00499971
1622711705168000,1,0.04376000,0.00499306
1622711716497000,1,0.85018500,0.00499329
1622711727284000,0,0.08524200,0.00500100
1622711727284000,0,2.49721426,0.00500181
1622711727653000,0,0.57391298,0.00500130
1622711727655000,0,1.60093282,0.00500130
1622711727659000,0,6.71842053,0.00500130
1622711840575000,1,0.35000000,0.00499512
1622711840635000,1,2.91705693,0.00499512
1622711840639000,1,1.97932010,0.00499512
1622711840688000,1,0.97389500,0.00499512
1622711840953000,1,3.11950000,0.00499377
1622711840968000,1,3.47849934,0.00499377
1622711840978000,1,8.95341116,0.00499377
1622711840978000,1,6.06372106,0.00499376
1622711840987000,1,4.78181384,0.00499376
1622711841008000,1,3.99871376,0.00499376
1622711841010000,1,0.15575134,0.00499376
1622711841010000,1,2.95480766,0.00499285
1622711841049000,1,1.55492300,0.00499285
1622711841049000,1,3.16309701,0.00499285
1622711841070000,1,1.49243104,0.00499285
1622711841090000,1,2.03854744,0.00499285
1622711841141000,1,5.46485611,0.00499377
1622711841141000,1,0.75616316,0.00499377
1622711841141000,1,5.33275984,0.00499285
1622711841143000,1,8.50160299,0.00499285
1622711841144000,1,15.39980018,0.00499285
1622711900427000,1,6.23739000,0.00498248
1622711900514000,1,0.00000367,0.00498248
1622711900514000,1,15.59420633,0.00498247
1622712093853000,1,1.43930000,0.00499002
1622712096142000,1,0.00000783,0.00499002
1622712286198000,1,0.17536900,0.00499078
1622712286471000,1,0.07917200,0.00499078
1622712383552000,1,1.40000000,0.00499060
1622712383552000,1,6.24564340,0.00499005
1622712383552000,1,12.81817545,0.00499004
1622712383552000,1,15.61503846,0.00498974
1622712383552000,1,6.77013549,0.00498973
1622712391252000,0,0.05488283,0.00499628
1622712478836000,0,34.10000000,0.00499514
1622712478987000,0,0.35000000,0.00499594
1622712479089000,0,5.89634461,0.00499594
1622712479089000,0,6.24634461,0.00499594
1622712479552000,0,5.12449367,0.00499992
1622712479683000,0,1.11566720,0.00499992
1622712479703000,0,2.64211047,0.00500085
1622712479726000,0,2.67764625,0.00500085
1622712479730000,0,8.99403493,0.00500085
1622712479744000,0,7.17567161,0.00500085
1622712479759000,0,14.33753674,0.00500085
1622712479770000,0,1.47000000,0.00500153
1622712479791000,0,3.12098100,0.00500153
1622712511805000,1,0.32149741,0.00499165
1622712511805000,1,1.40169259,0.00499164
1622712587256000,1,0.23454500,0.00499169
1622712591125000,1,0.35000000,0.00499169
1622712670834000,1,0.32046400,0.00499281
1622713481737000,1,1.36288800,0.00498673
1622713805264000,1,0.05098500,0.00497312
1622713842940000,0,0.28186165,0.00497880
1622714116983000,0,0.35000000,0.00499370
1622714307698000,0,0.51000000,0.00499715
1622714348573000,1,6.23000000,0.00499313
1622714348596000,1,0.00594085,0.00499313
1622714359229000,1,6.24313517,0.00498594
1622714359229000,1,15.60814374,0.00498594
1622714359263000,1,40.58738278,0.00498506
1622714483008000,1,20.25200000,0.00497342
1622714483008000,1,6.25082172,0.00497276
1622714483008000,1,3.05750928,0.00497276
1622714637343000,1,0.05879900,0.00498024
1622714727365000,1,0.43387500,0.00498662
1622714986914000,1,0.37752700,0.00498110
1622715052608000,0,15.52714068,0.00499696
1622715052608000,0,40.36548852,0.00499696
1622715052608000,0,6.21091507,0.00499696
1622715052879000,0,7.82892597,0.00499937
1622715052888000,0,1.08087474,0.00499937
1622715052902000,0,1.68544803,0.00499937
1622715052906000,0,33.16275126,0.00499937
1622715052906000,0,6.20710636,0.00499979
1622715052906000,0,5.88707375,0.00499979
1622715052985000,0,9.62984393,0.00499979
1622715052985000,0,0.11536196,0.00499980
1622715053074000,0,28.88463804,0.00499980
1622715053105000,0,7.72128751,0.00499937
1622715053107000,0,5.10642367,0.00499937
1622715053198000,0,8.82503960,0.00499937
1622715274629000,0,12.75551404,0.00498849
1622715274629000,0,42.43893996,0.00498849
1622715441243000,1,0.10176600,0.00499281
1622715614839000,1,0.35000000,0.00499534
1622715752570000,1,0.70000000,0.00499230
1622715782369000,0,7.59240432,0.00499923
1622715782369000,0,1.30000000,0.00499924
1622715782369000,0,6.18394224,0.00500049
1622715782369000,0,12.68223517,0.00500050
1622715782369000,0,0.49000000,0.00500136
1622715782369000,0,3.10071995,0.00500147
1622715809385000,0,0.47525090,0.00500281
1622715856797000,0,6.18127647,0.00500323
1622715856797000,0,1.65377553,0.00500354
1622715979526000,0,10.89170831,0.00500399
1622716046202000,0,6.17636193,0.00500756
1622716095334000,1,0.09034200,0.00500429
1622716202525000,0,6.17841564,0.00500763
1622716220472000,1,1.30000000,0.00500096
1622716527780000,0,6.18541385,0.00500458
1622716558438000,0,1.14110108,0.00500321
1622716558487000,0,4.40000000,0.00500321
1622717063616000,1,1.30000000,0.00498173
1622717063616000,1,1.65196306,0.00498172
1622717063616000,1,6.22074193,0.00498170
1622717063616000,1,1.30939101,0.00498151
1622717236677000,1,6.19950017,0.00498917
1622717236677000,1,14.65560683,0.00498917
1622717281059000,1,0.19050100,0.00498801
1622717287764000,1,6.20182285,0.00499003
1622717287764000,1,1.30000000,0.00499003
1622717287764000,1,15.50522319,0.00499003
1622717287764000,1,0.49000000,0.00499002
1622717287764000,1,35.75546696,0.00499000
1622717602261000,1,1.13581500,0.00499399
1622717757262000,0,1.30000000,0.00499330
1622717825925000,0,1.30000000,0.00499029
1622717962668000,0,1.30000000,0.00498845
1622718118236000,1,6.20848749,0.00498916
1622718118236000,1,7.41589351,0.00498915
1622718260354000,0,5.40660132,0.00499397
1622718260576000,0,19.28200583,0.00499552
1622718260716000,0,4.70486882,0.00499554
1622718260725000,0,1.50703808,0.00499554
1622718260725000,0,2.02148968,0.00499554
1622718260760000,0,13.50760991,0.00499554
1622718260760000,0,9.96058415,0.00499555
1622718260836000,0,3.62254547,0.00499555
1622718260855000,0,1.80248071,0.00499555
1622718260871000,0,0.97179378,0.00499555
1622718260896000,0,6.14259589,0.00499555
1622718260896000,0,22.34176589,0.00499555
1622718260913000,0,13.31923411,0.00499555
1622718280809000,0,14.19925841,0.00500368
1622718280811000,0,3.74849327,0.00500368
1622718280814000,0,5.92522557,0.00500368
1622718280885000,0,8.65255338,0.00500390
1622718280921000,0,6.83879939,0.00500390
1622718280921000,0,6.19685676,0.00500390
1622718280921000,0,1.74735243,0.00500391
1622718280939000,0,2.57987048,0.00500391
1622718281170000,0,1.58700000,0.00500541
1622718281170000,0,6.19235468,0.00500652
1622718281399000,0,5.24871328,0.00500630
1622718281399000,0,2.34396215,0.00500747
1622718281399000,0,0.72448365,0.00500747
1622718281558000,0,14.55348279,0.00500748
1622718281581000,0,1.63971418,0.00500748
1622718661187000,1,2.38492948,0.00498102
1622718804099000,1,0.12287400,0.00498716
1622718804099000,1,0.64635800,0.00498716
1622718950773000,0,5.00000000,0.00499258
1622718999798000,1,6.24612136,0.00498962
1622718999798000,1,7.65605681,0.00498959
1622719000172000,1,6.24612136,0.00498618
1622719000357000,1,1.09917245,0.00498648
1622719000373000,1,0.75008875,0.00498648
1622719000398000,1,2.79650090,0.00498648
1622719000424000,1,1.00346930,0.00498648
1622719000737000,1,8.36324180,0.00498257
1622719177374000,0,0.07106400,0.00497482
1622719420788000,0,0.35000000,0.00496000
1622719438479000,0,36.28033000,0.00496000
1622719442093000,0,2.01952000,0.00496000
1622719442301000,0,0.00000900,0.00496000
1622719519254000,0,0.54301200,0.00496738
1622719526201000,1,0.79134900,0.00495880
1622719567073000,1,6.31412000,0.00495973
1622719831773000,1,1.00000000,0.00496322
1622720257310000,1,0.28394600,0.00496925
1622720578993000,1,0.37472913,0.00496585
1622720610489000,1,0.27454900,0.00496644
1622720821173000,0,3.20013159,0.00497777
1622720924488000,1,12.90248226,0.00496897
1622720924488000,1,25.23416374,0.00496812
1622721117431000,1,2.83599464,0.00496122
1622721117431000,1,19.91400000,0.00496121
1622721117431000,1,6.30442390,0.00496111
1622721117431000,1,6.21023146,0.00496010
1622721244703000,1,15.78901392,0.00495957
1622721244703000,1,6.31694429,0.00495957
1622721244703000,1,6.44387279,0.00495956
1622721355072000,0,1.30000000,0.00496283
1622721517868000,0,0.08298800,0.00495992
1622721741980000,1,9.94996506,0.00494175
1622721741980000,1,13.06796009,0.00494174
1622721741980000,1,4.22142700,0.00494160
1622721741980000,1,4.22142700,0.00494159
1622721741980000,1,36.57800000,0.00494154
1622721741980000,1,19.56000000,0.00494025
1622721741980000,1,22.81682785,0.00494000
1622721870593000,1,2.85017000,0.00494270
1622721870659000,1,0.00000760,0.00494270
1622721870901000,1,7.85523000,0.00494096
1622721870971000,1,10.67424891,0.00494096
1622721870971000,1,2.84999109,0.00494096
1622721871027000,1,0.00001590,0.00494096
1622722201208000,0,0.07169100,0.00494308
1622722374385000,1,9.72216459,0.00493519
1622722374385000,1,1.62736938,0.00493517
1622722374385000,1,36.57700000,0.00493513
1622722374385000,1,13.07110627,0.00493507
1622722374385000,1,1.62806813,0.00493429
1622722374385000,1,20.55600000,0.00493428
1622722374385000,1,1.30000000,0.00493389
1622722374385000,1,0.49000000,0.00493370
1622722374385000,1,0.66487241,0.00493345
1622722636887000,0,10.85583400,0.00494219
1622723215279000,1,3.68834400,0.00493533
1622723295323000,0,5.30110884,0.00494009
1622723323413000,1,3.76498700,0.00493091
1622723480833000,1,0.25725000,0.00494211
1622723765792000,0,6.32351754,0.00494754
1622723766175000,0,0.64000000,0.00494895
1622723766180000,0,1.04949154,0.00494895
1622723766193000,0,4.04386487,0.00494895
1622723766223000,0,1.58125900,0.00494892
1622723766290000,0,6.16341591,0.00494892
1622723766803000,0,9.72550308,0.00494946
1622724020611000,0,0.18017500,0.00494300
1622724545098000,0,0.48000000,0.00494779
1622724716757000,0,2.58552643,0.00495445
1622724716757000,0,0.50000000,0.00495499
1622724716757000,0,1.30000000,0.00495578
1622724716757000,0,0.49000000,0.00495650
1622724716757000,0,2.58676887,0.00495681
1622724716757000,0,0.49000000,0.00495805
1622724716757000,0,6.29414715,0.00495824
1622724716757000,0,6.29549166,0.00495825
1622724716757000,0,21.53400000,0.00495846
1622724716757000,0,9.41237136,0.00495857
1622724716757000,0,34.10000000,0.00495876
1622724716757000,0,0.50000000,0.00495914
1622724716830000,1,34.00000000,0.00496000
1622724716833000,1,0.35000000,0.00496000
1622724716855000,1,34.10000000,0.00496000
1622724716894000,1,129.15978362,0.00496000
1622724716937000,1,15.00000000,0.00496000
1622724716938000,1,34.00000000,0.00496000
1622724717429000,1,53.21020697,0.00496001
1622724717429000,1,75.93258383,0.00496000
1622724717541000,1,89.00000000,0.00496000
1622724718242000,1,249.00000000,0.00496000
1622724718816000,1,2.58237423,0.00496000
1622724720338000,1,0.09440000,0.00496000
1622724720393000,1,7.32300285,0.00496000
1622724800873000,1,12.91909748,0.00495085
1622724800943000,0,0.35000000,0.00495000
1622724800944000,0,86.73090252,0.00495000
1622724820423000,1,12.91909748,0.00495085
1622724820423000,1,286.98799052,0.00495000
1622724842499000,1,1.30000000,0.00494909
1622724842499000,1,12.91309024,0.00494908
1622724842499000,1,2.28253358,0.00494908
1622724842499000,1,6.28522463,0.00494787
1622724842499000,1,0.50000000,0.00494786
1622724842499000,1,20.29600000,0.00494732
1622724842499000,1,34.10000000,0.00494729
1622724842499000,1,0.52000000,0.00494679
1622724842499000,1,7.69072603,0.00494675
1622724842499000,1,12.92684059,0.00494643
1622724842499000,1,1.18558493,0.00494516
1622724847859000,0,83.00000000,0.00494999
1622724847919000,0,129.25997543,0.00495000
1622724848068000,0,36.50000000,0.00495000
1622724850356000,0,34.24002000,0.00495000
1622724855465000,0,0.00000457,0.00495000
1622725141196000,0,1.16940900,0.00496000
1622725141231000,0,1.09451432,0.00496000
1622725508418000,0,7.77000000,0.00494807
1622725508475000,0,0.00125790,0.00494807
1622725520287000,1,12.71350538,0.00494221
1622725520290000,1,12.47807009,0.00494221
1622725652499000,0,0.15000000,0.00493000
1622725847247000,1,6.28992000,0.00492580
1622725962495000,1,0.48000000,0.00493000
1622725962526000,1,0.00552200,0.00493000
1622726226189000,1,12.98000000,0.00493391
1622726344567000,1,6.33000000,0.00492952
1622726431216000,1,14.41844500,0.00492568
1622726482871000,0,1.84200100,0.00493211
1622726922111000,1,1.32988746,0.00493030
1622727473976000,1,1.30000000,0.00491754
1622727474599000,1,0.50000000,0.00491238
1622727474599000,1,15.67082083,0.00491072
1622727474647000,1,2.38917917,0.00491072
1622727474647000,1,6.39227461,0.00490997
1622727474647000,1,5.06678000,0.00490996
1622727474647000,1,0.49000000,0.00490995
1622727474647000,1,1.33258705,0.00490987
1622727557674000,0,0.12321800,0.00491567
1622727751131000,1,13.21924000,0.00489481
1622728115829000,0,0.48000000,0.00491883
1622728115829000,0,1.16566546,0.00491997
1622728216903000,1,0.26826600,0.00490953
1622728351365000,0,0.50000000,0.00491498
1622728351365000,0,0.07840466,0.00491512
1622728412136000,0,1.88607733,0.00491946
1622728687294000,1,1.32601042,0.00490969
1622728920288000,0,0.31400000,0.00492400
1622728920385000,0,0.00060900,0.00492400
1622729120774000,1,0.35000000,0.00493000
1622729121412000,1,0.72000000,0.00493000
1622729121413000,1,0.00108400,0.00493000
1622729330069000,0,0.34375500,0.00492883
1622729351451000,0,0.20518400,0.00492992
1622729369745000,1,2.23354657,0.00491778
1622729905907000,1,1.30000000,0.00491346
1622729905907000,1,0.07339021,0.00491346
1622729958384000,1,0.05488283,0.00491416
1622730586692000,0,1.30000000,0.00492161
1622730586692000,0,1.64137000,0.00492166
1622730833312000,1,0.06374200,0.00492153
1622730841123000,1,0.12739600,0.00491927
1622730886874000,0,0.11500000,0.00492200
1622730886920000,0,0.00096000,0.00492200
1622730991067000,1,6.77619349,0.00492262
1622731566951000,0,13.22000000,0.00491546
1622731566966000,0,0.00429161,0.00491546
1622732178947000,1,6.41089000,0.00490002
1622732237492000,1,0.33416700,0.00490000
1622732282241000,0,2.23754133,0.00490068
1622732882481000,0,0.38463500,0.00491421
1622732904067000,0,60.35100000,0.00491701
1622732904680000,0,1.21314032,0.00492100
1622732904728000,0,3.34293197,0.00492100
1622732904734000,0,9.56823800,0.00492100
1622732904765000,0,7.83239052,0.00492100
1622732904778000,0,7.36451299,0.00492100
1622733044751000,0,6.37780687,0.00492178
1622733044751000,0,11.98561413,0.00492179
1622733333661000,1,7.83000000,0.00491409
1622733726050000,1,0.47150000,0.00490326
1622733820052000,1,1.00000000,0.00490218
1622734022893000,1,1.81315000,0.00490056
1622734023124000,1,0.54706111,0.00490056
1622734023147000,1,0.65619203,0.00490056
1622734023153000,1,1.27537118,0.00490056
1622734023234000,1,2.11766724,0.00490056
1622734708192000,0,0.23500000,0.00490600
1622734779502000,0,1.60510200,0.00490600
1622734785296000,1,0.11000000,0.00491000
1622734788176000,1,0.00029500,0.00491000
1622735038084000,0,0.38102900,0.00490645
1622735059654000,1,0.94835800,0.00490193
1622735186170000,1,1.30000000,0.00489762
1622735186170000,1,1.41691200,0.00489585
1622735474778000,1,6.42893480,0.00488016
1622735474778000,1,6.42946046,0.00488016
1622735485103000,0,0.12391300,0.00488473
1622736472337000,1,1.61299120,0.00489515
1622736472885000,1,3.60021979,0.00489515
1622736564366000,1,1.40000000,0.00491035
1622736925800000,1,0.10009100,0.00491318
1622737047429000,1,1.40000000,0.00491031
1622737047429000,1,1.93972400,0.00491030
1622737441204000,1,3.43043902,0.00490053
1622737441470000,1,1.77000000,0.00490054
1622737458525000,1,10.50000000,0.00489816
1622737988496000,0,10.12000000,0.00492365
1622737988583000,0,0.00890745,0.00492365
1622738337850000,0,1.50948072,0.00493182
1622738337902000,0,1.50053245,0.00493182
1622738337929000,0,1.40510865,0.00493182
1622738337961000,0,3.62647176,0.00493182
1622738338185000,0,0.09500000,0.00493182
1622738338186000,0,0.00042380,0.00493182
1622738338409000,0,6.31639947,0.00493408
1622738338409000,0,6.48387089,0.00493408
1622738338487000,0,5.93166650,0.00493408
1622738338521000,0,3.37487578,0.00493408
1622738556234000,1,8.50000000,0.00494278
1622738599775000,1,0.06329200,0.00492854
1622738765651000,1,2.71914056,0.00492874
1622738965283000,0,1.49651500,0.00494293
1622739401317000,1,0.08458400,0.00493753
1622739507252000,1,1.40000000,0.00493781
1622739602156000,1,1.40000000,0.00493558
1622739642170000,1,1.40000000,0.00493358
1622739642170000,1,0.10000000,0.00493358
1622739744771000,1,0.39730000,0.00493419
1622739828791000,0,6.31305131,0.00494082
1622739828791000,0,15.78200030,0.00494083
1622739829211000,1,34.10000000,0.00494066
1622739829211000,1,1.40000000,0.00494012
1622739829211000,1,17.82295989,0.00494001
1622739829211000,1,38.21704011,0.00494000
1622739853745000,1,0.99900000,0.00493750
1622740650272000,0,6.56000000,0.00493972
1622740728078000,0,0.06724600,0.00494506
1622740913134000,0,4.83900855,0.00494695
1622740942592000,1,1.18880100,0.00494009
1622742064569000,1,2.60570000,0.00493246
1622742209484000,1,1.21833939,0.00493282
1622742473147000,0,11.26300000,0.00493213
1622743686633000,0,1.98071296,0.00494218
1622743807178000,1,1.40000000,0.00493347
1622743807178000,1,1.12639120,0.00493345
1622744253506000,0,3.13395009,0.00494063
1622745142266000,1,1.40000000,0.00492435
1622745150295000,1,1.40000000,0.00492259
1622745720252000,1,0.08349224,0.00491567
1622746989250000,1,15.98000000,0.00491673
1622746995953000,1,0.00367068,0.00491673
1622747244254000,1,6.39000000,0.00491023
1622747244283000,1,0.00568535,0.00491023
1622747714155000,0,76.00000000,0.00491584
1622747912635000,0,0.14077600,0.00491700
1622748246373000,0,6.84585048,0.00491726
1622748246394000,0,12.64431339,0.00491726
1622748246524000,0,11.58137290,0.00491726
1622748246881000,0,2.10688752,0.00491726
1622748246979000,0,2.63355464,0.00491726
1622748247137000,0,1.05342138,0.00491726
1622748363507000,0,1.07035500,0.00491856
1622748524923000,0,0.05659400,0.00491400
1622749077687000,0,0.39325500,0.00491688
1622749597641000,1,1.00000000,0.00491145
1622749681951000,0,0.35113100,0.00491000
1622750706945000,0,0.10126861,0.00491043
1622752783271000,1,0.40972000,0.00490446
1622752970827000,0,0.13100000,0.00490800
1622752970957000,0,0.00079000,0.00490800
1622753578011000,0,1.36181409,0.00492247
1622753765000000,1,1.40000000,0.00491943
1622753765000000,1,11.82134912,0.00491839
1622753765011000,1,3.17865088,0.00491839
1622753765011000,1,6.37596324,0.00491814
1622753765011000,1,3.65138235,0.00491813
1622753955310000,0,0.13665300,0.00492400
1622754600426000,1,0.33500000,0.00491310
1622754849914000,0,11.18590707,0.00491509
1622755272499000,1,1.86387800,0.00491125
1622755301045000,1,0.40847700,0.00491117
1622755598506000,1,0.09352200,0.00492050
1622755822866000,1,1.40000000,0.00491688
1622755899897000,1,1.40000000,0.00489443
1622756364840000,0,0.75316808,0.00489182
1622756365016000,0,0.64683192,0.00489182
1622756396226000,0,0.35000000,0.00489623
1622757661021000,1,1.40000000,0.00488504
1622757702856000,1,1.40000000,0.00488402
1622757710884000,1,1.40000000,0.00488248
1622757710884000,1,12.90963167,0.00488247
1622757712246000,1,1.40000000,0.00488171
1622757884042000,0,3.20142200,0.00488822
1622757884088000,0,3.65389725,0.00488823
1622758410949000,0,0.12106400,0.00489300
1622758437194000,1,1.40000000,0.00489181
1622758437194000,1,0.34610000,0.00489147
1622758707542000,1,0.18281700,0.00490068
1622758946158000,1,0.35000000,0.00489576
1622759693306000,0,21.93524558,0.00491964
1622759693355000,0,1.03873523,0.00491963
1622759693360000,0,2.18134154,0.00491963
1622759693371000,0,3.10488845,0.00491963
1622759693371000,0,0.26353581,0.00491965
1622759693384000,0,18.07396267,0.00491965
1622759693422000,0,1.09891951,0.00491964
1622759693425000,0,2.61101083,0.00491964
1622759693437000,0,18.96437649,0.00491964
1622759693535000,0,4.99941928,0.00491963
1622759693556000,0,24.07732193,0.00491963
1622759693583000,0,25.56082914,0.00491965
1622760723488000,0,6.33481564,0.00491563
1622760774241000,1,0.42914200,0.00491289
1622761213329000,0,87.27400000,0.00491223
1622761554491000,1,3.82460000,0.00490615
1622761554633000,1,1.37540000,0.00490615
1622761555705000,1,36.40000000,0.00490496
1622761558920000,0,0.35000000,0.00490685
1622761560678000,0,4.85000000,0.00490685
1622761681222000,1,0.50000000,0.00490667
1622761875538000,0,3.26199997,0.00490732
1622761880278000,1,5.20000000,0.00490024
1622762069325000,0,1.07601400,0.00491067
1622762103291000,0,0.49000000,0.00491234
1622762104159000,0,10.82321987,0.00491834
1622762209572000,1,0.75401634,0.00490864
1622762271251000,1,1.36210000,0.00491579
1622762379754000,0,20.80000000,0.00491544
1622762380563000,0,2.93724602,0.00491907
1622762516114000,1,0.42926000,0.00491775
1622762676424000,1,0.35000000,0.00493198
1622762682149000,1,0.10910000,0.00493198
1622763297954000,1,0.05216700,0.00492776
1622763373587000,1,1.40000000,0.00493164
1622763373587000,1,5.20000000,0.00493163
1622763373587000,1,0.61894400,0.00493137
1622763395570000,1,1.40000000,0.00493047
1622763395570000,1,18.99894800,0.00492878
1622763718239000,0,2.24671764,0.00493721
1622763795204000,1,0.06320100,0.00493604
1622763815732000,1,0.77830400,0.00493689
1622764569191000,1,6.30020000,0.00493298
1622764570739000,1,6.64215000,0.00493298
1622764955196000,0,0.11910100,0.00493500
1622765379136000,0,10.45400000,0.00492591
1622765564943000,0,5.20000000,0.00493103
1622765605856000,0,5.20000000,0.00493614
1622765605856000,0,1.40000000,0.00493638
1622765605856000,0,6.32946205,0.00493639
1622765605856000,0,5.20000000,0.00493640
1622765605856000,0,4.80459660,0.00493665
1622767153413000,1,0.04673800,0.00490687
1622767263164000,1,0.46565680,0.00490324
1622767460447000,1,2.04000000,0.00490208
1622768175128000,1,0.05221200,0.00490940
1622768215523000,0,0.15860592,0.00491374
1622768679769000,0,0.35000000,0.00491187
1622769116190000,0,6.43443634,0.00490477
1622769116190000,0,1.40776366,0.00490477
1622769116913000,0,14.68270000,0.00490476
1622769118351000,1,5.20000000,0.00489808
1622769121709000,1,5.20000000,0.00489344
1622769132507000,1,5.20000000,0.00488697
1622769196734000,0,0.13634500,0.00489742
1622769319278000,1,5.20000000,0.00488546
1622769328561000,1,5.20000000,0.00488218
1622769329386000,1,5.20000000,0.00488042
1622769329386000,1,5.20000000,0.00488017
1622769337323000,1,0.51000000,0.00487371
1622769367807000,0,0.07495300,0.00486982
1622769427964000,1,8.15490000,0.00483516
1622769430638000,1,0.00000241,0.00483516
1622769431504000,1,0.35000000,0.00483370
1622769431580000,1,7.81802242,0.00483370
1622769431580000,1,8.24592244,0.00483296
1622769442774000,1,8.19710142,0.00481608
1622769443213000,1,8.16160755,0.00481461
1622769443312000,0,0.51000000,0.00481407
1622769443312000,0,1.40000000,0.00481647
1622769443312000,0,34.10000000,0.00481648
1622769443382000,1,31.79151997,0.00481661
1622769443454000,0,0.13000000,0.00481408
1622769459711000,0,1.40000000,0.00479887
1622769461039000,0,0.48000000,0.00480121
1622769461086000,0,19.82900000,0.00480426
1622769461463000,0,0.48000000,0.00480185
1622769461463000,0,7.55430000,0.00480495
1622769466956000,0,2.32000000,0.00482169
1622769467429000,0,0.49000000,0.00481971
1622769468828000,1,0.48000000,0.00481805
1622769468969000,1,0.50000000,0.00481864
1622769468969000,1,0.48000000,0.00481646
1622769468969000,1,0.42000000,0.00481455
1622769472110000,0,0.35000000,0.00482666
1622769473524000,0,4.23227100,0.00483000
1622769491640000,1,0.49000000,0.00482457
1622769493197000,0,0.07646300,0.00482061
1622769493339000,0,0.42353700,0.00482061
1622769494822000,0,5.20000000,0.00483012
1622769499959000,0,1.40000000,0.00483930
1622769501119000,0,0.48000000,0.00484094
1622769501562000,1,0.49000000,0.00483893
1622769501714000,0,4.71000000,0.00483811
1622769502679000,1,0.48000000,0.00483566
1622769502751000,1,0.92000000,0.00483566
1622769502751000,1,0.48000000,0.00483536
1622769502751000,1,6.81736000,0.00483272
1622769504333000,1,0.49000000,0.00483885
1622769512521000,0,0.49000000,0.00484305
1622769513056000,0,5.20000000,0.00484686
1622769518043000,1,0.50000000,0.00484864
1622769518112000,1,4.70000000,0.00484864
1622769518112000,1,0.50000000,0.00484758
1622769518595000,1,0.49000000,0.00484865
1622769623187000,0,5.20000000,0.00485106
1622769676604000,0,38.01500000,0.00486308
1622769682316000,1,5.20000000,0.00485215
1622769735507000,1,0.50000000,0.00485355
1622769741569000,1,23.52436000,0.00485215
1622769741681000,1,0.35000000,0.00485215
1622769741699000,1,8.04029867,0.00485215
1622769749422000,0,0.35000000,0.00484923
1622769749508000,0,4.85000000,0.00484923
1622769766350000,0,5.20000000,0.00485426
1622769771519000,1,0.49000000,0.00485055
1622769787574000,1,6.60387000,0.00484777
1622769801665000,1,6.60031000,0.00485013
1622769801804000,1,0.00000592,0.00485013
1622769801804000,1,5.19999408,0.00485013
1622769801881000,1,4.70825000,0.00485013
1622769805460000,1,41.60000000,0.00484522
1622769805781000,1,6.60609831,0.00484523
1622769805781000,1,10.18063158,0.00484522
1622769805781000,1,1.12207011,0.00484521
1622769805946000,1,5.48306160,0.00484521
1622769805946000,1,38.09500000,0.00484433
1622769805946000,1,6.60031592,0.00484432
1622769806518000,1,6.60513171,0.00483846
1622769806518000,1,6.60031592,0.00483846
1622769806518000,1,6.60609831,0.00483846
1622769808924000,0,93.90000000,0.00484101
1622769808924000,0,0.00121396,0.00484101
1622769809241000,0,0.49000000,0.00484209
1622769809241000,0,5.20000000,0.00484264
1622769810941000,0,1.40000000,0.00484638
1622769817303000,0,5.23060000,0.00484888
1622769860262000,1,6.60212785,0.00484091
1622769860262000,1,16.50900215,0.00484091
1622769893016000,1,5.20000000,0.00483311
1622769906675000,1,5.20000000,0.00482546
1622769906703000,1,5.20000000,0.00482521
1622769906900000,1,0.50000000,0.00482572
1622769929676000,1,5.20000000,0.00483032
1622769933551000,0,0.48000000,0.00483350
1622769937662000,1,6.64775000,0.00482778
1622769955993000,0,6.64615905,0.00483723
1622769956047000,0,6.64630000,0.00483746
1622769956284000,0,0.00002528,0.00483746
1622769956284000,0,6.64601403,0.00483746
1622769956284000,0,28.62896069,0.00483747
1622770019050000,1,9.22869000,0.00483821
1622770019124000,1,7.30199000,0.00483821
1622770019922000,1,0.00000855,0.00483821
1622770021330000,1,42.98000000,0.00483716
1622770026079000,0,5.23070000,0.00484220
1622770054242000,1,13.64480349,0.00483890
1622770054348000,1,6.61271475,0.00483838
1622770054348000,1,0.51000000,0.00483837
1622770141610000,1,0.88960416,0.00484065
1622770153254000,0,1.66829000,0.00484000
1622770562771000,0,0.16440660,0.00484607
1622770701309000,0,16.49734000,0.00485087
1622770788142000,1,5.20000000,0.00484462
1622770839058000,1,1.97016600,0.00484109
1622770839179000,0,1.16367800,0.00484926
1622770943932000,0,0.19088600,0.00484587
1622771131027000,0,0.06363700,0.00484976
1622771277838000,0,0.07633300,0.00484580
1622771544948000,0,31.06706000,0.00482951
1622771593215000,1,4.69938591,0.00482528
1622771593215000,1,1.81706409,0.00482527
1622771593413000,1,4.69938000,0.00482528
1622771593781000,1,16.56710000,0.00482408
1622771593829000,1,0.00000004,0.00482408
1622771593829000,1,6.62623767,0.00482408
1622771594533000,1,3.40086399,0.00481946
1622771608057000,0,6.64078000,0.00481998
1622771608825000,0,16.56710000,0.00481999
1622771608961000,0,9.02368075,0.00481999
1622771609344000,0,13.69788019,0.00482000
1622771611470000,1,5.20000000,0.00481734
1622771627568000,0,38.34600000,0.00482000
1622771903599000,1,1.40000000,0.00481924
1622771903599000,1,5.20000000,0.00481923
1622771903599000,1,4.99333844,0.00481923
1622771903599000,1,6.63559370,0.00481900
1622771903599000,1,5.26739000,0.00481899
1622771903599000,1,13.70683353,0.00481898
1622771903599000,1,15.11291523,0.00481846
1622771912005000,0,0.56057800,0.00482383
1622772012341000,0,0.81878800,0.00482660
1622772704183000,1,34.50000000,0.00481739
1622772704691000,1,0.73000000,0.00481739
1622772716462000,1,0.00530078,0.00481739
1622772734723000,1,137.84999729,0.00482000
1622772748703000,1,0.50000000,0.00481386
1622772753125000,1,6.65000000,0.00481198
1622772772779000,1,6.69910927,0.00481064
1622772772779000,1,6.69089073,0.00481063
1622772795569000,1,0.00705896,0.00481063
1622772795736000,1,6.69560345,0.00480892
1622772795736000,1,6.69400655,0.00480892
1622772795817000,0,92.37000000,0.00481000
1622772795871000,0,21.66000000,0.00481000
1622772820655000,0,0.12869600,0.00480600
1622772877922000,0,6.70897573,0.00481417
1622772877922000,0,0.51000000,0.00481446
1622772877922000,0,0.49230927,0.00481566
1622773016269000,1,6.67129000,0.00482950
1622773016381000,1,0.00000944,0.00482950
1622773016413000,1,16.68023000,0.00482872
1622773016808000,1,6.67162000,0.00482872
1622773017323000,1,6.67162925,0.00482521
1622773017323000,1,6.67161075,0.00482521
1622773112120000,1,0.04200000,0.00483637
1622773135713000,1,0.00064634,0.00483637
1622773136254000,1,16.62216350,0.00483129
1622773136254000,1,43.21931270,0.00483128
1622773339212000,0,0.08233900,0.00482578
1622773589459000,0,0.17058800,0.00483334
1622773646246000,1,6.66000000,0.00482011
1622773757804000,0,6.68790162,0.00482568
1622773757804000,0,5.20000000,0.00482569
1622773757804000,0,0.50000000,0.00482595
1622773757804000,0,16.71661980,0.00482667
1622773757804000,0,1.40000000,0.00482668
1622773757804000,0,20.97200000,0.00482720
1622773757804000,0,38.54589758,0.00482720
1622774791645000,1,93.90121396,0.00481714
1622774951289000,0,0.05114700,0.00482721
1622775942645000,0,5.00000000,0.00481977
1622776145698000,1,1.17446798,0.00482064
1622776381025000,0,4.48497500,0.00482713
1622777399730000,0,0.19123900,0.00483774
1622777884810000,1,6.56628282,0.00483744
1622777884863000,1,8.17170000,0.00483738
1622777888817000,1,0.30800000,0.00483634
1622777888894000,1,6.26037266,0.00483634
1622777888899000,1,8.14346905,0.00483633
1622777888899000,1,0.48000000,0.00483632
1622777888899000,1,1.05953095,0.00483471
1622777888949000,1,15.36221411,0.00483471
1622777888973000,1,8.24960000,0.00483422
1622777889028000,1,30.03540000,0.00483422
1622777889456000,1,4.41690000,0.00483422
1622777969481000,0,0.06335700,0.00483533
1622778148023000,0,1.00336800,0.00483576
1622779166574000,1,1.40000000,0.00482744
1622779166574000,1,5.20000000,0.00482743
1622779166574000,1,0.34029584,0.00482693
1622779166642000,0,0.35000000,0.00482668
1622779166643000,0,2.70970416,0.00482668
1622779168579000,1,1.40000000,0.00482809
1622779168579000,1,5.89029584,0.00482744
1622779168579000,1,34.10000000,0.00482555
1622779168579000,1,6.60567288,0.00482544
1622779168579000,1,0.51000000,0.00482543
1622779168579000,1,19.01300000,0.00482469
1622779168579000,1,1.36389089,0.00482457
1622779168579000,1,0.49000000,0.00482443
1622779168579000,1,16.51479633,0.00482427
1622779168579000,1,14.11234406,0.00482261
1622779231206000,1,5.20000000,0.00482050
1622779231206000,1,6.60477483,0.00481971
1622779231206000,1,1.40000000,0.00481970
1622779231206000,1,16.54810404,0.00481856
1622779231206000,1,1.36680009,0.00481855
1622779231206000,1,19.01300000,0.00481803
1622779231206000,1,0.49000000,0.00481777
1622779231206000,1,42.93717596,0.00481705
1622779231206000,1,6.44014508,0.00481704
1622779525099000,0,0.41062100,0.00483552
1622779589637000,0,1.37985990,0.00483576
1622779704042000,0,3.81220900,0.00484262
1622780224324000,0,1.40000000,0.00483715
1622780226252000,0,1.40000000,0.00483830
1622780226252000,0,5.20000000,0.00483831
1622780275065000,0,4.03000000,0.00483951
1622780291192000,0,16.50000000,0.00484309
1622780291936000,0,0.00864007,0.00484309
1622780448320000,0,16.57000000,0.00484233
1622780448489000,0,0.00544256,0.00484233
1622780452676000,0,0.94831300,0.00484377
1622780469909000,0,16.57000000,0.00484392
1622780469942000,0,0.00813284,0.00484392
1622780555336000,0,0.18610900,0.00484268
1622780764233000,1,3.06427700,0.00484392
1622780829900000,0,0.24232500,0.00485405
1622780830409000,0,0.51503383,0.00485405
1622780994905000,1,1.40000000,0.00485131
1622781735255000,0,0.63813100,0.00483111
1622781819894000,0,5.20000000,0.00483305
1622781819894000,0,33.05894200,0.00483362
1622782197339000,1,0.38752600,0.00483141
1622782606456000,0,0.15389500,0.00483997
1622782791241000,1,2.64130000,0.00483608
1622782819789000,0,2.18700000,0.00484037
1622783354403000,1,0.05000000,0.00482666
1622783363884000,1,0.00035963,0.00482666
1622783487735000,1,3.99000000,0.00482538
1622783558545000,1,6.46216500,0.00482684
1622783670170000,0,1.40000000,0.00482423
1622783670962000,1,5.20000000,0.00481549
1622783671495000,1,0.49000000,0.00481489
1622783672783000,0,0.51000000,0.00481501
1622783672783000,0,0.48000000,0.00481603
1622783672783000,0,1.40000000,0.00481734
1622783672861000,1,1.40000000,0.00481835
1622783672864000,1,0.30000000,0.00481835
1622783672990000,1,0.50000000,0.00481835
1622783673020000,1,0.61000000,0.00481835
1622783675397000,0,17.84000000,0.00481396
1622783675397000,0,0.50000000,0.00481529
1622783675397000,0,1.40000000,0.00481623
1622783675397000,0,0.50000000,0.00481638
1622783675397000,0,21.36000000,0.00481768
1622783675564000,0,1.40000000,0.00481767
1622783675564000,0,24.34750000,0.00481769
1622783692952000,0,0.35000000,0.00481522
1622783694226000,0,4.85000000,0.00481522
1622783698607000,0,5.20000000,0.00481919
1622783885021000,0,0.80000000,0.00483803
1622783939959000,1,0.30996000,0.00483454
1622784089265000,0,1.62550700,0.00483787
1622784150300000,0,1.40000000,0.00483771
1622784150484000,0,0.56741686,0.00483771
1622784365328000,1,6.74661907,0.00482548
1622784374232000,1,0.13168300,0.00482100
1622784494165000,1,5.20000000,0.00481812
1622784496311000,0,2.74620000,0.00481958
1622784506200000,1,6.77215790,0.00481228
1622784656836000,1,5.20000000,0.00481225
1622784670900000,1,5.20000000,0.00481339
1622784688096000,0,13.98795000,0.00481588
1622784700290000,0,0.00000583,0.00481588
1622784700290000,0,1.14337217,0.00481908
1622784725587000,0,2.40309999,0.00482300
1622784725686000,0,2.76600000,0.00482301
1622784893376000,1,6.79880472,0.00480118
1622784933276000,1,5.20000000,0.00479050
1622784934272000,0,1.40000000,0.00479368
1622784934272000,0,0.48000000,0.00479408
1622784934272000,0,0.12000000,0.00479554
1622784946395000,1,10.00000000,0.00478800
1622784954063000,1,5.00000000,0.00477000
1622784963568000,1,0.51000000,0.00476168
1622784968640000,0,5.20000000,0.00476555
1622784978517000,1,0.50000000,0.00476653
1622784978517000,1,1.40000000,0.00476602
1622784978517000,1,0.49000000,0.00476555
1622785192562000,1,1.40000000,0.00478660
1622785285438000,1,1.21937300,0.00478012
1622785299909000,1,1.40000000,0.00477845
1622785305856000,1,1.40000000,0.00477749
1622785440094000,0,6.89102761,0.00477247
1622785440094000,0,5.20000000,0.00477248
1622785442685000,0,6.88784403,0.00477328
1622785450681000,0,6.89188797,0.00477339
1622785451194000,0,6.89160275,0.00477364
1622785451194000,0,17.22308436,0.00477515
1622785456582000,1,0.50000000,0.00477351
1622785456582000,1,1.40000000,0.00477311
1622785458551000,1,23.18000000,0.00477160
1622785458703000,1,6.21144716,0.00477160
1622785458703000,1,14.28639932,0.00477159
1622785542595000,0,0.29238500,0.00478832
1622785554480000,0,3.89974200,0.00479667
1622785569365000,0,5.20000000,0.00479642
1622785587017000,0,0.28746800,0.00479000
1622785625946000,1,0.62968500,0.00479497
1622785646868000,1,0.35000000,0.00480655
1622785646870000,1,33.86912902,0.00480655
1622785664242000,1,173.57000000,0.00480000
1622785664282000,1,0.00430000,0.00480000
1622785670994000,1,0.06189800,0.00479793
1622785747992000,0,0.42505300,0.00480000
1622785872690000,1,5.20000000,0.00479024
1622785910657000,0,0.27600000,0.00479200
1622785965529000,0,0.00008200,0.00479200
1622786163845000,1,0.07872100,0.00478181
1622786175862000,1,0.13024500,0.00478280
1622786385975000,0,5.00000000,0.00478762
1622786487252000,0,93.90121396,0.00479887
1622786494038000,1,5.20000000,0.00479919
1622786494407000,1,5.20000000,0.00479777
1622786494407000,1,1.40000000,0.00479466
1622786494407000,1,0.10090095,0.00479447
1622786494407000,1,8.49649548,0.00479446
1622786494809000,1,0.51000000,0.00479326
1622786495499000,1,93.90000000,0.00479346
1622786544784000,1,0.12302600,0.00478098
1622787055553000,0,0.33193956,0.00478890
1622787196249000,1,5.20000000,0.00477058
1622787196899000,1,0.06525757,0.00477034
1622787208781000,0,0.07400000,0.00476982
1622787358957000,1,0.39410932,0.00477559
1622787358957000,1,0.15158051,0.00477559
1622787358957000,1,0.06063220,0.00477559
1622787699806000,0,5.20000000,0.00477181
1622787699806000,0,5.20000000,0.00477206
1622787699806000,0,32.22197600,0.00477206
1622787866178000,1,0.05600000,0.00477258
1622787884690000,1,0.00098418,0.00477258
1622788172826000,0,0.05600000,0.00475281
1622788251319000,1,33.25000000,0.00475000
1622788252281000,1,0.00220000,0.00475000
1622788268138000,1,5.09733976,0.00474119
1622788268437000,1,0.10266024,0.00474119
1622788268437000,1,0.39733976,0.00474094
1622788268860000,1,5.20000000,0.00474093
1622788269239000,1,1.33000000,0.00474069
1622788287991000,0,5.20000000,0.00474093
1622788316709000,0,17.29307499,0.00475061
1622788316709000,0,0.49000000,0.00475079
1622788432650000,1,0.35000000,0.00475000
1622788448479000,1,0.09195900,0.00475000
1622788576711000,0,2.00620000,0.00475551
1622788582747000,0,4.90701000,0.00475551
1622788585970000,0,0.00000737,0.00475551
1622788588215000,0,0.35000000,0.00475763
1622788588228000,0,19.00000000,0.00475763
1622788588312000,0,16.50000000,0.00475763
1622789055287000,0,1.96946900,0.00475529
1622789159023000,0,1.50604500,0.00474807
1622789234749000,0,0.59219300,0.00475296
1622789293005000,1,6.93000000,0.00473926
1622789293023000,1,0.00950466,0.00473926
1622789325515000,0,0.04607400,0.00473534
1622789382400000,1,17.44810000,0.00472683
1622789383515000,1,0.00002176,0.00472683
1622789383515000,1,174.73997824,0.00472500
1622789383523000,1,15.64000000,0.00472500
1622789383532000,1,17.03518578,0.00472500
1622789438713000,1,1.42956054,0.00473342
1622789471329000,1,1.20000000,0.00474000
1622789471351000,1,0.00270600,0.00474000
1622789496558000,0,5.20000000,0.00473727
1622789496558000,0,0.42929040,0.00473727
1622789496558000,0,1.40000000,0.00473765
1622789496558000,0,5.51539760,0.00473828
1622789539022000,0,0.72525400,0.00473503
1622789540377000,0,1.07536700,0.00473478
1622789586670000,1,0.33885797,0.00472627
1622789587356000,0,0.33885637,0.00473356
1622789588471000,1,0.33885942,0.00472652
1622789623570000,1,1.73150000,0.00473000
1622789623575000,1,0.00006800,0.00473000
1622789881683000,0,10.16799000,0.00473998
1622789881835000,0,10.16799900,0.00474000
1622789905537000,0,0.96861700,0.00474540
1622789948415000,1,6.18265200,0.00473586
1622790098257000,1,6.99006529,0.00471848
1622790098257000,1,6.99062763,0.00471848
1622790128399000,0,30.00000000,0.00472408
1622790140073000,0,0.05854700,0.00472679
1622790197209000,1,1.91810000,0.00471850
1622790197254000,1,0.00008374,0.00471850
1622790253833000,0,17.55190000,0.00472790
1622790330562000,0,25.40000000,0.00471312
1622790356707000,0,1.65420000,0.00472976
1622790428168000,0,3.54580000,0.00473813
1622790442362000,0,66.53700000,0.00474998
1622790442763000,0,6.99045905,0.00475181
1622790443012000,0,6.99252833,0.00475267
1622790467797000,1,5.20000000,0.00474829
1622790539865000,0,6.96240160,0.00475451
1622790540422000,0,61.53000000,0.00475630
1622790633492000,0,3.04648444,0.00474829
1622790853113000,1,0.50000000,0.00472663
1622790874713000,1,0.79809616,0.00472095
1622790918189000,0,0.06470500,0.00473421
1622790934413000,1,8.84000000,0.00471832
1622791047213000,0,7.04504000,0.00471726
1622791059691000,0,7.04432448,0.00472621
1622791475826000,1,0.18668400,0.00472810
1622791541024000,0,5.20000000,0.00474214
1622791541024000,0,0.67740100,0.00474238
1622791619355000,1,5.20000000,0.00473186
1622791619355000,1,2.49781078,0.00473162
1622791619581000,1,10.65025985,0.00473162
1622791724405000,0,0.41044500,0.00474600
1622791785093000,1,5.20000000,0.00473538
1622791786728000,0,0.49000000,0.00473368
1622791786910000,1,5.43332702,0.00473417
1622791822401000,0,0.97365200,0.00473971
1622791960309000,0,8.48411805,0.00475250
1622792018181000,0,0.06587200,0.00474803
1622792047922000,0,2.20171159,0.00474637
1622792066160000,0,31.89109000,0.00474222
1622792139637000,0,0.94899400,0.00474623
1622792160447000,0,6.97060619,0.00474630
1622792160447000,0,5.58982404,0.00474630
1622792160481000,0,2.67652315,0.00474630
1622792160521000,0,4.65098169,0.00474631
1622792320780000,0,0.10453100,0.00474755
1622792763368000,0,0.32092300,0.00474545
1622792813882000,1,7.64627888,0.00473557
1622793090268000,0,0.11400000,0.00473471
1622793157046000,1,0.18527600,0.00473209
1622793173962000,0,7.53228364,0.00473574
1622793175942000,1,2.48158100,0.00473520
1622793175981000,1,1.40000000,0.00473588
1622793175981000,1,7.99982121,0.00473520
1622793177239000,1,1.40000000,0.00473521
1622793177239000,1,3.61800000,0.00473520
1622793178514000,1,0.07800000,0.00474000
1622793178784000,1,0.00034000,0.00474000
1622793178784000,1,0.04236100,0.00474000
1622793183673000,0,5.20000000,0.00473496
1622793184331000,0,25.51000000,0.00473520
1622793184334000,0,0.00859000,0.00473520
1622793202756000,1,6.95960000,0.00473319
1622793202856000,1,0.00002999,0.00473319
1622793676587000,0,5.20000000,0.00473802
1622793676587000,0,6.98976562,0.00473899
1622793676587000,0,40.45600000,0.00473900
1622793676587000,0,6.99940205,0.00473970
1622793676587000,0,0.50000000,0.00473980
1622793676587000,0,84.31903619,0.00474000
1622793677094000,0,6.98976562,0.00473999
1622793677094000,0,40.42200000,0.00473999
1622793677094000,0,36.48396381,0.00474000
1622793721845000,1,6.24060000,0.00472763
1622793721854000,1,0.76233273,0.00472763
1622793721854000,1,7.80206921,0.00472721
1622793721869000,1,9.70981739,0.00472721
1622793747609000,0,0.49000000,0.00472333
1622793747687000,1,4.71000000,0.00472415
1622793751917000,1,7.00000000,0.00471643
1622793752126000,1,0.00770819,0.00471643
1622793756673000,0,16.66940000,0.00472082
1622793764024000,0,33.00000000,0.00472318
1622793766923000,0,5.20000000,0.00472646
1622793791639000,1,5.20000000,0.00472023
1622794078444000,0,0.48000000,0.00474105
1622794186290000,1,6.94620000,0.00474315
1622794186300000,1,0.00007545,0.00474315
1622794493575000,0,14.44000000,0.00474004
1622794640255000,0,0.07800000,0.00473458
1622794640310000,0,5.12200000,0.00473458
1622795186593000,0,13.33048394,0.00476101
1622795190945000,0,26.92151000,0.00476101
1622795195003000,1,1.88052466,0.00475745
1622795195009000,1,1.77480849,0.00475745
1622795195467000,1,1.54466685,0.00475745
1622795241985000,0,0.00000606,0.00476101
1622795243246000,0,6.94620000,0.00476321
1622795243275000,0,38.23569103,0.00476321
1622795299252000,0,3.90477545,0.00476069
1622795299256000,0,4.50000000,0.00476069
1622795350853000,1,1.01041500,0.00475703
1622795382688000,1,1.33207194,0.00475926
1622795400476000,1,0.13323300,0.00475783
1622795726688000,1,0.35000000,0.00475018
1622795727034000,1,0.15000000,0.00475018
1622796003448000,0,5.20000000,0.00475229
1622796003448000,0,52.00000000,0.00475253
1622796134093000,0,5.00000000,0.00475061
1622796146245000,1,0.99294400,0.00474650
1622796165863000,1,0.23304700,0.00474514
1622796340707000,1,5.20000000,0.00474517
1622796398610000,0,5.20000000,0.00474945
1622796398610000,0,8.39185400,0.00474998
1622797426140000,1,1.40000000,0.00473763
1622797426140000,1,5.20000000,0.00473762
1622797426140000,1,40.48000000,0.00473738
1622797426140000,1,14.45142097,0.00473666
1622797426140000,1,0.48000000,0.00473611
1622797426140000,1,36.00000000,0.00473568
1622797426140000,1,2.07155603,0.00473516
1622797505466000,1,0.12377900,0.00474233
1622797588064000,0,3.37573000,0.00474611
1622797588132000,0,0.00000155,0.00474611
1622797600746000,1,5.20000000,0.00474686
1622797600746000,1,6.98176700,0.00474568
1622797600746000,1,8.68063193,0.00474567
1622797600746000,1,14.41727547,0.00474562
1622797600746000,1,40.34900000,0.00474562
1622797600746000,1,6.97926529,0.00474533
1622797600746000,1,0.48000000,0.00474532
1622797600746000,1,8.67102950,0.00474467
1622797600746000,1,18.38800000,0.00474460
1622797600746000,1,0.49000000,0.00474436
1622797600746000,1,1.92129481,0.00474420
1622797804589000,0,0.34000000,0.00474534
1622797804635000,0,0.00306645,0.00474534
1622797863726000,1,5.20000000,0.00474700
1622797863726000,1,3.81298900,0.00474531
1622798123080000,1,5.20000000,0.00474368
1622798206055000,1,5.20000000,0.00474416
1622798206055000,1,3.30000000,0.00474393
1622798484857000,1,0.36444000,0.00475000
1622798505294000,1,2.60000000,0.00475002
1622798806807000,0,3.90836600,0.00475764
1622798917239000,0,3.07972000,0.00475286
1622798917264000,0,0.00000061,0.00475286
1622798931607000,1,0.53341800,0.00474894
1622799036460000,1,1.40871000,0.00475072
1622799036705000,0,0.20077000,0.00475775
1622799075384000,0,37.00000000,0.00476550
1622799255310000,0,5.20000000,0.00477070
1622799255310000,0,0.48000000,0.00477100
1622799255310000,0,0.51000000,0.00477204
1622799255310000,0,8.53909300,0.00477229
1622799286595000,0,45.03000000,0.00477184
1622799319606000,1,0.04466500,0.00476000
1622799448320000,0,5.20000000,0.00477547
1622799448320000,0,1.40000000,0.00477571
1622799448320000,0,11.74835400,0.00477640
1622799832925000,1,17.22652027,0.00476921
1622799832925000,1,6.88997973,0.00476921
1622799832959000,1,0.00002068,0.00476921
1622800181447000,1,1.33135500,0.00477000
1622800228240000,0,1.40000000,0.00477366
1622800228240000,0,3.60000000,0.00477367
1622800498870000,0,5.20000000,0.00477955
1622800502984000,1,15.32000000,0.00478000
1622800503007000,1,0.00708000,0.00478000
1622800564183000,1,0.75295300,0.00477817
1622801210318000,0,0.65651700,0.00477656
1622801253049000,1,0.19708400,0.00478000
1622801475880000,0,5.20000000,0.00478141
1622801478475000,0,1.40000000,0.00478165
1622801536916000,0,1.40000000,0.00479379
1622801554376000,1,20.80000000,0.00478900
1622801593167000,1,41.20780000,0.00478900
1622801593242000,1,17.50000000,0.00478900
1622801593372000,1,20.49220000,0.00478900
1622801638850000,0,0.05844200,0.00479209
1622801650422000,0,0.05844200,0.00479392
1622801846908000,1,6.00000000,0.00478308
1622801846938000,1,17.79140000,0.00478308
1622801847092000,1,96.20860000,0.00478308
1622801903451000,0,5.20000000,0.00478678
1622801903522000,1,5.50000000,0.00478700
1622801903642000,1,139.30000000,0.00478700
1622801945498000,1,5.50000000,0.00478220
1622801945594000,1,94.50000000,0.00478220
1622801998934000,0,1.30798800,0.00478546
1622802006865000,1,2.81173245,0.00478060
1622802033100000,1,141.87807162,0.00478220
1622802052652000,1,8.12192838,0.00478220
1622802132225000,1,5.88347000,0.00478000
1622802132472000,1,0.00000300,0.00478000
1622802262757000,1,150.00000000,0.00477590
1622802319556000,1,8.51732295,0.00477590
1622802319599000,1,141.48267705,0.00477590
1622802471087000,1,150.00000000,0.00477210
1622802471241000,1,16.50000000,0.00477122
1622802499306000,0,5.20000000,0.00477194
1622802632558000,0,5.20000000,0.00477591
1622802632558000,0,14.26023205,0.00477615
1622802632558000,0,6.89639926,0.00477695
1622802632558000,0,0.50000000,0.00477696
1622802632692000,1,142.64086015,0.00477700
1622802632694000,1,14.26023205,0.00477700
1622802632706000,1,16.24227649,0.00477700
1622802796652000,1,150.00000000,0.00477500
1622803363890000,0,26.57174000,0.00477630
1622803363968000,0,4.42826000,0.00477630
1622803458909000,1,17.24969000,0.00477632
1622803458958000,1,0.00000440,0.00477632
1622803481982000,1,6.28746710,0.00477400
1622803482039000,1,1.71172638,0.00477400
1622803482091000,1,0.57057390,0.00477400
1622803552371000,0,45.00000000,0.00478120
1622803597123000,0,1.40000000,0.00478105
1622803597123000,0,14.22000000,0.00478106
1622803597139000,0,0.00713095,0.00478106
1622803659197000,1,142.68203704,0.00477700
1622803659340000,1,57.31796296,0.00477700
1622803666759000,0,1.40000000,0.00477796
1622803666759000,0,5.70594673,0.00477927
1622803666759000,0,1.01534527,0.00477968
1622803813347000,1,141.43023262,0.00477400
1622803815001000,0,1.40000000,0.00477389
1622803815001000,0,46.00000000,0.00477390
1622803815124000,1,202.60000000,0.00477400
1622803953566000,1,53.13000000,0.00477000
1622803954470000,1,196.87000000,0.00477000
1622804297959000,1,250.00000000,0.00477100
1622804650601000,1,48.11000000,0.00476500
1622804650604000,1,127.83000000,0.00476500
1622804763514000,1,11.84568800,0.00476562
1622804796613000,1,108.21304906,0.00476500
1622804879870000,1,1.97460800,0.00477000
1622804880335000,0,1.40000000,0.00476999
1622804887937000,0,20.16000000,0.00476999
1622804962262000,1,5.20000000,0.00476526
1622804962262000,1,11.79641550,0.00476526
1622804962262000,1,8.00000000,0.00476502
1622804962262000,1,15.84695094,0.00476500
1622804962262000,1,1.40000000,0.00476375
1622804962262000,1,0.50000000,0.00476354
1622804962262000,1,6.88795882,0.00476303
1622805171342000,0,0.37852736,0.00477499
1622805260231000,0,5.20000000,0.00477196
1622805260231000,0,6.89691156,0.00477220
1622805260231000,0,6.89682352,0.00477245
1622805260231000,0,3.62155792,0.00477246
1622805419525000,1,6.00000000,0.00476200
1622805419605000,1,244.00000000,0.00476200
1622805583055000,0,0.06609600,0.00476379
1622805719877000,0,6.90859809,0.00477502
1622805719877000,0,12.83526791,0.00477502
1622806250506000,1,121.48000000,0.00476200
1622806250511000,1,18.51000000,0.00476200
1622806272063000,1,135.01000000,0.00476200
1622806317953000,0,0.42993300,0.00476525
1622806365415000,0,0.43020100,0.00476490
1622806408615000,0,0.38694500,0.00476341
1622806471047000,1,2.03268222,0.00476100
1622806471087000,1,143.73410357,0.00476100
1622806471115000,1,26.26223966,0.00476100
1622806471156000,1,18.00323000,0.00476100
1622806471215000,1,8.55046258,0.00476100
1622806471235000,1,25.50000000,0.00476100
1622806471242000,1,25.91728197,0.00476100
1622806473389000,0,0.21484200,0.00475963
1622806474416000,1,5.20000000,0.00475415
1622806494357000,0,0.05291900,0.00475401
1622806612095000,1,5.20000000,0.00475734
1622806648046000,1,2.52809700,0.00475816
1622806673093000,0,6.95803844,0.00476591
1622806673093000,0,6.95757100,0.00476616
1622806745254000,1,60.52000000,0.00476100
1622806776204000,1,114.62000000,0.00476100
1622806776536000,1,9.20000000,0.00476100
1622806776552000,1,65.66000000,0.00476100
1622807022356000,0,6.99267481,0.00475440
1622807022356000,0,5.20000000,0.00475442
1622807022356000,0,2.19935762,0.00475503
1622807022361000,0,4.79360461,0.00475503
1622807022361000,0,9.59442528,0.00475528
1622807267235000,1,67.37000000,0.00475000
1622807267307000,1,144.61833459,0.00475000
1622807267381000,1,13.00000000,0.00475000
1622807267517000,1,9.03779116,0.00475000
1622807267557000,1,105.97387425,0.00475000
1622807283369000,0,5.20000000,0.00474688
1622807578957000,0,0.05330700,0.00475519
1622807650885000,0,0.74670700,0.00474880
1622807854681000,0,0.05336800,0.00475442
1622808005524000,0,0.25210400,0.00475797
1622808130580000,0,0.27900000,0.00474900
1622808152446000,0,0.00042900,0.00474900
1622808370234000,0,0.51000000,0.00475663
1622808370234000,0,5.20000000,0.00475667
1622808435046000,0,45.80504205,0.00475402
1622808435046000,0,17.62109356,0.00475402
1622808435046000,0,7.04878340,0.00475402
1622808435046000,0,0.48000000,0.00475403
1622808435046000,0,40.83000000,0.00475475
1622808435046000,0,0.51000000,0.00475499
1622808438850000,0,4.35679354,0.00475754
1622808438850000,0,8.75069405,0.00475835
1622808438850000,0,40.96600000,0.00475860
1622808438850000,0,1.40000000,0.00475934
1622808438850000,0,8.69921225,0.00475991
1622808438850000,0,97.60900016,0.00476000
1622808444466000,1,8.79785559,0.00475340
1622808444466000,1,0.49214441,0.00475324
1622808444954000,1,8.82106794,0.00475180
1622808450777000,1,5.20000000,0.00475028
1622808451605000,1,5.20000000,0.00474978
1622808468971000,0,0.33000000,0.00475000
1622808468981000,0,0.00548700,0.00475000
1622808512364000,1,1.26559335,0.00475252
1622808529221000,1,1.10412900,0.00475050
1622808561861000,1,5.20000000,0.00474540
1622808590247000,0,7.09780000,0.00475309
1622808590301000,0,0.00004487,0.00475309
1622808640267000,1,5.20000000,0.00476024
1622808640887000,1,7.11724521,0.00475584
1622808655403000,0,7.11659242,0.00476206
1622808655403000,0,17.79078862,0.00476206
1622808655428000,1,177.21000000,0.00476000
1622808657045000,1,5.20000000,0.00476024
1622808709919000,0,5.20000000,0.00477345
1622808710003000,0,7.09800000,0.00477592
1622808710151000,0,0.00005035,0.00477592
1622808710151000,0,17.74287984,0.00477592
1622808710151000,0,4.03016981,0.00477629
1622808892754000,1,0.36328824,0.00476845
1622808927466000,0,5.20000000,0.00477637
1622808927466000,0,0.08751940,0.00477661
1622808927466000,0,1.40000000,0.00477800
1622808927466000,0,0.49000000,0.00477872
1622808927466000,0,7.07686886,0.00477974
1622808927466000,0,17.69288379,0.00477974
1622808927466000,0,8.47203695,0.00477974
1622808932022000,1,0.27900000,0.00477318
1622809011067000,0,1.93450000,0.00478070
1622809012889000,0,0.00007948,0.00478070
1622809053495000,1,7.05466029,0.00477892
1622809053574000,1,7.07687999,0.00477867
1622809053698000,1,25.76180000,0.00477739
1622809053897000,1,0.07100000,0.00477642
1622809054001000,1,7.05398772,0.00477739
1622809054001000,1,7.00587999,0.00477642
1622809054001000,1,7.05398772,0.00477642
1622809054001000,1,52.00000000,0.00477641
1622809054001000,1,40.79300000,0.00477595
1622809101948000,0,14.60000000,0.00477532
1622809101950000,0,0.00469029,0.00477532
1622809299733000,0,1.70000000,0.00478766
1622809384189000,0,1.34443000,0.00479505
1622810148219000,1,0.05616700,0.00479475
1622810154453000,0,0.33403200,0.00479932
1622810339740000,0,7.00231926,0.00480809
1622810339740000,0,13.79768074,0.00480809
1622810339759000,0,3.70791168,0.00480809
1622810340421000,0,7.00231926,0.00481011
1622810340421000,0,7.36298074,0.00481011
1622810341754000,1,0.51000000,0.00480906
1622810342652000,1,40.28100000,0.00480461
1622810342652000,1,0.49000000,0.00480412
1622810343324000,1,6.99779818,0.00480168
1622810344496000,1,1.40000000,0.00480159
1622810344496000,0,3.80000000,0.00480172
1622810344616000,1,6.98335053,0.00479443
1622810344616000,1,6.99779818,0.00479443
1622810344616000,1,45.57299004,0.00479443
1622810344719000,0,0.35000000,0.00479440
1622810346460000,1,15.00000000,0.00478131
1622810346471000,0,0.49000000,0.00478866
1622810346832000,1,0.48000000,0.00478321
1622810346935000,1,15.00000000,0.00477737
1622810346935000,1,346.46853288,0.00477510
1622810347566000,0,0.51000000,0.00477537
1622810347566000,0,0.51000000,0.00477868
1622810347841000,1,0.51000000,0.00477829
1622810348027000,0,3.12500000,0.00477538
1622810348027000,0,0.51000000,0.00477943
1622810348387000,0,0.49000000,0.00478104
1622810349044000,1,31.04926099,0.00477328
1622810349275000,0,36.00000000,0.00476896
1622810349275000,0,1.40000000,0.00477100
1622810349748000,0,0.49000000,0.00476862
1622810350528000,0,1.40000000,0.00476989
1622810350528000,0,44.00000000,0.00477050
1622810350528000,0,0.52000000,0.00477071
1622810350528000,0,51.98000000,0.00477100
1622810352603000,1,0.51000000,0.00475781
1622810352603000,1,14.38401648,0.00475629
1622810352603000,1,1.40000000,0.00475584
1622810352603000,1,0.51000000,0.00475428
1622810352603000,1,36.00000000,0.00475265
1622810352757000,0,0.48000000,0.00475447
1622810352962000,0,0.52000000,0.00475661
1622810352962000,0,1.40000000,0.00476642
1622810352962000,0,0.86271352,0.00476937
1622810353029000,1,1.40000000,0.00477352
1622810353029000,1,0.35000000,0.00477352
1622810353075000,1,0.48000000,0.00477352
1622810356022000,0,1.40000000,0.00477079
1622810356883000,0,1.40000000,0.00477088
1622810357308000,0,1.40000000,0.00477246
1622810357308000,0,5.01290000,0.00477247
1622810372513000,1,0.17847809,0.00478186
1622810375239000,0,0.18505148,0.00479442
1622810377331000,0,4.05000000,0.00479773
1622810377502000,0,0.00553055,0.00479773
1622810439652000,0,3.09900000,0.00479900
1622810586119000,0,6.93094000,0.00479750
1622810638069000,1,5.88370000,0.00478800
1622810638088000,1,41.60000000,0.00478800
1622810638267000,1,20.80000000,0.00478800
1622810642043000,1,20.80000000,0.00478800
1622810642645000,1,142.66991944,0.00478800
1622810643149000,1,18.24638056,0.00478800
1622810700942000,0,6.92955728,0.00478990
1622810748593000,0,5.20000000,0.00478933
1622810751498000,0,2.57498409,0.00479434
1622810786081000,0,6.81176041,0.00479445
1622810786104000,0,0.09927560,0.00479445
1622810786104000,0,6.33453673,0.00479470
1622810857819000,1,5.20000000,0.00478296
1622810857819000,1,14.15136164,0.00478272
1622810857819000,1,57.53700000,0.00478272
1622810857819000,1,5.20000000,0.00478267
1622810857819000,1,0.49000000,0.00478243
1622810857819000,1,6.88688683,0.00478162
1622810857819000,1,20.69000000,0.00478161
1622810857819000,1,17.21006083,0.00478079
1622810857819000,1,0.49000000,0.00478078
1622810857819000,1,29.89259070,0.00478059
1622810981809000,0,5.00000000,0.00477345
1622810997642000,1,200.00000000,0.00476900
1622811014336000,1,100.00000000,0.00476900
1622811014638000,0,15.82213900,0.00477352
1622811014884000,1,0.48000000,0.00476720
1622811074458000,0,0.18049100,0.00477645
1622811104062000,0,0.06575200,0.00476976
1622811158647000,0,17.20177510,0.00476403
1622811158647000,0,6.87996490,0.00476403
1622811158930000,0,0.00000904,0.00476403
1622811252284000,1,4.79900000,0.00477105
1622811370826000,1,3.24096597,0.00476900
1622811372736000,1,36.50000000,0.00476900
1622811372906000,1,17.07094976,0.00476900
1622811372930000,1,17.50000000,0.00476900
1622811373017000,1,22.50000000,0.00476900
1622811373172000,1,15.00000000,0.00476900
1622811373256000,1,11.50000000,0.00476900
1622811373477000,1,14.10354569,0.00476900
1622811373531000,1,8.50811667,0.00476900
1622811373611000,1,6.93575886,0.00476900
1622811373734000,1,2.89303881,0.00476900
1622811373734000,1,2.99917701,0.00476900
1622811373752000,1,21.45565091,0.00476900
1622811373833000,1,1.42618207,0.00476900
1622811374218000,1,1.02349081,0.00476900
1622811374229000,1,21.35261546,0.00476900
1622811374463000,1,5.40819163,0.00476900
1622811374507000,1,1.13197816,0.00476900
1622811374534000,1,14.38031516,0.00476900
1622811374614000,1,7.34064304,0.00476900
1622811402557000,0,6.91328000,0.00477207
1622811632752000,0,5.20000000,0.00477413
1622811770489000,1,117.72937999,0.00476900
1622811833658000,1,17.80180850,0.00477064
1622812184808000,0,5.20000000,0.00479013
1622812534223000,1,0.13265800,0.00478028
1622812686677000,1,0.06143900,0.00478248
1622812693719000,0,5.20000000,0.00478846
1622813054212000,1,3.11628626,0.00479000
1622813054265000,1,2.49413396,0.00479000
1622813054388000,1,1.59996242,0.00479000
1622813055259000,1,0.81435911,0.00479000
1622813083036000,1,0.62993000,0.00479000
1622813091327000,1,1.83105219,0.00479000
1622813132816000,1,73.68129353,0.00479000
1622813133806000,1,8.37328217,0.00479000
1622813133826000,1,8.37328218,0.00479000
1622813133832000,1,7.35011302,0.00479000
1622813133905000,1,1.04405014,0.00479000
1622813133997000,1,1.99464265,0.00479000
1622813134151000,1,2.04000680,0.00479000
1622813134185000,1,11.27748427,0.00479000
1622813134857000,1,1.32904254,0.00479000
1622813135040000,1,0.77489402,0.00479000
1622813135298000,1,11.27595038,0.00479000
1622813135330000,1,2.94484784,0.00479000
1622813135699000,1,17.22770032,0.00479000
1622813135889000,1,5.32500000,0.00479000
1622813135947000,1,16.88672296,0.00479000
1622813136308000,1,3.11650045,0.00479000
1622813136450000,1,1.10000000,0.00479000
1622813136519000,1,1.40000000,0.00479000
1622813139718000,1,3.63225047,0.00479000
1622813139785000,1,10.46200889,0.00479000
1622813140038000,1,8.49536786,0.00479000
1622813141540000,1,17.22867668,0.00479000
1622813143372000,1,7.07465283,0.00479000
1622813144736000,1,4.02833618,0.00479000
1622813145445000,1,17.19261040,0.00479000
1622813146619000,1,1.00228815,0.00479000
1622813153001000,1,0.60832000,0.00479000
1622813168513000,1,11.32639656,0.00479000
1622813169266000,1,11.28245832,0.00479000
1622813169337000,1,8.57751130,0.00479000
1622813169399000,1,8.55486440,0.00479000
1622813169452000,1,13.93973052,0.00479000
1622813169759000,1,40.59399023,0.00479000
1622813177980000,1,0.17684100,0.00478487
1622813508896000,1,4.54532855,0.00479000
1622813527768000,1,0.14605400,0.00479000
1622813561271000,1,141.85494878,0.00479000
1622813562413000,1,2.63373990,0.00479000
1622813562439000,1,7.95795903,0.00479000
1622813562472000,1,129.86196974,0.00479000
1622813818456000,1,2.38622805,0.00478200
1622813818631000,1,1.33000000,0.00478200
1622813837895000,1,3.19529999,0.00478200
1622814339511000,0,5.20000000,0.00479599
1622814873416000,1,5.20000000,0.00480175
1622814873416000,1,1.12000000,0.00480117
1622814894361000,0,1.53996000,0.00480000
1622814894377000,0,1.88522700,0.00480000
1622814947474000,0,0.04300000,0.00480300
1622814975165000,1,1.88520000,0.00480049
1622814975271000,1,0.04300000,0.00480049
1622814975313000,1,50.57180000,0.00480049
1622815082941000,1,141.83550942,0.00479900
1622815083560000,1,8.14256793,0.00479900
1622815083575000,1,140.02192265,0.00479900
1622815211499000,0,0.00056700,0.00480300
1622815261482000,0,0.10237607,0.00481144
1622815263255000,0,6.87247560,0.00482166
1622815263255000,0,1.19242719,0.00482166
1622815263819000,0,2.50799066,0.00482316
1622815978573000,1,143.00472447,0.00480700
1622815978837000,1,74.59900000,0.00480700
1622815986140000,1,4.04564736,0.00480700
1622815986574000,1,128.35062817,0.00480700
1622816059824000,1,10.44205961,0.00480000
1622816060846000,1,6.72782858,0.00480000
1622816060865000,1,20.21267905,0.00480000
1622816060902000,1,47.50000000,0.00480000
1622816061975000,1,8.50640137,0.00480000
1622816063210000,1,0.80441278,0.00480000
1622816063323000,1,0.80441277,0.00480000
1622816068525000,1,6.57864811,0.00480000
1622816068530000,1,8.04822394,0.00480000
1622816069668000,1,8.58225326,0.00480000
1622816069809000,0,0.11838000,0.00480339
1622816096984000,1,14.65606644,0.00480000
1622816097137000,1,143.53916411,0.00480000
1622816097214000,1,14.25437316,0.00480000
1622816097248000,1,59.34347682,0.00480000
1622816097249000,1,0.49000000,0.00479718
1622816097826000,1,5.20000000,0.00479618
1622816105012000,0,6.98795000,0.00479905
1622816197169000,0,37.51205000,0.00479600
1622816197183000,0,12.48795000,0.00479600
1622816197590000,0,97.00000000,0.00479600
1622816214116000,1,1.88753100,0.00480000
1622816328058000,0,31.00000000,0.00480420
1622816890667000,0,0.67069200,0.00480091
1622816890868000,1,0.11233136,0.00479328
1622816905974000,0,0.33057512,0.00479643
1622816906042000,0,1.06942488,0.00479643
1622816906042000,0,4.12847154,0.00479856
1622817072722000,0,45.00000000,0.00480370
1622817199167000,1,5.20000000,0.00478922
1622817199167000,1,0.42217131,0.00478922
1622817200387000,0,0.83507153,0.00478750
1622817200615000,0,5.80200959,0.00478750
1622817200756000,0,0.35000000,0.00478750
1622817200892000,0,7.39930000,0.00478750
1622817200922000,0,15.61361888,0.00478750
1622817201394000,0,1.56575057,0.00479030
1622817201397000,0,7.00842094,0.00479030
1622817201417000,0,7.36578158,0.00479030
1622817201486000,0,1.02295479,0.00479030
1622817201539000,0,1.29332211,0.00479030
1622817201544000,0,6.99160663,0.00479030
1622817218606000,1,0.08278186,0.00478824
1622817278414000,1,0.61003500,0.00478631
1622817368982000,0,6.26269000,0.00479000
1622817377491000,0,0.00000600,0.00479000
1622817712173000,0,47.00000000,0.00478920
1622817898584000,1,0.39821800,0.00479000
1622817900542000,0,0.70853201,0.00479000
1622818140193000,0,49.00000000,0.00479500
1622818263246000,1,5.20000000,0.00479205
1622818265459000,0,3.15012432,0.00479390
1622818265617000,0,14.03655428,0.00479390
1622818265864000,0,13.35863998,0.00479390
1622818419579000,0,5.20000000,0.00479556
1622818419579000,0,8.53365700,0.00479680
1622818482789000,0,5.20000000,0.00479906
1622818482789000,0,8.51291000,0.00479923
1622818484450000,0,1.40000000,0.00479523
1622818504472000,0,5.20000000,0.00479803
1622818504472000,0,1.40000000,0.00479803
1622818504472000,0,6.87643276,0.00479922
1622818504472000,0,0.14606424,0.00479922
1622818934558000,1,4.55480000,0.00479843
1622818937522000,0,5.20000000,0.00480685
1622819740193000,1,5.20000000,0.00478375
1622820229590000,1,142.05117206,0.00478200
1622820229686000,1,20.80000000,0.00478200
1622820229706000,1,0.35000000,0.00478200
1622820230093000,1,129.88729990,0.00478200
1622820422675000,1,0.48000000,0.00479028
1622820552849000,1,25.81360000,0.00479500
1622820553005000,1,64.50000000,0.00479500
1622820554634000,1,27.00000000,0.00479500
1622820554722000,1,28.50000000,0.00479500
1622820554802000,1,29.76269000,0.00479500
1622820554897000,1,141.74278107,0.00479500
1622820582686000,0,5.20000000,0.00479779
1622820596276000,1,6.01986734,0.00479779
1622820618353000,1,32.68092893,0.00479500
1622820638921000,0,0.58742726,0.00479450
1622820801444000,0,0.11956937,0.00479882
1622820801444000,0,6.74323063,0.00479883
1622820801452000,0,0.11961263,0.00479883
1622820802324000,0,6.17000000,0.00479925
1622820802325000,0,0.00613555,0.00479925
1622821148429000,1,141.50513458,0.00478800
1622821149602000,1,51.92598716,0.00478800
1622821153894000,1,0.63514783,0.00478800
1622821155420000,1,155.93000000,0.00478800
1622821157504000,1,0.00373043,0.00478800
1622822062575000,0,2.45983000,0.00479000
1622822062609000,0,0.00000100,0.00479000
1622822434502000,1,5.20000000,0.00477910
1622822441465000,0,1.40000000,0.00477385
1622822451324000,0,6.89266388,0.00478058
1622822451324000,0,13.90733612,0.00478058
1622822451470000,0,3.32353066,0.00478058
1622822451470000,0,20.67506934,0.00478090
1622822894851000,0,0.08900000,0.00480687
1622822895467000,0,0.00067703,0.00480687
1622823133233000,0,0.21185805,0.00480534
1622823156723000,1,0.50095784,0.00479944
1622823302178000,0,5.20000000,0.00480236
1622823402483000,1,0.08700000,0.00479882
1622823412516000,1,0.00016416,0.00479882
1622824054317000,1,0.38178629,0.00478325
1622824359900000,0,6.88970000,0.00478232
1622824485551000,0,6.88685000,0.00478374
1622824485605000,0,0.00000710,0.00478374
1622824706316000,0,6.89590000,0.00478202
1622824706415000,0,0.00000948,0.00478202
1622824706415000,0,6.89569052,0.00478226
1622824706420000,0,10.34332475,0.00478226
1622824706420000,0,8.61857525,0.00478362
1622824706668000,0,17.23147603,0.00478410
1622824706668000,0,6.89277883,0.00478410
1622824845046000,1,0.87927000,0.00478183
1622824969440000,0,0.39372100,0.00478503
1622825143711000,0,0.19201700,0.00478550
1622825210619000,1,20.80000000,0.00477900
1622825210669000,1,20.80000000,0.00477900
1622825225344000,0,5.20000000,0.00477948
1622825539792000,1,5.69637976,0.00477900
1622825539916000,1,5.16216865,0.00477900
1622825694975000,1,37.47130000,0.00477900
1622825695346000,1,142.08240727,0.00477900
1622825702919000,1,3.64639332,0.00477900
1622825719283000,1,15.79898568,0.00477900
1622825719417000,1,5.09560011,0.00477900
1622825719490000,1,0.62980000,0.00477900
1622825719536000,1,0.62090000,0.00477900
1622825720055000,1,1.25074028,0.00477900
1622825721768000,1,0.56787385,0.00477900
1622825745670000,1,78.37745108,0.00477900
1622825810160000,1,0.79532661,0.00477500
1622825834964000,1,8.37444701,0.00477500
1622825843805000,1,3.45155700,0.00477500
1622825881082000,1,141.98274300,0.00477500
1622825881146000,1,8.37339070,0.00477500
1622825881170000,1,8.37863907,0.00477500
1622825881192000,1,18.50000000,0.00477500
1622825881194000,1,3.76912583,0.00477500
1622825881286000,1,8.37863907,0.00477500
1622825881288000,1,12.77486910,0.00477500
1622825881354000,1,3.45187900,0.00477500
1622825881649000,1,81.76938361,0.00477500
1622826019666000,0,1.40000000,0.00478350
1622826020302000,0,0.15099000,0.00478400
1622826023695000,0,1.97453500,0.00478485
1622826572067000,0,0.34800000,0.00478474
1622826572202000,0,1.05200000,0.00478474
1622826651435000,0,1.40000000,0.00478484
1622826663553000,1,1.55926947,0.00478038
1622826971854000,0,1.40000000,0.00480392
1622826971854000,0,0.58725400,0.00480470
1622827103146000,1,6.83680778,0.00480025
1622827103146000,1,1.82985922,0.00480024
1622827491438000,1,0.67891408,0.00480248
1622827634270000,0,5.20000000,0.00479976
1622828389264000,0,5.20000000,0.00481345
1622828669723000,0,4.57975594,0.00481379
1622829793557000,1,0.35000000,0.00481116
1622830541792000,1,140.29307979,0.00481400
1622830542279000,1,14.84668000,0.00481400
1622830542300000,1,140.29797138,0.00481400
1622830546206000,1,4.56226883,0.00481400
1622830555513000,0,1.40000000,0.00481496
1622830661301000,0,0.30078892,0.00482063
1622831231867000,1,5.20000000,0.00480782
1622831231867000,1,0.42994800,0.00480707
1622831455941000,0,5.20000000,0.00482296
1622832038390000,1,1.06900000,0.00482500
1622832129213000,1,0.33746200,0.00482500
1622832200799000,1,5.69515757,0.00482500
1622832201049000,1,0.59949032,0.00482500
1622832372801000,1,8.30093977,0.00483100
1622832373686000,1,2.79585000,0.00483100
1622832373718000,1,8.09356241,0.00483100
1622832374316000,1,13.36293912,0.00483100
1622832380492000,1,2.48395777,0.00483100
1622832383484000,1,139.55390092,0.00483100
1622832383822000,1,7.45187332,0.00483100
1622832384051000,1,0.62098944,0.00483100
1622832413485000,1,0.21766866,0.00483100
1622832422447000,1,6.70000000,0.00483100
1622832422926000,1,1.69999999,0.00483100
1622832438237000,1,139.32129688,0.00483100
1622832467740000,1,11.11359617,0.00483100
1622832468529000,1,1.02123000,0.00483100
1622832476278000,1,0.11883900,0.00483100
1622832488787000,0,1.40000000,0.00483342
1622832488787000,0,4.79735420,0.00483343
1622832510776000,1,7.14335655,0.00483100
1622832555176000,0,1.40000000,0.00482994
1622832555176000,0,0.13783726,0.00482995
1622832561485000,0,0.38537368,0.00482804
1622833205093000,0,2.80000000,0.00482551
1622833304145000,1,139.47576142,0.00482200
1622833304688000,1,139.50149339,0.00482200
1622833305251000,1,11.02274519,0.00482200
1622833313654000,0,1.40000000,0.00482508
1622833357635000,1,6.78317364,0.00482277
1622833357635000,1,5.20000000,0.00482276
1622833456582000,1,64.86276000,0.00482277
1622833966340000,1,8.38363601,0.00482800
1622833968750000,1,0.92909549,0.00482800
1622833968771000,1,3.66992774,0.00482800
1622833971332000,1,4.60000000,0.00482800
1622833971412000,1,13.85000000,0.00482800
1622834018563000,1,10.84465439,0.00482800
1622834052261000,1,3.06792700,0.00482800
1622834054617000,1,0.55870185,0.00482800
1622834054807000,1,0.55870184,0.00482800
1622834054949000,1,12.29144065,0.00482800
1622834062978000,1,6.38886508,0.00482800
1622834063324000,1,9.05931040,0.00482800
1622834063367000,1,8.99236816,0.00482800
1622834064189000,1,18.00000000,0.00482800
1622834064258000,1,16.50000000,0.00482800
1622834064513000,1,2.26439711,0.00482800
1622834064556000,1,16.26276000,0.00482800
1622834064580000,1,2.69316497,0.00482800
1622834064653000,1,2.07166536,0.00482800
1622834069063000,1,7.13787641,0.00482800
1622834073614000,1,1.11718318,0.00482800
1622834075171000,1,0.58002417,0.00482800
1622834075192000,1,3.91014109,0.00482800
1622834075240000,1,3.91014109,0.00482800
1622834075261000,1,182.35801801,0.00482800
1622834082864000,0,5.20000000,0.00482509
1622834082864000,0,4.39996768,0.00482528
1622834082937000,0,1.40000000,0.00482508
1622834245568000,1,8.28999999,0.00482300
1622834251720000,1,4.08998061,0.00482300
1622834253340000,1,13.99388241,0.00482300
1622834257036000,1,16.38007252,0.00482300
1622834257344000,1,1.09999626,0.00482300
1622834257443000,1,0.80000000,0.00482300
1622834257566000,1,4.90000000,0.00482300
1622834257760000,1,0.59949027,0.00482300
1622834258763000,1,0.89923540,0.00482300
1622834258912000,1,3.44700753,0.00482300
1622834259663000,1,0.79932037,0.00482300
1622834262308000,1,1.06700000,0.00482300
1622834262332000,1,2.46000000,0.00482300
1622834262335000,1,8.50263357,0.00482300
1622834262392000,1,0.59900000,0.00482300
1622834262819000,1,0.51294200,0.00482300
1622834263336000,1,8.39202157,0.00482300
1622834266847000,1,0.90510000,0.00482300
1622834266913000,1,5.39009699,0.00482300
1622834269350000,1,5.59367824,0.00482300
1622834269656000,1,1.04000000,0.00482300
1622834269854000,1,3.11000000,0.00482300
1622834280275000,1,2.79690011,0.00482300
1622834282257000,1,5.73067451,0.00482300
1622834287530000,1,8.51445988,0.00482300
1622834290207000,1,1.39837507,0.00482300
1622834291080000,1,2.83758728,0.00482300
1622834291084000,1,3.71783883,0.00482300
1622834291155000,1,5.33008777,0.00482300
1622834291414000,1,4.49617704,0.00482300
1622834291905000,1,0.63460000,0.00482300
1622834291949000,1,0.58500000,0.00482300
1622834292338000,1,1.39841730,0.00482300
1622834292736000,1,8.43493676,0.00482300
1622834293310000,1,10.15965167,0.00482300
1622834293348000,1,8.29359319,0.00482300
1622834293519000,1,3.82525399,0.00482300
1622834293964000,1,1.45137882,0.00482300
1622834293998000,1,5.59817540,0.00482300
1622834294340000,1,1.39841730,0.00482300
1622834297596000,1,2.57152396,0.00482300
1622834297763000,1,7.93982999,0.00482300
1622834299759000,1,2.69770622,0.00482300
1622834300290000,1,0.99915045,0.00482300
1622834300947000,1,1.69855577,0.00482300
1622834301572000,1,1.19898054,0.00482300
1622834301945000,1,17.28530283,0.00482300
1622834301997000,1,6.14890000,0.00482300
1622834302038000,1,0.88004999,0.00482300
1622834302044000,1,6.66250612,0.00482300
1622834302046000,1,5.03010652,0.00482300
1622834302321000,1,9.92884780,0.00482300
1622834302522000,1,4.36873000,0.00482300
1622834303019000,1,3.39988100,0.00482300
1622834303521000,1,1.00804999,0.00482300
1622834303821000,1,9.04319000,0.00482300
1622834305250000,1,99.60000000,0.00482300
1622834305538000,1,0.06570000,0.00482300
1622834305616000,1,0.00000617,0.00482300
1622834672334000,1,10.00000000,0.00482100
1622834672957000,1,290.00000000,0.00482100
1622835158129000,1,140.12695672,0.00482000
1622835158220000,1,8.09369968,0.00482000
1622835158221000,1,1.86759344,0.00482000
1622835158443000,1,2.96780087,0.00482000
1622835158468000,1,17.47082777,0.00482000
1622835158535000,1,22.39020826,0.00482000
1622835158689000,1,107.08291326,0.00482000
1622836436295000,1,3.77315988,0.00482800
1622836436318000,1,18.13369375,0.00482800
1622836437651000,1,140.67029312,0.00482800
1622836438082000,1,1.23894802,0.00482800
1622836438168000,1,4.36999999,0.00482800
1622836438202000,1,131.81390524,0.00482800
1622836790614000,1,140.40334828,0.00483400
1622836791061000,1,8.26676493,0.00483400
1622836791128000,1,140.44496939,0.00483400
1622836791203000,1,10.29123557,0.00483400
1622836791486000,1,1.03000000,0.00483400
1622836791511000,1,14.04593689,0.00483400
1622836791668000,1,35.51774494,0.00483400
1622837227508000,1,0.19086100,0.00484882
1622837247123000,1,8.25823089,0.00484800
1622837266801000,1,139.76469020,0.00484800
1622837267379000,1,139.76469020,0.00484800
1622837276220000,1,62.21000000,0.00484800
1622837276301000,1,0.00238871,0.00484800
1622837366107000,1,3.93467816,0.00484400
1622837366438000,1,4.35989702,0.00484400
1622837385683000,1,6.60420952,0.00484400
1622837397071000,1,3.09482879,0.00484400
1622837397080000,1,15.67155517,0.00484400
1622837397113000,1,0.55985167,0.00484400
1622837397243000,1,8.39606002,0.00484400
1622837397293000,1,11.19486357,0.00484400
1622837397472000,1,0.55991093,0.00484400
1622837398370000,1,140.01484867,0.00484400
1622837398891000,1,140.02433790,0.00484400
1622837399880000,1,15.00000000,0.00484400
1622837621261000,1,0.15359000,0.00484425
1622837736688000,1,109.02663502,0.00484600
1622837769360000,1,25.13000000,0.00484600
1622837769708000,1,5.05999999,0.00484600
1622837769744000,1,12.01721536,0.00484600
1622837769887000,1,49.52402435,0.00484600
1622837769998000,1,4.96999999,0.00484600
1622837770284000,1,58.71000000,0.00484600
1622837770315000,1,29.26000000,0.00484600
1622837770321000,1,15.00000000,0.00484600
1622837770369000,1,51.30212529,0.00484600
1622837770914000,1,5.20000000,0.00484044
1622837771162000,1,0.06000000,0.00483800
1622837906594000,1,182.69910000,0.00484000
1622837906847000,1,9.10090000,0.00484000
1622837906847000,1,0.25500000,0.00484000
1622839039494000,0,0.29459700,0.00485031
1622839570184000,1,0.08996500,0.00483607
1622840433902000,1,1.82525195,0.00483916
1622840686650000,0,0.10679000,0.00485000
1622840993677000,0,2.82917500,0.00485773
1622841075383000,1,0.17873100,0.00485225
1622841669888000,0,13.87652017,0.00484043
1622841669888000,0,6.75389664,0.00484174
1622841669888000,0,8.42751823,0.00484175
1622841669888000,0,13.87973309,0.00484213
1622841669888000,0,8.46072487,0.00484255
1622842342029000,1,4.33300700,0.00486136
1622843159301000,0,28.56000000,0.00484870
1622843514278000,0,6.74411160,0.00484615
1622843514364000,0,16.85785987,0.00484707
1622843514824000,0,0.50000000,0.00485273
1622843515893000,1,0.48000000,0.00485742
1622843515893000,1,5.20834988,0.00485500
1622845713620000,0,0.35000000,0.00484400
1622845722478000,1,0.06715475,0.00484147
1622845724780000,0,0.06749200,0.00484400
1622845804730000,0,16.65240000,0.00484681
1622845804825000,0,7.40360000,0.00484681
1622845804917000,0,0.00009250,0.00484681
1622845925273000,1,0.14932200,0.00485199
1622845951694000,0,6.73137719,0.00485672
1622845951694000,0,13.26862281,0.00485672
1622845951842000,0,6.73137719,0.00485772
1622845951842000,0,7.12972281,0.00485772
1622845951853000,0,9.69755730,0.00485772
1622845951853000,0,2.49364270,0.00485787
1622845952138000,0,16.82447928,0.00485839
1622845952138000,0,6.73003141,0.00485839
1622845952138000,0,43.74261888,0.00485839
1622845952531000,0,38.00000000,0.00486600
1622845989780000,1,8.20540000,0.00486580
1622845989949000,1,6.70876211,0.00486509
1622845989949000,1,13.29123789,0.00486509
1622845990050000,1,24.37130000,0.00486509
1622845990795000,1,10.22644089,0.00486480
1622845990824000,1,1.23362763,0.00486480
1622845990884000,1,8.06504978,0.00486480
1622845991040000,1,5.24629855,0.00486480
1622845991041000,1,1.64554816,0.00486480
1622845991393000,1,1.67501356,0.00486480
1622846218948000,0,6.72100011,0.00486462
1622846218948000,0,0.00069989,0.00486487
1622846898679000,0,0.20456867,0.00486399
1622847182331000,0,0.07294000,0.00486200
1622847829802000,0,0.51370200,0.00486358
1622848155081000,1,0.35000000,0.00485494
1622848155829000,1,6.37840000,0.00485494
1622848158158000,1,8.32997000,0.00485495
1622848158834000,1,0.00001928,0.00485494
1622848235279000,0,0.21427116,0.00485875
1622848590626000,0,0.35000000,0.00484547
1622848591251000,0,6.49580000,0.00484547
1622848591285000,0,0.00001823,0.00484547
1622848754927000,0,5.00000000,0.00484370
1622848754927000,0,6.05658800,0.00484394
1622848879657000,0,3.68063000,0.00484793
1622848935633000,0,6.82470000,0.00485252
1622848935635000,0,0.00002020,0.00485252
1622848935635000,0,2.63870000,0.00485281
1622848935697000,0,4.18123852,0.00485281
1622848935897000,0,20.00000000,0.00485414
1622848936125000,0,22.15430000,0.00485414
1622849271643000,0,1.11226300,0.00486493
1622849459971000,1,0.14114700,0.00485740
1622850343991000,1,0.35000000,0.00487000
1622850344061000,1,1.32760000,0.00487000
1622850344077000,1,0.00008700,0.00487000
1622850363260000,1,2.24377213,0.00486453
1622850457188000,0,5.00000000,0.00486484
1622850457380000,0,5.00000000,0.00486483
1622850460693000,1,20.00000000,0.00486061
1622851056137000,0,5.00000000,0.00484926
1622851056137000,0,1.40000000,0.00484950
1622851056137000,0,6.79142861,0.00484950
1622851056137000,0,5.00000000,0.00484951
1622851056137000,0,13.98622810,0.00485001
