timestamp ms,type,amount,price
1623196947400000,1,4.13360000,0.00481028
1623196992230000,0,3.05356191,0.00481674
1623196992230000,0,2.58603809,0.00481675
1623197002220000,0,0.00006645,0.00481675
1623197143990000,1,5.88810229,0.00480633
1623197280926000,1,5.88810000,0.00479958
1623197407416000,0,0.50000000,0.00480672
1623197410413000,0,0.00893083,0.00480672
1623197956986000,1,0.51000000,0.00480045
1623197964938000,1,0.49000000,0.00479918
1623198004418000,1,6.60000000,0.00479459
1623198004418000,1,6.60000000,0.00479434
1623198004418000,1,3.60790827,0.00479382
1623198004418000,1,5.58249173,0.00479318
1623198247805000,1,7.68355081,0.00479594
1623198247805000,1,5.51644919,0.00479593
1623198247920000,1,13.69250000,0.00479593
1623199494796000,0,1.49300000,0.00479824
1623199494796000,0,0.70276400,0.00479825
1623200329300000,0,0.44221400,0.00478330
1623200808937000,0,0.21637800,0.00478700
1623200849798000,1,3.10134800,0.00478435
1623201314650000,0,15.88000000,0.00477966
1623201975646000,0,0.13889100,0.00478166
1623202204868000,1,1.60140000,0.00477263
1623202205949000,1,1.79000000,0.00477263
1623202210733000,1,0.00465571,0.00477263
1623202998637000,0,7.78289742,0.00476349
1623203158817000,0,0.35000000,0.00476296
1623203159029000,0,5.13840000,0.00476296
1623203161973000,0,0.00007420,0.00476296
1623203162307000,0,5.48000000,0.00476397
1623203162378000,0,0.00847420,0.00476397
1623203287952000,1,0.27971300,0.00476623
1623203966492000,0,7.83526159,0.00476683
1623203966492000,0,7.83603841,0.00476683
1623204051682000,0,7.79760000,0.00478575
1623204052000000,0,0.00003405,0.00478575
1623204824268000,0,24.50000000,0.00475743
1623204922113000,1,5.39000000,0.00475742
1623204948891000,0,0.00270947,0.00475743
1623205270032000,0,1.42243000,0.00475626
1623205270088000,0,0.00000980,0.00475626
1623205277535000,0,6.60000000,0.00476842
1623205337573000,1,6.60000000,0.00475520
1623205604035000,0,2.90242200,0.00475560
1623205611461000,0,5.59874061,0.00475295
1623206035479000,1,7.91126210,0.00472522
1623206035479000,1,18.48873790,0.00472522
1623206075904000,0,27.14470000,0.00472829
1623206076396000,0,7.91450647,0.00472998
1623206158410000,0,2.83140000,0.00472670
1623206164052000,0,34.86510000,0.00472690
1623206290002000,0,7.91657000,0.00471845
1623206290086000,0,0.00000793,0.00471845
1623206290086000,0,36.01441207,0.00471846
1623206374795000,0,3.27700000,0.00471303
1623206500453000,1,6.60000000,0.00471095
1623206804862000,1,6.60000000,0.00472382
1623206811390000,1,6.60000000,0.00471964
1623206847453000,1,6.60000000,0.00472023
1623206854018000,1,6.60000000,0.00472074
1623206858380000,1,6.60000000,0.00470748
1623207029072000,0,0.08688738,0.00473028
1623207029072000,0,0.51000000,0.00473287
1623207029072000,0,0.38606462,0.00473313
1623207101029000,0,0.95343300,0.00471928
1623207485867000,1,5.63529793,0.00470597
1623207926885000,0,0.08461079,0.00470854
1623208684204000,0,6.60000000,0.00472041
1623209120755000,1,6.17000000,0.00471435
1623209121304000,0,0.07462200,0.00471865
1623209185836000,1,6.60000000,0.00471238
1623209185836000,1,16.09562884,0.00471215
1623209185836000,1,4.68282416,0.00471215
1623209402728000,1,0.64931562,0.00470789
1623209410268000,0,22.43000000,0.00471382
1623209647274000,0,6.60000000,0.00470405
1623209760997000,0,6.60000000,0.00470082
1623209892064000,1,6.60000000,0.00469828
1623209892064000,1,7.87866860,0.00469805
1623209892064000,1,7.87971377,0.00469781
1623209892150000,0,50.32300000,0.00469780
1623209892228000,0,23.00000000,0.00469780
1623209892311000,0,161.72501956,0.00469780
1623209892353000,0,15.00000000,0.00469780
1623209892818000,0,161.78657188,0.00469780
1623209892847000,0,3.18589581,0.00469780
1623209892885000,0,15.60000000,0.00469780
1623209893277000,0,59.78000000,0.00469780
1623209893280000,0,0.00081644,0.00469780
1623209947666000,0,6.60000000,0.00470354
1623211360403000,0,0.00164360,0.00471382
1623211400997000,1,6.60000000,0.00471789
1623211401587000,1,7.82230000,0.00471493
1623211553239000,0,6.60000000,0.00470676
1623211553239000,0,16.21158836,0.00470699
1623211553239000,0,7.87226287,0.00470842
1623211553239000,0,6.60000000,0.00470843
1623211553239000,0,15.18570277,0.00470866
1623211677631000,1,8.00000000,0.00469783
1623211770969000,0,0.57448340,0.00469562
1623211827655000,0,5.00000000,0.00469962
1623212305888000,1,4.00000000,0.00468972
1623212621107000,0,2.28391300,0.00468867
1623212769572000,0,1.81400000,0.00469848
1623212838992000,1,0.09092518,0.00469289
1623213195470000,0,6.60000000,0.00470969
1623213195470000,0,0.70498800,0.00470992
1623213234850000,1,6.60000000,0.00470290
1623213234850000,1,6.71445036,0.00470267
1623213770857000,0,5.00000000,0.00470923
1623214104613000,1,0.04423000,0.00471249
1623215821663000,1,6.60000000,0.00469680
1623215826847000,0,6.00830000,0.00470000
1623215957492000,0,0.81919900,0.00468964
1623215978159000,0,157.14000000,0.00468000
1623215978432000,1,7.72746669,0.00467857
1623215978432000,1,19.31923956,0.00467857
1623216023009000,1,0.07023556,0.00467600
1623216046610000,1,6.60000000,0.00467023
1623216118383000,0,6.60000000,0.00468293
1623216152305000,0,0.45000000,0.00469194
1623216162143000,1,164.66000000,0.00469000
1623216162172000,1,0.00690000,0.00469000
1623216259183000,1,32.15409000,0.00469000
1623216259199000,1,0.00000611,0.00469000
1623216398431000,1,3.82137321,0.00468418
1623216399193000,1,2.17862679,0.00468418
1623216555918000,0,0.66647200,0.00468741
1623216874996000,1,0.08275500,0.00468552
1623217035390000,1,6.00000000,0.00468178
1623217057356000,0,6.60000000,0.00468284
1623217057402000,0,0.51000000,0.00468354
1623217109438000,1,4.00000000,0.00468181
1623217250901000,0,1.76795655,0.00468645
1623217256186000,1,0.39356700,0.00468050
1623217392006000,1,4.00000000,0.00467861
1623217479982000,0,1.48258700,0.00468221
1623217667170000,0,4.74340575,0.00469245
1623217667189000,0,3.00324226,0.00469245
1623217871305000,0,7.73794437,0.00469915
1623217871305000,0,7.73205563,0.00469916
1623217883717000,0,0.00588874,0.00469916
1623218217019000,0,6.38954505,0.00469677
1623218217020000,0,1.34715486,0.00469677
1623218217020000,0,19.34101372,0.00469677
1623218625070000,0,4.79806645,0.00469165
1623218773957000,0,0.34746785,0.00469501
1623218775352000,1,0.33648061,0.00468981
1623219221998000,0,0.14033600,0.00469100
1623219371261000,0,6.60000000,0.00470761
1623219371261000,0,1.65049237,0.00470784
1623219376447000,1,8.29295465,0.00470448
1623219506450000,1,3.18775900,0.00472102
1623219791214000,0,2.35610789,0.00472766
1623219806603000,0,6.86849084,0.00473103
1623219853906000,0,2.51792697,0.00472975
1623219921208000,0,7.64551000,0.00472178
1623219921301000,0,0.00000272,0.00472178
1623220177775000,1,7.65000000,0.00471259
1623220177911000,1,0.00003910,0.00471259
1623220179218000,1,26.40000000,0.00471113
1623220184070000,1,23.32953934,0.00471113
1623220325466000,1,8.73000000,0.00470351
1623220325689000,1,0.35000000,0.00470351
1623220326394000,1,1.91000000,0.00470351
1623220326469000,1,0.00359988,0.00470351
1623220740600000,0,7.63082029,0.00472437
1623220740600000,0,4.96917971,0.00472452
1623220740832000,0,1.03082029,0.00472451
1623220741008000,0,1.03080000,0.00472452
1623220741055000,0,0.00002029,0.00472452
1623220741631000,0,6.73000000,0.00472890
1623220805071000,1,2.01000000,0.00472670
1623221168589000,1,26.40000000,0.00472631
1623221263298000,0,0.23133600,0.00471584
1623221634406000,1,6.60000000,0.00471392
1623221634406000,1,20.78400000,0.00471214
1623221634406000,1,27.53850080,0.00471214
1623221900536000,0,6.60000000,0.00471642
1623221900536000,0,7.54384862,0.00471665
1623221900536000,0,15.51161558,0.00471788
1623221900536000,0,7.54304855,0.00471890
1623221900536000,0,1.72115925,0.00471891
1623221906841000,1,1.00000000,0.00471054
1623222038801000,1,4.41220272,0.00470332
1623222207834000,1,7.57325000,0.00469168
1623222208003000,1,0.00000345,0.00469168
1623222259769000,0,6.60000000,0.00469537
1623222259786000,0,9.13900000,0.00469537
1623222259786000,0,5.01780000,0.00469561
1623222260272000,0,2.53900000,0.00469561
1623222337895000,0,5.00000000,0.00470130
1623222358217000,1,6.60000000,0.00468643
1623222410836000,1,2.00000000,0.00468343
1623222426175000,1,5.00000000,0.00467985
1623222437097000,1,5.00000000,0.00468105
1623222473577000,0,7.52813415,0.00468999
1623222473577000,0,3.96652788,0.00468999
1623222474175000,1,7.43303000,0.00469000
1623222474240000,1,0.00000500,0.00469000
1623223004997000,0,0.47546600,0.00469306
1623223131946000,1,0.06818302,0.00469068
1623223191760000,1,0.15726600,0.00469735
1623223229104000,0,0.44970700,0.00470421
1623223752242000,1,3.00000000,0.00468099
1623223815966000,1,6.81840000,0.00468172
1623223816046000,1,0.00003531,0.00468172
1623223929123000,1,6.00000000,0.00467972
1623224027986000,0,0.18465400,0.00468954
1623224096825000,1,12.00000000,0.00467950
1623224367953000,1,6.60000000,0.00468966
1623224367953000,1,4.00741312,0.00468943
1623224384156000,0,3.81442673,0.00469545
1623224701854000,0,6.60000000,0.00469092
1623224701854000,0,22.33694300,0.00469282
1623224859482000,0,0.17591655,0.00469840
1623224859482000,0,4.82408345,0.00469841
1623224928519000,1,6.60000000,0.00468760
1623224928519000,1,3.90000000,0.00468737
1623225072301000,0,1.16780655,0.00468176
1623225114049000,1,6.60000000,0.00467587
1623225114049000,1,3.40000000,0.00467564
1623225331843000,1,1.16906629,0.00467739
1623225436193000,1,6.00000000,0.00467718
1623225696743000,0,0.07279100,0.00467753
1623225976882000,1,1.46177400,0.00467467
1623226095455000,0,8.82830000,0.00467599
1623226146266000,0,0.00006834,0.00467599
1623226188585000,1,0.07980400,0.00467189
1623226244207000,0,6.60000000,0.00467647
1623226244207000,0,43.92100000,0.00467670
1623226244207000,0,6.60000000,0.00467671
1623226244207000,0,7.64954771,0.00467830
1623226244207000,0,7.64954771,0.00467831
1623226244207000,0,17.81700000,0.00467833
1623226244207000,0,15.72789558,0.00467886
1623226244207000,0,19.12485829,0.00467996
1623226244207000,0,9.30441038,0.00467997
1623226244207000,0,14.96076417,0.00468000
1623226256965000,0,6.60000000,0.00468035
1623226256965000,0,19.10957192,0.00468227
1623226256965000,0,7.64251765,0.00468227
1623226256965000,0,17.81700000,0.00468228
1623226256965000,0,15.69089989,0.00468237
1623226256965000,0,183.29000000,0.00468302
1623226256965000,0,0.50000000,0.00468316
1623226256965000,0,43.89800000,0.00468411
1623226256965000,0,0.49000000,0.00468412
1623226256965000,0,9.40940551,0.00468428
1623226256965000,0,9.48282089,0.00468499
1623226256965000,0,0.49000000,0.00468534
1623226256965000,0,35.00000000,0.00468570
1623226256965000,0,128.85860000,0.00469000
1623226256965000,0,373.98831232,0.00469000
1623226351043000,1,43.38000000,0.00468000
1623226359070000,1,0.16716200,0.00468023
1623226418048000,1,1.92010000,0.00467189
1623226419162000,1,9.23760000,0.00467190
1623226419202000,1,0.00003984,0.00467190
1623226517449000,1,10.00000000,0.00468184
1623226628957000,1,0.00009600,0.00467189
1623227093319000,1,6.60000000,0.00467120
1623227093319000,1,7.63070327,0.00467073
1623227093319000,1,9.44436397,0.00467072
1623227145778000,0,0.92443700,0.00467678
1623227150807000,1,0.06260600,0.00467253
1623227445130000,1,0.15349200,0.00467604
1623227991248000,1,2.00000000,0.00466539
1623228151747000,1,1.55800000,0.00467330
1623228151747000,1,4.16892422,0.00467329
1623228351889000,0,4.47119200,0.00466936
1623228522332000,0,0.43928000,0.00466957
1623228584509000,1,0.33000000,0.00466418
1623228585941000,1,2.00000000,0.00466393
1623228760749000,0,6.60000000,0.00466684
1623228760749000,0,7.68448748,0.00466802
1623228760749000,0,7.66867757,0.00466802
1623228760749000,0,1.37636895,0.00466803
1623228837002000,0,15.81300000,0.00465968
1623228977084000,0,0.00005238,0.00465968
1623229006130000,0,0.04421300,0.00466144
1623229140937000,1,1.00000000,0.00465500
1623229336420000,1,0.08775000,0.00464778
1623229444423000,1,6.60000000,0.00465192
1623229444423000,1,9.12142969,0.00465169
1623229548435000,1,6.60000000,0.00465312
1623229548435000,1,15.71248076,0.00465289
1623229548435000,1,7.65802468,0.00465260
1623229548435000,1,6.60000000,0.00465259
1623229548435000,1,19.14579312,0.00465174
1623229548435000,1,0.51000000,0.00465142
1623229548435000,1,49.78113653,0.00465126
1623229548435000,1,4.81282953,0.00465125
1623229697940000,1,2.00000000,0.00465062
1623229710376000,1,2.00000000,0.00465024
1623229966367000,1,2.00000000,0.00464638
1623230133490000,1,0.09153719,0.00464001
1623230133490000,1,2.94846281,0.00464000
1623230154256000,1,0.00412340,0.00464000
1623230154256000,1,9.99587660,0.00463935
1623230187512000,1,0.00412340,0.00463935
1623230410410000,1,6.60000000,0.00464023
1623230584922000,0,0.88825992,0.00465292
1623230645304000,0,0.25112762,0.00465580
1623230780076000,0,0.13382800,0.00465300
1623230780076000,0,4.86617200,0.00465680
1623231201438000,1,3.00000000,0.00464337
1623231214260000,1,6.35539116,0.00463754
1623231660693000,0,3.85042700,0.00463474
1623231681222000,0,0.46148200,0.00463436
1623231730034000,1,2.00000000,0.00463001
1623231730166000,1,0.50000000,0.00463000
1623231730166000,1,0.48000000,0.00462733
1623231730166000,1,7.67447656,0.00462628
1623231730166000,1,19.18709317,0.00462622
1623231730166000,1,0.53000000,0.00462621
1623231730166000,1,1.62843027,0.00462551
1623231730800000,1,5.00000000,0.00462574
1623231730841000,1,1.60000000,0.00462574
1623231730841000,1,2.66869340,0.00462552
1623231950243000,0,6.60000000,0.00463597
1623231950243000,0,1.36100000,0.00463637
1623231950243000,0,0.60000000,0.00463672
1623231950243000,0,15.71315468,0.00463695
1623231950243000,0,40.83240332,0.00463695
1623232069495000,1,1.60260000,0.00462947
1623232069527000,1,0.00005861,0.00462947
1623232069527000,1,1.99994139,0.00462946
1623232069587000,1,0.00005861,0.00462946
1623232273183000,1,15.73000000,0.00463579
1623232400424000,0,0.09041700,0.00463614
1623232755070000,1,6.60000000,0.00464148
1623232755070000,1,15.81000000,0.00464141
1623232767766000,1,0.00068834,0.00464141
1623233781915000,0,5.33555333,0.00463040
1623233984732000,0,0.08100000,0.00463576
1623233992170000,0,0.08800000,0.00463575
1623234125893000,0,0.00080489,0.00463575
1623234125893000,0,0.00097374,0.00463576
1623234464561000,0,1.31426768,0.00463374
1623235142454000,1,2.27032200,0.00462849
1623235166806000,0,5.00000000,0.00463256
1623235193201000,0,4.02462384,0.00462940
1623235218529000,1,9.58600000,0.00462493
1623235272469000,1,5.01830000,0.00462100
1623235272618000,1,4.98170000,0.00462100
1623235642460000,0,1.02361100,0.00462669
1623235659006000,0,0.29260400,0.00462669
1623236200490000,0,0.15666800,0.00461403
1623236207457000,1,1.50000000,0.00461100
1623236243682000,0,0.58639500,0.00461403
1623236498770000,1,7.60632846,0.00460912
1623236498860000,1,0.05430897,0.00460912
1623236498860000,1,5.47935475,0.00460889
1623236499075000,1,1.58496575,0.00460889
1623236700171000,0,0.18100000,0.00461437
1623236700404000,0,2.05910000,0.00461437
1623236853471000,0,0.65583665,0.00461326
1623236853471000,0,0.15462735,0.00461728
1623237073720000,0,6.60000000,0.00461826
1623237073720000,0,3.40000000,0.00461896
1623237380611000,1,6.60000000,0.00461870
1623237442634000,1,6.60000000,0.00461699
1623237449809000,1,43.68300000,0.00461393
1623237508234000,0,6.60000000,0.00461514
1623237809841000,0,0.43923100,0.00461812
1623237999369000,0,2.61979700,0.00461847
1623238233027000,1,1.01086500,0.00461471
1623238368633000,1,0.13300000,0.00461067
1623238377156000,1,0.00073941,0.00461067
1623238377555000,0,179.87000000,0.00461000
1623238377560000,0,0.00780000,0.00461000
1623238385608000,0,0.66000000,0.00461269
1623238385803000,0,5.94000000,0.00461269
1623238403677000,0,0.13125900,0.00461532
1623238563012000,0,2.05071200,0.00461734
1623238798154000,0,0.43943900,0.00461612
1623238924376000,0,3.30864100,0.00461662
1623239216285000,0,6.60000000,0.00462122
1623239216285000,0,15.53724857,0.00462146
1623239216285000,0,6.86275143,0.00462193
1623239342913000,1,0.12457400,0.00461897
1623239732427000,1,0.15511300,0.00462991
1623240021619000,1,6.60000000,0.00463543
1623240024198000,1,0.49000000,0.00463612
1623240024198000,1,2.10000000,0.00463544
1623240024198000,1,0.41927347,0.00463543
1623240043969000,1,3.18318053,0.00464226
1623240044817000,1,3.18318053,0.00464226
1623240118058000,1,0.21700000,0.00464865
1623240133118000,1,0.25611146,0.00465001
1623240135148000,1,2.00000000,0.00465073
1623240135148000,1,3.87632977,0.00465072
1623240135721000,1,2.00000000,0.00465147
1623240135721000,1,3.87632977,0.00465096
1623240136542000,1,2.58748673,0.00465170
1623240143702000,0,1.09007000,0.00465939
1623240155909000,1,0.10933700,0.00464440
1623240161244000,0,7.43047264,0.00465458
1623240196581000,0,26.40000000,0.00465999
1623240196799000,0,26.40000000,0.00465999
1623240197095000,0,13.20000000,0.00465999
1623240199208000,1,2.61991530,0.00465505
1623240199706000,1,0.49000000,0.00465618
1623240199706000,1,2.12991530,0.00465505
1623240522685000,0,6.26999990,0.00463313
1623240587666000,0,0.14072000,0.00463786
1623240603844000,0,1.47555000,0.00463617
1623240630675000,0,0.12373300,0.00463425
1623240720489000,0,3.15353531,0.00464114
1623240763479000,1,7.44857406,0.00462790
1623240773164000,1,6.60000000,0.00462732
1623240773164000,1,42.77100000,0.00462420
1623240773164000,1,15.28654750,0.00462209
1623240773164000,1,9.12229791,0.00462058
1623240773164000,1,15.00000000,0.00462007
1623240773164000,1,64.68555459,0.00462000
1623240773715000,0,1.20000000,0.00462937
1623240773715000,0,1.20000000,0.00462998
1623240773715000,0,360.10000000,0.00463000
1623240800865000,0,17.89770000,0.00463303
1623240929629000,1,48.30000000,0.00463315
1623240929689000,1,0.00162647,0.00463315
1623241158448000,1,0.07136100,0.00463257
1623241407244000,1,2.40030000,0.00463172
1623241407251000,1,52.49370000,0.00463172
1623241500912000,1,15.32000000,0.00463408
1623241885266000,0,6.60000000,0.00463124
1623241932615000,1,0.09630100,0.00462551
1623242188337000,1,7.49000000,0.00462163
1623242188414000,1,0.00337689,0.00462163
1623242198106000,1,2.41000000,0.00462001
1623242506936000,0,0.10302800,0.00461853
1623242642250000,0,6.60000000,0.00461307
1623242642999000,0,6.60000000,0.00461307
1623242643725000,0,15.48315517,0.00461330
1623242738610000,0,0.80000000,0.00461551
1623242738610000,0,6.40747900,0.00461552
1623242746100000,0,0.92758660,0.00461528
1623242826069000,0,2.87029100,0.00461213
1623242944753000,0,0.70000000,0.00461586
1623242944753000,0,1.50456300,0.00461589
1623243128126000,1,2.81000000,0.00460925
1623243201625000,1,7.56975558,0.00460822
1623243201625000,1,18.92609900,0.00460822
1623243201625000,1,2.27830142,0.00460821
1623243576085000,0,6.60000000,0.00461176
1623243576085000,0,15.52000000,0.00461199
1623243576110000,0,0.00733968,0.00461199
1623243633218000,1,2.07000000,0.00461409
1623243633219000,1,4.53000000,0.00461409
1623243672422000,1,0.04982500,0.00461290
1623243690095000,0,0.81000000,0.00461661
1623243695302000,0,0.00872484,0.00461661
1623243876748000,1,2.90242200,0.00461489
1623244269350000,0,2.58000000,0.00461276
1623244338286000,1,3.98140000,0.00460927
1623244408600000,0,6.60000000,0.00461284
1623244624988000,0,0.51670400,0.00461614
1623244889369000,1,3.04771700,0.00461095
1623245216611000,0,1.08362900,0.00461772
1623245225444000,1,4.64600000,0.00461105
1623245882763000,1,0.40427900,0.00460598
1623245909581000,0,0.08729300,0.00461006
1623245931456000,0,4.17914100,0.00460981
1623245938290000,0,2.42085900,0.00460981
1623245938290000,0,0.61582400,0.00461004
1623245938487000,0,0.28878500,0.00461004
1623245982994000,0,0.08511300,0.00461134
1623246056379000,0,0.17371400,0.00461165
1623246262724000,0,1.16370600,0.00461135
1623247150911000,0,0.49000000,0.00460671
1623247196928000,0,0.11842600,0.00460977
1623247556182000,1,0.05000000,0.00460918
1623247667834000,1,0.86010935,0.00460703
1623247667985000,1,3.60000000,0.00460703
1623247667987000,1,1.79003099,0.00460703
1623247667994000,1,0.34985966,0.00460703
1623247669142000,1,2.09212440,0.00460703
1623247669594000,1,2.88609149,0.00460703
1623247669724000,1,1.61000000,0.00460703
1623247759960000,1,6.60000000,0.00460660
1623247759960000,1,4.39900000,0.00460637
1623248092595000,1,7.51010000,0.00460736
1623248092706000,1,0.00004864,0.00460736
1623248092706000,1,18.77605136,0.00460714
1623248092754000,1,0.00012008,0.00460714
1623248140005000,1,3.11560000,0.00460714
1623248140111000,1,0.00006429,0.00460714
1623248153125000,1,7.51252794,0.00460525
1623248153125000,1,18.78285398,0.00460525
1623248396258000,0,0.22717900,0.00460882
1623248877734000,1,7.57617201,0.00460196
1623248984565000,1,4.00125533,0.00460268
1623248984751000,1,2.59874467,0.00460268
1623248985024000,1,2.05082499,0.00460245
1623248985559000,1,4.65053698,0.00460269
1623248994347000,1,4.25787061,0.00460340
1623249005377000,1,6.60000000,0.00460646
1623249005377000,1,2.82578775,0.00460623
1623249005399000,1,1.84583400,0.00460623
1623249005407000,1,3.24244186,0.00460623
1623249054363000,1,4.23237970,0.00460822
1623249058254000,1,7.54395499,0.00460823
1623249333310000,1,0.43044700,0.00461000
1623249598962000,1,7.52689414,0.00460575
1623249884266000,1,2.22450000,0.00461000
1623249954882000,0,0.09775999,0.00461498
1623250394039000,1,6.60000000,0.00460336
1623250394039000,1,7.52277716,0.00460313
1623250394039000,1,4.40043296,0.00460313
1623250433694000,1,5.00000000,0.00460000
1623250433694000,1,7.13920000,0.00460000
1623250433783000,1,17.10460000,0.00460000
1623250433967000,1,50.00000000,0.00460000
1623250469078000,0,0.14608100,0.00460977
1623250646895000,1,6.60000000,0.00460362
1623250647234000,1,7.62794869,0.00460339
1623250647234000,1,7.62897549,0.00460315
1623250647386000,1,49.59179430,0.00460201
1623250647386000,1,0.48000000,0.00460175
1623250647919000,1,21.96991739,0.00460000
1623250649003000,0,0.35000000,0.00460108
1623250649298000,0,0.15000000,0.00460108
1623250848322000,0,2.08904800,0.00461255
1623250867629000,0,0.53451700,0.00460977
1623250940441000,1,6.60000000,0.00460337
1623250941338000,1,0.51000000,0.00460120
1623250941338000,1,0.49000000,0.00459925
1623250941843000,1,7.61054839,0.00459717
1623250941843000,1,19.02710437,0.00459717
1623250941843000,1,7.60423604,0.00459717
1623250941843000,1,0.21111018,0.00459716
1623250948051000,0,32.00000000,0.00459740
1623250954714000,0,0.92810296,0.00459403
1623251050653000,0,0.50000000,0.00459770
1623251050653000,0,0.51000000,0.00459934
1623251053275000,0,0.48000000,0.00459984
1623251053275000,0,25.92000000,0.00460020
1623251053313000,0,9.08000000,0.00460020
1623251058175000,0,0.51000000,0.00459976
1623251059809000,0,36.60000000,0.00459890
1623251064237000,1,0.13320400,0.00459297
1623251067354000,1,0.25572793,0.00459297
1623251173628000,0,6.60000000,0.00458346
1623251190510000,1,4.21940000,0.00458000
1623251190655000,1,52.80000000,0.00458000
1623251190883000,1,26.40000000,0.00458000
1623251221442000,0,0.11500000,0.00457575
1623251390364000,1,6.60000000,0.00457815
1623251390364000,1,0.48000000,0.00457791
1623251390364000,1,18.60810242,0.00457669
1623251390364000,1,7.44669886,0.00457669
1623251390364000,1,6.32391629,0.00457669
1623251390364000,1,15.26042842,0.00457668
1623251390364000,1,0.51000000,0.00457614
1623251390364000,1,9.19747894,0.00457429
1623251390364000,1,48.38500708,0.00457421
1623251390364000,1,31.16667615,0.00457420
1623251433071000,1,0.34489500,0.00458142
1623251436066000,1,0.11073500,0.00458143
1623251447474000,0,0.11606753,0.00458552
1623251449131000,1,6.36900000,0.00458313
1623251587108000,0,0.08197196,0.00458796
1623251606255000,1,5.28224900,0.00458216
1623251635653000,0,258.12000000,0.00459000
1623251930431000,0,6.60000000,0.00457182
1623252108529000,1,0.17000000,0.00456100
1623252167873000,0,0.50035000,0.00456654
1623252216692000,1,1.50000000,0.00455500
1623252335928000,1,6.29499710,0.00454202
1623252347432000,1,6.60000000,0.00454345
1623252349712000,1,6.60000000,0.00454228
1623252355550000,0,7.35000000,0.00454425
1623252392965000,0,5.29200000,0.00454653
1623252692052000,1,6.60000000,0.00454734
1623252692052000,1,1.50232327,0.00454711
1623252898539000,0,6.60000000,0.00455757
1623252899688000,0,0.08880296,0.00455756
1623252905921000,0,6.60000000,0.00455977
1623252919216000,0,6.60000000,0.00455954
1623252963222000,1,6.60000000,0.00455758
1623252963222000,1,2.18746498,0.00455735
1623253060352000,1,0.06908600,0.00456470
1623253170291000,0,6.60000000,0.00457319
1623253170291000,0,15.00000000,0.00457342
1623253170291000,0,6.60000000,0.00457345
1623253170291000,0,18.28840651,0.00457492
1623253170291000,0,7.31577163,0.00457493
1623253170291000,0,9.09119593,0.00457494
1623253170291000,0,0.50000000,0.00457500
1623253170291000,0,2.00000000,0.00457542
1623253170291000,0,18.67900000,0.00457546
1623253170291000,0,47.54335957,0.00457687
1623253170291000,0,9.01576523,0.00457688
1623253170291000,0,14.95320588,0.00457728
1623253170291000,0,39.00000000,0.00457740
1623253170291000,0,8.84514816,0.00457757
1623253170291000,0,0.48000000,0.00457767
1623253170291000,0,14.28279574,0.00457802
1623253398048000,0,0.62994600,0.00458994
1623253459939000,1,0.10120300,0.00459000
1623253520735000,1,0.37812000,0.00460366
1623253534883000,0,6.60000000,0.00461234
1623253534883000,0,0.51000000,0.00461310
1623253534883000,0,1.19968200,0.00461474
1623253597872000,0,3.88030712,0.00461573
1623253717879000,0,2.97474917,0.00461605
1623253717905000,0,4.28662914,0.00461605
1623253717905000,0,0.00460059,0.00461606
1623253736255000,1,0.71570474,0.00461001
1623253741921000,0,2.53674698,0.00461793
1623253742019000,0,14.64392270,0.00461793
1623253756432000,0,0.06660222,0.00462089
1623253756602000,0,2.21189444,0.00462426
1623253758666000,0,0.70611657,0.00462612
1623253766579000,0,41.43800000,0.00462709
1623253771930000,0,7.24143189,0.00463913
1623253771930000,0,7.22626811,0.00463913
1623253807229000,1,0.50000000,0.00463758
1623253807229000,1,6.69800000,0.00463722
1623253816982000,1,26.40000000,0.00463482
1623253817976000,1,41.39000000,0.00463404
1623253834107000,0,0.06554900,0.00463000
1623253906017000,1,0.35000000,0.00463099
1623253939420000,1,7.20316869,0.00462816
1623253939420000,1,2.28274485,0.00462816
1623254068730000,1,0.57448340,0.00462853
1623254131553000,0,3.23609240,0.00462871
1623254132233000,0,3.36390760,0.00462871
1623254132726000,0,3.98101171,0.00462999
1623254135312000,0,10.63224322,0.00463113
1623254135319000,0,9.82446258,0.00463113
1623254135370000,0,19.16558840,0.00463113
1623254138574000,0,5.01877691,0.00463331
1623254138734000,0,19.61422285,0.00463331
1623254139019000,0,2.74816590,0.00463331
1623254294433000,0,6.60000000,0.00463788
1623254415639000,0,7.21093255,0.00465069
1623254415639000,0,7.20626745,0.00465069
1623254415681000,0,0.00013006,0.00465069
1623254437795000,1,34.24010000,0.00464488
1623254438000000,1,11.43090000,0.00464488
1623254438375000,1,26.00000000,0.00464190
1623254438461000,1,15.00000000,0.00464190
1623254467752000,0,0.04352900,0.00465000
1623254805819000,1,0.06361800,0.00461253
1623255027169000,0,7.28364223,0.00462759
1623255027169000,0,7.28354773,0.00462759
1623255027176000,0,19.28370000,0.00462826
1623255027438000,0,0.00003032,0.00462826
1623255314676000,0,6.60000000,0.00462602
1623255314676000,0,7.25530415,0.00462624
1623255314676000,0,14.88544397,0.00462625
1623255314676000,0,8.79623677,0.00462696
1623255314676000,0,18.13641597,0.00462724
1623255314676000,0,6.60000000,0.00462779
1623255314676000,0,47.15178847,0.00462796
1623255314676000,0,9.05024581,0.00462797
1623255314676000,0,14.87733970,0.00462826
1623255314676000,0,31.00000000,0.00462860
1623255314676000,0,0.48000000,0.00462886
1623255314676000,0,8.78871892,0.00462978
1623255315111000,0,7.25530415,0.00463016
1623255315111000,0,18.13641597,0.00463016
1623255315111000,0,47.15142230,0.00463016
1623255315977000,0,148.08890518,0.00463999
1623255316451000,0,17.94984990,0.00463983
1623255317523000,0,3.96029980,0.00464998
1623255318170000,1,1.90000000,0.00464351
1623255318263000,0,3.96020000,0.00464343
1623255318287000,0,3.96020000,0.00464343
1623255324267000,0,6.60000000,0.00465032
1623255359550000,0,6.60000000,0.00463942
1623255370016000,0,0.82581000,0.00464000
1623255397929000,1,6.00000000,0.00463747
1623255425574000,0,6.60000000,0.00464344
1623255425574000,0,0.39094135,0.00464368
1623255425585000,0,2.67033892,0.00464368
1623255425636000,0,6.39746632,0.00464368
1623255425641000,0,0.48759014,0.00464368
1623255603207000,0,0.40936242,0.00464681
1623255638365000,0,6.60000000,0.00464832
1623255638365000,0,1.90000000,0.00464853
1623255638365000,0,6.60000000,0.00464856
1623255638365000,0,2.49711460,0.00464879
1623255784181000,0,8.83344627,0.00464446
1623255784254000,0,3.09302137,0.00464446
1623255865091000,0,5.96980000,0.00464784
1623255865156000,0,0.00001649,0.00464784
1623255865238000,0,14.92370000,0.00464918
1623255865263000,0,0.00005732,0.00464918
1623255865277000,0,17.34480000,0.00464998
1623255865382000,0,1.54390798,0.00464998
1623255865528000,0,5.97460987,0.00464999
1623255865528000,0,0.30702181,0.00465000
1623255865704000,0,14.93875837,0.00464998
1623255865704000,0,5.97563794,0.00464999
1623255866143000,0,5.97297389,0.00465356
1623255866378000,0,5.97563794,0.00465612
1623255866378000,0,21.47297193,0.00465613
1623255866380000,0,0.00102807,0.00465613
1623255866732000,0,13.85006233,0.00465747
1623255866732000,0,6.86963134,0.00465985
1623255866830000,0,14.91455469,0.00465941
1623255866968000,0,6.55944531,0.00465941
1623255866968000,0,2.20561374,0.00465962
1623255867006000,0,4.39438626,0.00465962
1623255867006000,0,5.79561374,0.00465985
1623255867742000,0,2.08147470,0.00465985
1623255867742000,0,5.97563794,0.00465999
1623255867742000,0,4.45056975,0.00465999
1623255896839000,0,6.60000000,0.00465666
1623255896839000,0,7.47262251,0.00465689
1623255897120000,0,11.09000000,0.00465665
1623255897120000,0,3.80857035,0.00465689
1623255897120000,0,6.06053563,0.00465689
1623256061337000,0,7.18640000,0.00465840
1623256061423000,0,29.55070000,0.00465870
1623256061608000,0,10.44930000,0.00465870
1623256061983000,0,7.18639671,0.00466145
1623256061983000,0,7.18429755,0.00466145
1623256062288000,0,7.17806905,0.00466304
1623256062288000,0,2.81806364,0.00466304
1623256090969000,0,5.92888105,0.00466461
1623256111082000,1,8.89657000,0.00465761
1623256122859000,0,7.17696053,0.00466003
1623256122859000,0,7.60136211,0.00466076
1623256123055000,0,7.12421524,0.00466075
1623256123101000,0,0.05097619,0.00466075
1623256123101000,0,1.64675308,0.00466076
1623256123107000,0,5.42648597,0.00466076
1623256123220000,0,0.05097619,0.00466076
1623256123220000,0,1.90000000,0.00466182
1623256123758000,0,1.90000000,0.00466259
1623256123758000,0,3.08388852,0.00466261
1623256139786000,0,0.47497300,0.00465882
1623256316622000,0,4.58327996,0.00465274
1623256317332000,0,6.29543880,0.00465298
1623256317372000,0,1.74346852,0.00465298
1623256320859000,0,4.12140882,0.00465580
1623256320906000,0,10.77646376,0.00465580
1623256321365000,0,8.69141479,0.00465739
1623256321417000,0,5.50826253,0.00465739
1623256321481000,0,0.57521848,0.00465739
1623256328358000,0,25.48501189,0.00465943
1623256328401000,0,14.22557889,0.00465943
1623256328719000,0,1.90000000,0.00466109
1623256328719000,0,5.15565397,0.00466127
1623256328922000,0,1.90000000,0.00466126
1623256328922000,0,0.56839971,0.00466127
1623256329323000,0,6.60000000,0.00466184
1623256329323000,0,2.14123097,0.00466206
1623256366218000,0,2.75010000,0.00465551
1623256367016000,0,50.00000000,0.00465650
1623256521180000,1,17.98404749,0.00465703
1623256521180000,1,7.19325251,0.00465703
1623256598637000,0,3.28044258,0.00466629
1623256598670000,0,3.31955742,0.00466629
1623256598670000,0,5.66771493,0.00466653
1623256601510000,0,8.72782792,0.00466732
1623256603054000,0,14.85713176,0.00466880
1623256610104000,0,7.64730000,0.00466932
1623256610119000,0,25.17720000,0.00466932
1623256610168000,0,5.27622117,0.00466932
1623256610330000,0,2.90546063,0.00467180
1623256610404000,0,7.18895750,0.00467124
1623256610404000,0,4.28389003,0.00467180
1623256610708000,0,6.60000000,0.00467391
1623256610708000,0,5.50506679,0.00467414
1623256610722000,0,8.73949646,0.00467414
1623256610737000,0,14.57915129,0.00467414
1623256610828000,0,8.62020286,0.00467414
1623256610830000,0,4.88014660,0.00467414
1623256610896000,0,17.93362727,0.00467414
1623256610898000,0,9.79802327,0.00467414
1623256610898000,0,7.18895750,0.00467414
1623256610991000,0,3.41815157,0.00467502
1623256611039000,0,3.77080593,0.00467502
1623256611039000,0,4.60256623,0.00467502
1623256611081000,0,2.58161106,0.00467502
1623256611134000,0,3.72654769,0.00467414
1623256611456000,0,5.28988653,0.00467414
1623256619062000,0,13.20000000,0.00467454
1623256624533000,0,6.60000000,0.00467524
1623256624533000,0,1.38556991,0.00467547
1623256624592000,0,17.74135956,0.00467547
1623256624921000,0,6.60000000,0.00467642
1623256624921000,0,0.83263471,0.00467665
1623256625758000,0,0.34463665,0.00467768
1623256626946000,0,1.68715625,0.00467975
1623256627020000,0,0.21284375,0.00467975
1623256627020000,0,3.01284375,0.00467976
1623256631396000,0,16.43644652,0.00468000
1623256637328000,0,0.69985042,0.00468000
1623256640011000,0,2.95382272,0.00468171
1623256643231000,0,1.90000000,0.00468098
1623256643231000,0,6.60000000,0.00468099
1623256644933000,0,5.16139089,0.00468146
1623256644991000,0,1.43860911,0.00468146
1623256645154000,0,5.18669709,0.00468193
1623256645307000,0,1.98833696,0.00468193
1623256645307000,0,3.83116596,0.00468215
1623256645342000,0,3.34417487,0.00468215
1623256645342000,0,7.17515676,0.00468216
1623256645342000,0,11.89224631,0.00468218
1623256645386000,0,1.19944128,0.00468218
1623256645478000,0,1.89882164,0.00468218
1623256649352000,0,1.90000000,0.00468169
1623256649352000,0,1.11559118,0.00468170
1623256650013000,0,4.36881764,0.00468146
1623256650118000,0,2.23118236,0.00468146
1623256660378000,0,4.41222290,0.00468217
1623256661900000,0,13.37980921,0.00468275
1623256661939000,0,0.65515187,0.00468275
1623256662388000,0,12.14209881,0.00468520
1623256662388000,0,39.85790119,0.00468520
1623256662819000,0,1.64951230,0.00468790
1623256663073000,0,1.90000000,0.00468774
1623256663073000,0,10.93971152,0.00468823
1623256663196000,1,6.60000000,0.00468540
1623256679112000,0,14.00821117,0.00469103
1623256679139000,0,3.83625938,0.00469103
1623256679322000,0,1.90002999,0.00469103
1623256679322000,0,5.23795860,0.00469103
1623256679391000,0,7.13798859,0.00469296
1623256679391000,0,4.92828791,0.00469323
1623256679398000,0,2.49074750,0.00469323
1623256679399000,0,38.97052814,0.00469323
1623256679636000,0,7.13798859,0.00469616
1623256679636000,0,0.63128072,0.00469617
1623256679718000,0,0.51000000,0.00469791
1623256679816000,0,0.63128072,0.00469616
1623256679826000,0,6.50643908,0.00469616
1623256679826000,0,17.84173371,0.00469616
1623256679929000,0,0.06896630,0.00469932
1623256680125000,0,1.00000000,0.00470161
1623256680156000,0,2.84450000,0.00470161
1623256680159000,0,3.27677769,0.00470161
1623256680159000,0,2.98941437,0.00470161
1623256680170000,0,9.00000000,0.00470161
1623256680201000,0,5.81377984,0.00470161
1623256680548000,0,7.13798859,0.00470419
1623256680548000,0,12.78225759,0.00470419
1623256680809000,0,5.59521366,0.00470735
1623256681266000,0,1.90000000,0.00471029
1623256681471000,0,6.60000000,0.00470712
1623256685450000,1,6.60000000,0.00470224
1623256709827000,1,0.07300700,0.00470693
1623256803708000,0,29.57270000,0.00469880
1623256835046000,0,3.16196275,0.00469963
1623256835144000,0,3.43803725,0.00469963
1623256835144000,0,8.64800000,0.00469985
1623256835144000,0,5.54650237,0.00469986
1623256862876000,0,3.57259000,0.00471402
1623256862987000,0,0.00000260,0.00471402
1623256862987000,0,8.93127740,0.00471402
1623256863047000,0,0.00000811,0.00471402
1623256870128000,1,0.48000000,0.00472459
1623256870128000,1,0.48000000,0.00472386
1623256870128000,1,6.60000000,0.00472174
1623256870128000,1,0.48000000,0.00471999
1623256870128000,1,1.71419200,0.00471974
1623256876278000,1,6.60000000,0.00472199
1623257032587000,1,7.05369079,0.00471271
1623257032587000,1,16.76958921,0.00471271
1623257033116000,1,0.86505000,0.00471271
1623257054337000,1,7.06139000,0.00470630
1623257054826000,1,0.00000968,0.00470630
1623257054826000,1,7.06562032,0.00470537
1623257096534000,0,7.06910000,0.00470979
1623257129669000,1,7.04345000,0.00471879
1623257159575000,0,2.09458000,0.00471000
1623257160366000,0,0.00000400,0.00471000
1623257171848000,1,6.60010000,0.00470500
1623257171871000,1,11.02806252,0.00470500
1623257171871000,1,6.58383748,0.00470500
1623257171921000,1,0.45816246,0.00470500
1623257216176000,1,7.06599824,0.00470370
1623257216176000,1,14.06216176,0.00470370
1623257216257000,1,3.60326000,0.00470370
1623257341129000,1,7.09121255,0.00469413
1623257341148000,1,7.09120000,0.00469389
1623257341194000,1,0.00008763,0.00469389
1623257341194000,1,26.39991237,0.00469305
1623257341418000,1,19.69579300,0.00469305
1623257341773000,1,7.09121255,0.00469088
1623257341773000,1,7.09128763,0.00469088
1623257341773000,1,7.09233557,0.00468818
1623257413830000,1,7.11184000,0.00468253
1623257462085000,0,2.51980000,0.00468818
1623257462219000,0,0.00003737,0.00468818
1623257462793000,0,1.50060944,0.00469052
1623257462963000,0,1.85917000,0.00469052
1623257464654000,0,0.00000371,0.00469052
1623257465267000,0,4.01999789,0.00469655
1623257465284000,0,17.29800211,0.00469655
1623257465899000,0,6.12337000,0.00469625
1623257466131000,0,0.00000372,0.00469625
1623257467005000,0,0.93273341,0.00470201
1623257467153000,0,8.98897579,0.00470201
1623257467239000,0,2.43664088,0.00470201
1623257467278000,0,8.95964992,0.00470201
1623257467310000,0,0.49000000,0.00470345
1623257467310000,0,1.39025510,0.00470386
1623257467310000,0,0.52002211,0.00470559
1623257467363000,0,9.00576169,0.00470485
1623257496796000,0,0.07049500,0.00469000
1623257496796000,0,13.65421858,0.00469376
1623257520847000,0,6.60000000,0.00469226
1623257520847000,0,2.62795678,0.00469331
1623257546982000,0,8.76211552,0.00469120
1623257547148000,0,4.59955669,0.00469120
1623257547306000,0,3.29665076,0.00469120
1623257547803000,0,0.86590807,0.00469120
1623257547803000,0,2.75266842,0.00469259
1623257547853000,0,3.55703768,0.00469259
1623257547892000,0,0.29029390,0.00469259
1623257547892000,0,3.44807725,0.00469331
1623257577709000,0,6.03993567,0.00469018
1623257593071000,0,7.93861093,0.00469413
1623257593216000,0,8.68853518,0.00469538
1623257593304000,0,12.62946482,0.00469538
1623257593304000,0,4.75637620,0.00469602
1623257593307000,0,2.35343814,0.00469602
1623257593307000,0,6.46723963,0.00469602
1623257593415000,0,1.90000000,0.00469537
1623257593524000,0,6.60000000,0.00469568
1623257593564000,0,6.33241889,0.00469645
1623257593960000,0,1.90000000,0.00469644
1623257593960000,0,0.51718993,0.00469654
1623257618666000,0,7.11751962,0.00469145
1623257618666000,0,7.11691230,0.00469170
1623257618741000,0,1.90000000,0.00469193
1623257621645000,0,1.90000000,0.00469280
1623257621645000,0,6.60000000,0.00469281
1623257621645000,0,0.36280453,0.00469306
1623257621729000,0,1.90000000,0.00469305
1623257621729000,0,6.89284731,0.00469306
1623257621941000,0,6.96280000,0.00469280
1623257621941000,0,1.90000000,0.00469305
1623257621941000,0,5.71933830,0.00469306
1623257623423000,0,6.60000000,0.00469185
1623257623423000,0,2.19590216,0.00469209
1623257624114000,0,1.90000000,0.00469139
1623257624114000,0,4.70000000,0.00469140
1623257624281000,0,1.90000000,0.00469139
1623257624371000,0,4.70000000,0.00469139
1623257624371000,0,1.90000000,0.00469364
1623257624371000,0,7.11317956,0.00469365
1623257649478000,0,1.90000000,0.00468449
1623257649478000,0,5.34256921,0.00468450
1623257654967000,0,2.47487568,0.00468450
1623257655059000,0,5.34256921,0.00468450
1623257655059000,0,1.90000000,0.00468562
1623257655059000,0,5.88428234,0.00468718
1623257702280000,0,1.90000000,0.00468338
1623257702280000,0,2.92445045,0.00468339
1623257702881000,0,2.92445045,0.00468339
1623257703125000,0,1.90000000,0.00468556
1623257703125000,0,6.60000000,0.00468563
1623257703125000,0,7.11784371,0.00468586
1623257703125000,0,2.92445045,0.00468587
1623257703186000,0,17.79418299,0.00468656
1623257703433000,0,10.44321001,0.00468753
1623257703434000,0,2.56222971,0.00468753
1623257703479000,0,2.12763357,0.00468753
1623257703520000,0,22.62925669,0.00468753
1623257703607000,0,8.50246883,0.00468753
1623257703674000,0,1.90000000,0.00468899
1623257703674000,0,2.66913609,0.00468919
1623257703718000,0,7.11492528,0.00468898
1623257703718000,0,1.25034453,0.00468918
1623257703718000,0,7.69830203,0.00468919
1623257703728000,0,10.43337195,0.00468919
1623257703771000,0,16.60694962,0.00468999
1623257703771000,0,1.18723337,0.00468999
1623257703826000,0,1.90000000,0.00468918
1623257703924000,0,1.90000000,0.00468917
1623257703924000,0,1.25034453,0.00468999
1623257704262000,0,2.92166366,0.00469081
1623257704263000,0,1.25034453,0.00469238
1623257704263000,0,5.11665758,0.00469238
1623257704352000,0,8.75527239,0.00469238
1623257704478000,0,4.34302712,0.00469080
1623257704480000,0,1.27949676,0.00469080
1623257704517000,0,1.49058161,0.00469080
1623257704517000,0,3.92225302,0.00469238
1623257704517000,0,0.63677843,0.00469239
1623257704567000,0,2.49625238,0.00469068
1623257704601000,0,3.35393916,0.00469068
1623257704601000,0,6.41679437,0.00469238
1623257733897000,0,1.90000000,0.00468710
1623257733897000,0,5.65950179,0.00468711
1623257733947000,0,1.45721754,0.00468711
1623257733947000,0,1.38873884,0.00468711
1623257734482000,0,1.90000000,0.00468711
1623257734520000,0,5.24516788,0.00468831
1623257734595000,0,1.90000000,0.00468830
1623257734595000,0,0.09557306,0.00468831
1623257734595000,0,6.66610801,0.00468832
1623257734632000,0,1.60892149,0.00468832
1623257734778000,0,1.90000000,0.00468831
1623257734778000,0,6.32994560,0.00468831
1623257744640000,0,7.30887631,0.00468561
1623257744640000,0,1.90000000,0.00468654
1623257744640000,0,5.92538441,0.00468750
1623257765678000,0,1.90000000,0.00468205
1623257765678000,0,4.38715906,0.00468206
1623257765678000,0,4.38684369,0.00468370
1623257766070000,0,1.07991627,0.00468206
1623257766100000,0,3.30724279,0.00468206
1623257766100000,0,4.63077278,0.00468512
1623257778102000,0,2.04127186,0.00468389
1623257778147000,0,12.43032841,0.00468389
1623257780268000,0,1.90000000,0.00468388
1623257780268000,0,0.14127186,0.00468389
1623257781736000,0,9.62300239,0.00468389
1623257781868000,0,4.98986974,0.00468389
1623257781868000,0,1.90000000,0.00468413
1623257782680000,0,1.90000000,0.00468527
1623257782703000,0,7.11960697,0.00468637
1623257782703000,0,7.48429194,0.00468637
1623257783879000,0,10.31450727,0.00468637
1623257783879000,0,1.90000000,0.00468648
1623257783879000,0,11.48195873,0.00468653
1623257783956000,0,3.13091340,0.00468653
1623257783956000,0,5.34385344,0.00468734
1623257783956000,0,0.31611926,0.00468735
1623257786212000,1,46.10000000,0.00468269
1623257786237000,1,17.90000000,0.00468269
1623257786237000,1,8.77465174,0.00468269
1623257786652000,0,1.90000000,0.00468411
1623257786652000,0,0.96529112,0.00468650
1623257786762000,0,8.68437614,0.00468409
1623257787032000,0,2.98998898,0.00468409
1623257787032000,0,17.25759203,0.00468580
1623257800007000,1,8.75849000,0.00468319
1623257873468000,0,1.90000000,0.00468349
1623257873468000,0,0.11258100,0.00468350
1623257894193000,0,1.90000000,0.00468359
1623257894193000,0,6.70135960,0.00468360
1623257894546000,0,0.60661073,0.00468360
1623257894546000,0,1.90000000,0.00468449
1623257894546000,0,0.18529930,0.00468520
1623257894565000,0,7.11250982,0.00468519
1623257894565000,0,1.76339883,0.00468520
1623257920742000,0,4.38072414,0.00468347
1623257920742000,0,4.31702763,0.00468534
1623258064759000,0,1.90000000,0.00467628
1623258064759000,0,6.88915692,0.00467727
1623258064808000,0,7.77390420,0.00467727
1623258064808000,0,0.65181819,0.00467908
1623258065098000,0,1.90000000,0.00467838
1623258065098000,0,6.48188116,0.00467908
1623258065098000,0,0.34067360,0.00467908
1623258077031000,0,1.90000000,0.00467814
1623258077031000,0,6.09279562,0.00467967
1623258077116000,0,0.76917631,0.00467966
1623258084991000,0,1.13699986,0.00467964
1623258085101000,0,0.76300014,0.00467964
1623258085101000,0,13.96122767,0.00468037
1623258085204000,0,1.03885817,0.00468036
1623258085319000,0,0.86114183,0.00468036
1623258085319000,0,0.69142348,0.00468037
1623258085319000,0,0.97483070,0.00468171
1623258085389000,0,6.15429407,0.00468171
1623258085389000,0,0.48832410,0.00468171
1623258085618000,0,1.90000000,0.00468107
1623258085618000,0,4.21367942,0.00468108
1623258087935000,0,1.90000000,0.00468036
1623258087935000,0,4.21367000,0.00468107
1623258088228000,0,1.90000000,0.00468220
1623258088228000,0,0.73436583,0.00468221
1623258088255000,0,2.10318230,0.00468221
1623258088281000,0,14.73150655,0.00468221
1623258088444000,0,0.74999967,0.00468221
1623258088447000,0,3.21594565,0.00468221
1623258088447000,0,12.16124203,0.00468309
1623258088498000,0,5.65726038,0.00468309
1623258088498000,0,7.12769260,0.00468309
1623258088498000,0,10.57492713,0.00468334
1623258088502000,0,4.06283079,0.00468334
1623258088532000,0,5.78693489,0.00468357
1623258089269000,0,2.55209812,0.00468357
1623258101324000,0,1.90000000,0.00468261
1623258101324000,0,6.93722545,0.00468326
1623258101401000,0,0.18701036,0.00468326
1623258101401000,0,8.59107872,0.00468334
1623258101890000,0,0.99156101,0.00468332
1623258171593000,0,4.07446079,0.00467763
1623258171896000,0,4.64629945,0.00467763
1623258192329000,0,0.50035000,0.00467788
1623258194827000,0,0.50035000,0.00467788
1623258257590000,0,1.90000000,0.00467707
1623258257590000,0,6.93559071,0.00467708
1623258307255000,0,0.04526500,0.00467500
1623258321524000,1,8.92649723,0.00467139
1623258326349000,0,1.90000000,0.00467683
1623258336254000,1,14.62750000,0.00467270
1623258450202000,1,0.04777000,0.00466778
1623258756134000,0,0.47246951,0.00467731
1623258756134000,0,0.47246951,0.00467731
1623258756974000,0,0.35000000,0.00467860
1623258891390000,0,0.59493901,0.00467860
1623259053611000,0,7.11428352,0.00467463
1623259053611000,0,14.49161648,0.00467596
1623259053687000,0,3.29380107,0.00467596
1623259053863000,0,5.09641519,0.00467630
1623259053880000,0,7.11428352,0.00467830
1623259054266000,0,6.14553517,0.00467933
1623259055224000,0,1.88980000,0.00468630
1623259055721000,1,0.49000000,0.00468439
1623259068330000,1,15.00000000,0.00468197
1623259148665000,1,6.60000000,0.00467498
1623259148665000,1,0.16856400,0.00467476
1623259315201000,1,0.04360700,0.00466871
1623259385707000,0,0.23624450,0.00466871
1623259401380000,0,0.94497803,0.00467388
1623259413202000,0,1.88987802,0.00467557
1623259425821000,0,0.35436676,0.00467557
1623259434378000,0,0.35436677,0.00467938
1623259654185000,1,0.35000000,0.00467142
1623259705309000,1,145.85763403,0.00467000
1623259789524000,0,2.00000000,0.00468000
1623260122169000,1,0.07078500,0.00467153
1623260206711000,1,0.07094300,0.00466890
1623260769094000,0,7.08846160,0.00470742
1623260769094000,0,17.72103840,0.00470742
1623260769095000,0,0.00011559,0.00470742
1623260769152000,0,7.08760000,0.00470812
1623260769493000,0,0.00004765,0.00470812
1623260795042000,1,7.06124000,0.00471440
1623260798091000,1,0.07140000,0.00471004
1623260849889000,0,0.05710000,0.00471000
1623260923764000,1,7.10870000,0.00470001
1623261225478000,1,7.08656163,0.00470709
1623261240701000,1,7.08656163,0.00470641
1623261240991000,1,17.71776888,0.00470568
1623261276873000,1,7.08656163,0.00470029
1623261276873000,1,17.71776888,0.00470029
1623261276873000,1,46.06958237,0.00470008
1623261296877000,1,17.68936851,0.00469824
1623261296877000,1,7.07520277,0.00469824
1623261296877000,1,45.99572801,0.00469824
1623261296877000,1,64.00000000,0.00469778
1623261432857000,0,48.00000000,0.00470640
1623261433374000,0,6.60000000,0.00470645
1623261534674000,0,0.38885700,0.00472170
1623261699905000,1,2.89543030,0.00471331
1623261701587000,0,144.54276778,0.00471000
1623261702585000,0,56.00093222,0.00471000
1623261705855000,1,6.60000000,0.00470091
1623261705855000,1,7.06673901,0.00470002
1623261705855000,1,64.00000000,0.00470001
1623261705855000,1,3.43407686,0.00470001
1623261705855000,1,23.32362704,0.00470000
1623261708699000,0,31.00000000,0.00470870
1623261801868000,0,6.60000000,0.00471302
1623261803346000,0,6.60000000,0.00471644
1623262200712000,0,6.16617634,0.00471199
1623262236791000,0,4.06786400,0.00470471
1623262400998000,1,6.60000000,0.00469820
1623262401122000,1,7.08838913,0.00469796
1623262401122000,1,4.32461087,0.00469796
1623262401189000,1,7.08787662,0.00469820
1623262401271000,1,13.39756764,0.00469796
1623262401271000,1,0.51000000,0.00469598
1623262401691000,1,40.17722851,0.00469619
1623262402497000,1,0.21348000,0.00469249
1623262633693000,0,35.94200000,0.00469755
1623263193927000,0,6.60000000,0.00470467
1623263193927000,0,1.50285200,0.00470618
1623263230088000,1,46.18391145,0.00470024
1623263230088000,1,6.60000000,0.00470023
1623263303237000,1,0.39397065,0.00470590
1623263314973000,1,0.34422031,0.00470638
1623263343592000,1,2.04119600,0.00470468
1623263384445000,1,0.50756100,0.00470397
1623263527620000,0,0.71262597,0.00471395
1623263582875000,0,6.60000000,0.00471404
1623263820585000,0,10.27330000,0.00472270
1623263820762000,0,0.00008886,0.00472270
1623263861413000,0,7.15255091,0.00472544
1623263861413000,0,6.60000000,0.00472545
1623263861413000,0,5.87300381,0.00472592
1623263861413000,0,17.87759787,0.00472699
1623263861413000,0,46.47687855,0.00472784
1623263861413000,0,5.87761820,0.00472838
1623263861413000,0,0.51000000,0.00472854
1623263861413000,0,0.50000000,0.00472966
1623263861436000,1,18.39400000,0.00473000
1623263873038000,0,0.16900000,0.00472000
1623263873115000,0,0.00068600,0.00472000
1623263873673000,1,0.06362300,0.00471950
1623264150375000,0,6.60000000,0.00472816
1623264150375000,0,4.42067590,0.00472847
1623264150375000,0,1.90000000,0.00472891
1623264150375000,0,7.17590313,0.00472894
1623264150375000,0,0.33759897,0.00472894
1623264228782000,0,0.80263989,0.00471827
1623264240441000,0,7.02038967,0.00471850
1623264240479000,0,7.60030611,0.00471850
1623264240508000,0,8.57898736,0.00471850
1623264240749000,0,8.84000102,0.00471850
1623264296751000,0,1.20100000,0.00472040
1623264317474000,0,6.60000000,0.00472415
1623264323487000,0,6.60000000,0.00472317
1623264323487000,0,8.25944328,0.00472340
1623264323721000,0,8.91134777,0.00472340
1623264323727000,0,12.14970148,0.00472340
1623264348143000,0,3.00200000,0.00472507
1623264382015000,0,1.92598908,0.00472589
1623264382136000,0,5.23536013,0.00472589
1623264382136000,0,10.63757796,0.00472590
1623264392981000,1,0.07658700,0.00472083
1623264418634000,1,8.69843664,0.00471585
1623264419564000,0,8.82255854,0.00471630
1623264419584000,0,29.57058987,0.00471630
1623264419658000,0,8.80826352,0.00471630
1623264419711000,0,1.79858807,0.00471630
1623264419711000,0,6.60000000,0.00471977
1623264419711000,0,18.63400000,0.00471984
1623264419711000,0,2.34795370,0.00472000
1623264419962000,0,9.10574771,0.00471941
1623264420038000,0,1.90000000,0.00471940
1623264420038000,0,6.69425229,0.00471941
1623264420038000,0,0.96916981,0.00472000
1623264510436000,0,6.37281420,0.00471568
1623264622721000,0,2.64000000,0.00471838
1623264622757000,0,1.32000000,0.00471838
1623264622816000,0,1.32000000,0.00471838
1623264622891000,0,1.32000000,0.00471838
1623264624503000,0,1.90000000,0.00471912
1623264624503000,0,11.74323877,0.00471913
1623264624503000,0,1.59957913,0.00471989
1623264691319000,0,46.00000000,0.00472240
1623264859803000,0,6.60000000,0.00472083
1623264859803000,0,7.69452600,0.00472106
1623264925452000,1,0.25105200,0.00471499
1623264934670000,0,3.51729476,0.00471957
1623264934704000,0,2.02131323,0.00471957
1623264934794000,0,1.06139201,0.00471957
1623264934794000,0,4.78583024,0.00472019
1623264935270000,0,0.93216587,0.00472019
1623264941752000,0,0.69912837,0.00471996
1623264941983000,0,3.51682566,0.00471996
1623264942386000,0,2.38404597,0.00471996
1623264942386000,0,2.42509314,0.00472019
1623264942658000,0,6.53540784,0.00472019
1623264943030000,0,1.90000000,0.00472110
1623264943657000,0,3.50418760,0.00471957
1623264963323000,0,6.60000000,0.00472008
1623264987255000,1,0.85000000,0.00471300
1623264987894000,1,0.16900000,0.00471300
1623264987925000,1,7.75850354,0.00471300
1623264989766000,0,8.82809000,0.00471405
1623264990453000,1,0.39030000,0.00471024
1623265072220000,0,2.12446383,0.00470707
1623265072261000,0,2.35815249,0.00470707
1623265081767000,0,2.28000000,0.00470842
1623265082155000,0,1.57213286,0.00470998
1623265082222000,0,1.41900000,0.00470998
1623265082307000,0,2.89994478,0.00470998
1623265082329000,0,2.47000000,0.00470998
1623265082413000,0,9.67000000,0.00470998
1623265082448000,0,8.76228725,0.00470998
1623265084409000,0,1.49000994,0.00471053
1623265085621000,0,2.46990050,0.00471269
1623265109266000,0,0.83801300,0.00470694
1623265129668000,1,0.04827000,0.00470259
1623265211654000,0,3.06344645,0.00471720
1623265211686000,0,1.25074196,0.00471720
1623265212278000,0,8.18282033,0.00471720
1623265217548000,0,1.90000000,0.00471668
1623265217548000,0,0.91956418,0.00471720
1623265218168000,0,1.90000000,0.00471719
1623265218168000,0,1.38584754,0.00471720
1623265218206000,0,2.79827016,0.00471720
1623265218553000,0,4.40939540,0.00471720
1623265218702000,0,1.35673705,0.00471720
1623265218785000,0,1.53259666,0.00471720
1623265218785000,0,8.71279572,0.00471720
1623265289980000,0,0.55955936,0.00471653
1623265302672000,0,1.90000000,0.00471600
1623265302672000,0,6.00940433,0.00471601
1623265306355000,0,1.90000000,0.00471598
1623265308191000,0,6.60000000,0.00471630
1623265308191000,0,7.16983775,0.00471638
1623265308191000,0,3.79700185,0.00471646
1623265315482000,0,1.90000000,0.00471627
1623265316189000,0,1.90000000,0.00471644
1623265316189000,0,7.17002027,0.00471645
1623265316189000,0,8.31787121,0.00471646
1623265316557000,0,1.90000000,0.00471645
1623265316557000,0,6.94478189,0.00471646
1623265316600000,0,3.10069195,0.00471646
1623265316736000,0,1.91845086,0.00471646
1623265316813000,0,8.41749167,0.00471646
1623265316833000,0,0.99239684,0.00471646
1623265316839000,0,7.73431373,0.00471646
1623265317040000,0,1.90000000,0.00471714
1623265317040000,0,1.08313846,0.00471715
1623265317090000,0,7.75247922,0.00471715
1623265317158000,0,0.95918601,0.00471715
1623265317179000,0,1.87975970,0.00471715
1623265318503000,0,1.90000000,0.00471714
1623265318503000,0,5.43227320,0.00471715
1623265318683000,0,0.81700530,0.00471715
1623265318683000,0,0.27313942,0.00471715
1623265322140000,1,6.60000000,0.00471126
1623265322140000,1,33.00000000,0.00471103
1623265322140000,1,6.60000000,0.00471102
1623265326132000,0,6.60000000,0.00471597
1623265326132000,0,2.05812145,0.00471620
1623265340010000,0,1.01787225,0.00471561
1623265340131000,0,1.99333974,0.00471561
1623265356674000,1,8.79926974,0.00471055
1623265358243000,1,8.79536000,0.00470845
1623265358494000,1,0.00000599,0.00470845
1623265360469000,1,8.86552955,0.00470632
1623265367585000,1,8.92716000,0.00470070
1623265367638000,1,0.00000701,0.00470070
1623265369143000,1,6.60000000,0.00469936
1623265369143000,1,2.73000000,0.00469913
1623265371003000,1,6.12597151,0.00469913
1623265372538000,1,8.86658700,0.00469844
1623265374511000,1,6.60000000,0.00469312
1623265374511000,1,8.82022240,0.00469289
1623265378490000,1,6.60000000,0.00469044
1623265381225000,1,6.60000000,0.00468826
1623265382489000,1,6.60000000,0.00468757
1623265382489000,1,8.89000000,0.00468734
1623265383153000,1,0.00936202,0.00468734
1623265386412000,0,15.00000000,0.00468877
1623265386536000,0,1.90000000,0.00468913
1623265387248000,1,6.60000000,0.00468504
1623265387248000,1,6.60000000,0.00468480
1623265388578000,0,7.48760000,0.00468946
1623265388607000,0,7.30063468,0.00468946
1623265388607000,0,1.80466532,0.00468963
1623265388614000,0,1.90000000,0.00468945
1623265388803000,0,5.40060000,0.00468963
1623265389011000,0,0.00003690,0.00468963
1623265389011000,0,7.20526310,0.00469040
1623265389238000,0,0.00003912,0.00469040
1623265389238000,0,7.20376088,0.00469064
1623265390443000,0,7.20330000,0.00469063
1623265411488000,0,14.80552000,0.00468386
1623265417789000,0,7.19756169,0.00469225
1623265417789000,0,6.80243831,0.00469225
1623265418491000,0,46.78030047,0.00469362
1623265479770000,1,0.22419476,0.00470252
1623265491189000,0,1.09860234,0.00470793
1623265491422000,0,2.99391549,0.00470793
1623265491878000,0,8.72244893,0.00470960
1623265586511000,0,1.20764783,0.00471607
1623265586981000,0,3.51859787,0.00471607
1623265587165000,0,1.49051811,0.00471607
1623265587271000,0,0.38323619,0.00471607
1623265587271000,0,4.43790522,0.00471630
1623265603328000,0,0.14995898,0.00471616
1623265603328000,0,6.60000000,0.00471617
1623265603328000,0,1.17133235,0.00471630
1623265603490000,0,1.12321311,0.00471630
1623265603596000,0,4.08414010,0.00471630
1623265622125000,0,0.11246924,0.00471644
1623265622125000,0,8.66495345,0.00471875
1623265622200000,0,1.75330291,0.00471940
1623265919463000,1,26.40000000,0.00471157
1623265920320000,1,4.34660000,0.00471157
1623265921777000,0,6.60000000,0.00471239
1623265961344000,0,6.60000000,0.00471712
1623265961344000,0,6.05953300,0.00471854
1623265969586000,1,17.00000000,0.00471244
1623265969586000,1,4.42000000,0.00471220
1623266259065000,0,0.07659000,0.00471600
1623266289391000,0,1.05175693,0.00471920
1623266290067000,0,0.65397340,0.00472186
1623266290330000,0,1.74468933,0.00472186
1623266290708000,0,1.04319300,0.00472186
1623266290871000,0,0.14913000,0.00471800
1623266290871000,0,0.67319965,0.00472186
1623266453894000,1,1.45631123,0.00471822
1623267024434000,0,0.13346800,0.00471200
1623267055088000,1,1.72771200,0.00470526
1623267067055000,1,4.87228800,0.00470526
1623267101846000,0,3.18340777,0.00470719
1623267103179000,0,8.71083477,0.00470929
1623267103470000,0,2.12345911,0.00470929
1623267106570000,0,1.64910751,0.00470906
1623267107284000,0,6.05598877,0.00470930
1623267109222000,0,2.89821601,0.00471000
1623267110618000,0,4.73366220,0.00471000
1623267114331000,1,6.60000000,0.00470406
1623267200211000,0,8.70000000,0.00470355
1623267207104000,0,6.60000000,0.00470345
1623267223557000,0,8.92364351,0.00470507
1623267288419000,0,14.71021395,0.00470669
1623267288419000,0,0.98978605,0.00470814
1623267288445000,0,1.20000000,0.00470814
1623267288651000,0,10.90000000,0.00470669
1623267288686000,0,3.80000000,0.00470669
1623267304737000,0,0.01021395,0.00470669
1623267494208000,0,14.69090074,0.00470892
1623267494889000,1,6.60000000,0.00470656
1623267502505000,1,6.60000000,0.00470494
1623267522500000,0,0.50035000,0.00470670
1623267524251000,0,0.50035000,0.00470670
1623267525897000,0,0.50035000,0.00470670
1623268338364000,1,2.09511200,0.00469933
1623268423924000,0,5.94034084,0.00469556
1623268423963000,0,0.65965916,0.00469556
1623268423963000,0,0.83251586,0.00469603
1623268434568000,0,20.94180000,0.00469000
1623268434616000,0,40.05520000,0.00469000
1623268438177000,1,6.60000000,0.00468469
1623268444307000,1,6.60000000,0.00468469
1623268451407000,1,6.60000000,0.00468492
1623268805420000,1,6.60000000,0.00468009
1623269632404000,1,0.11628499,0.00470161
1623270064978000,0,0.98337300,0.00468785
1623270082257000,0,15.00000000,0.00468797
1623270111093000,0,1.16000000,0.00468797
1623270113629000,0,8.84000000,0.00468797
1623270663870000,0,0.30793630,0.00468199
1623270843122000,1,6.60000000,0.00466940
1623270843122000,1,6.70271000,0.00466916
1623271030134000,0,0.35000000,0.00468400
1623271030189000,0,4.65000000,0.00468400
1623271037243000,0,5.00000000,0.00468797
1623271443223000,0,2.24134370,0.00467194
1623271917275000,1,17.91260805,0.00466716
1623271917807000,1,6.60000000,0.00466627
1623271919929000,0,14.70740000,0.00466748
1623271933353000,0,0.00006529,0.00466748
1623272015876000,1,7.15556843,0.00466461
1623272015876000,1,17.88968110,0.00466461
1623272093369000,0,6.60000000,0.00466820
1623272647072000,1,0.07663200,0.00466485
1623272882388000,0,6.60000000,0.00466050
1623273567169000,0,1.82052057,0.00467672
1623273567334000,0,1.98000000,0.00467671
1623273774698000,0,6.60000000,0.00466599
1623273774698000,0,1.90000000,0.00466744
1623273774698000,0,7.20624242,0.00466800
1623273774698000,0,0.65975557,0.00466800
1623273774698000,0,7.20614974,0.00466829
1623273774698000,0,9.29081027,0.00466830
1623274699510000,0,0.11577782,0.00467789
1623274943217000,1,4.00000000,0.00468060
1623274943294000,1,3.12531000,0.00468060
1623275110957000,1,9.00000000,0.00467188
1623275112556000,1,0.35000000,0.00467188
1623275112687000,1,3.23138796,0.00467188
1623275118099000,1,2.91732207,0.00466619
1623275118099000,1,0.33238093,0.00466584
1623275467853000,0,1.57682257,0.00466161
1623275468195000,0,0.99163500,0.00466161
1623275468304000,0,7.01397788,0.00466161
1623275468315000,0,3.85108649,0.00466161
1623275478190000,0,1.92241529,0.00466319
1623275933218000,1,0.16299500,0.00464782
1623276024627000,1,2.26355000,0.00465539
1623276183247000,0,0.54466111,0.00465332
1623276183254000,0,8.70541000,0.00465332
1623276183481000,0,5.41155530,0.00465332
1623276738005000,0,0.08600000,0.00467390
1623276747377000,0,0.00083336,0.00467390
1623276965503000,1,0.08600000,0.00467543
1623277051959000,0,3.88782736,0.00467558
1623277051997000,0,3.21217264,0.00467558
1623277060164000,1,0.19960100,0.00467139
1623277099894000,0,1.90000000,0.00467203
1623277099894000,0,0.48952600,0.00467204
1623277100165000,0,2.40004790,0.00467204
1623277551090000,0,145.04835871,0.00465000
1623277559719000,0,1.90000000,0.00464999
1623277559719000,0,16.06000000,0.00465000
1623277559768000,0,110.69130000,0.00465000
1623277563087000,0,3.00000000,0.00464999
1623277639149000,0,5.20216316,0.00463977
1623277823251000,0,3.53500000,0.00463511
1623277833508000,1,1.59409300,0.00463346
1623278155081000,1,1.44155670,0.00462756
1623279487722000,1,1.45976596,0.00461275
1623279487786000,1,1.18400000,0.00461275
1623279487801000,1,3.61759975,0.00461275
1623279487801000,1,3.96040024,0.00461275
1623279933555000,1,7.10000000,0.00461112
1623279933555000,1,8.86232219,0.00461087
1623279933555000,1,5.83881033,0.00461014
1623279933555000,1,8.86110856,0.00461013
1623279933555000,1,14.59778193,0.00461001
1623279933555000,1,35.32913696,0.00461000
1623280059891000,1,47.00000000,0.00460740
1623280456308000,1,0.62397000,0.00460071
1623280746597000,1,0.15632400,0.00461206
1623280876521000,0,0.35000000,0.00461206
1623280876534000,0,3.32310000,0.00461206
1623281457471000,1,2.00000000,0.00460000
1623281522184000,1,0.06896630,0.00459716
1623281568501000,1,0.12531400,0.00459223
1623281649253000,1,52.80000000,0.00458610
1623281651535000,1,5.41230000,0.00458495
1623281651536000,1,0.00004332,0.00458495
1623281651638000,1,5.47240000,0.00458454
1623281651652000,1,8.05830943,0.00458454
1623281824997000,1,0.05042200,0.00457200
1623282379947000,1,0.20617200,0.00459023
1623283264343000,1,1.90000000,0.00461001
1623283264343000,1,1.14247200,0.00461000
1623283323957000,1,0.11701400,0.00461086
1623283346704000,0,7.10000000,0.00462215
1623283349481000,1,1.90000000,0.00462110
1623283349481000,1,0.05641572,0.00462109
1623283399281000,1,1.90000000,0.00462386
1623283399281000,1,5.32949990,0.00462385
1623283399737000,1,1.90000000,0.00462386
1623283399737000,1,0.51000000,0.00462341
1623283399737000,1,4.81949990,0.00462270
1623283438322000,1,5.63145626,0.00462077
1623283438322000,1,14.08284374,0.00462077
1623283495712000,1,0.34976000,0.00462220
1623283604159000,1,17.17992577,0.00461003
1623283604159000,1,6.87233309,0.00461002
1623283781719000,0,1.45770000,0.00461544
1623283781863000,0,7.80898000,0.00461544
1623283781891000,0,0.00000200,0.00461544
1623283879294000,0,7.10000000,0.00462147
1623283905939000,1,6.70670000,0.00461702
1623283906009000,1,0.00000624,0.00461702
1623283906009000,1,6.70732754,0.00461678
1623283906009000,1,13.68026622,0.00461677
1623283906252000,1,1.90000000,0.00461678
1623283906331000,1,1.90000000,0.00461678
1623283906344000,1,1.90000000,0.00461678
1623283906376000,1,1.00964006,0.00461678
1623283906783000,1,0.00010796,0.00461677
1623284126071000,0,7.09929280,0.00461586
1623284126071000,0,2.91981249,0.00461609
1623284132914000,0,4.09581040,0.00461490
1623284269714000,1,8.06766000,0.00460525
1623284270865000,1,0.00000204,0.00460525
1623285062325000,1,0.12084000,0.00461506
1623286447809000,0,0.42167227,0.00461693
1623287628034000,0,0.11126792,0.00463774
1623287652273000,1,5.38423898,0.00463339
1623287801590000,0,0.08345094,0.00465482
1623287821967000,1,0.35000000,0.00467091
1623287883455000,1,8.71999000,0.00467587
1623287883576000,1,0.00000670,0.00467587
1623288035764000,0,0.07806638,0.00467565
1623288450437000,0,4.51740000,0.00467214
1623288450463000,0,12.99523872,0.00467214
1623288450463000,0,7.00535402,0.00467214
1623288450715000,0,45.52916000,0.00467361
1623288450868000,0,0.00000879,0.00467361
1623288450924000,0,6.10434656,0.00467315
1623288454490000,0,6.99157611,0.00468160
1623288456297000,1,1.90000000,0.00468184
1623288456297000,1,4.19545144,0.00468183
1623288469638000,1,7.10000000,0.00469018
1623288608269000,1,0.59728000,0.00468402
1623288688019000,1,8.74796000,0.00467694
1623288814259000,1,0.07056600,0.00466098
1623289171028000,1,16.53134400,0.00465554
1623289357632000,1,170.22450000,0.00465000
1623289737853000,1,7.06166487,0.00463264
1623289737853000,1,7.06179835,0.00463264
1623289737935000,1,28.40000000,0.00463177
1623289738000000,1,17.50426593,0.00463177
1623289738308000,1,7.06116628,0.00463005
1623289738308000,1,45.90136819,0.00463005
1623289738308000,1,7.06166487,0.00463005
1623289965628000,1,1.90000000,0.00463005
1623290203100000,0,0.70047700,0.00462982
1623291984082000,0,3.75609504,0.00463365
1623292275506000,1,8.88311000,0.00463406
1623292275758000,1,7.09169434,0.00463256
1623292275758000,1,1.49480566,0.00463256
1623292275815000,1,5.59688868,0.00463256
1623293817840000,0,3.96589415,0.00462422
1623294237867000,1,7.10000000,0.00461341
1623294237867000,1,6.98432600,0.00461203
1623294297652000,1,0.50128600,0.00461143
1623294318118000,0,56.80000000,0.00461827
1623294319668000,0,28.40000000,0.00461827
1623294454263000,0,21.07977000,0.00462122
1623294454540000,0,0.35000000,0.00462122
1623294454853000,0,0.19901235,0.00462122
1623295600554000,1,1.90000000,0.00461749
1623296259329000,0,1.32156678,0.00461582
1623297043302000,1,0.46773800,0.00460854
1623298367764000,0,7.10000000,0.00460211
1623298381996000,0,0.13685100,0.00460291
1623299278631000,1,7.10000000,0.00459589
1623299278631000,1,4.43712810,0.00459566
1623299278631000,1,1.10343690,0.00459515
1623299423219000,0,1.90000000,0.00460212
1623299423219000,0,2.20052600,0.00460213
1623299463713000,0,1.90000000,0.00459840
1623299780878000,0,3.58413163,0.00460558
1623300023319000,0,0.41058400,0.00460831
1623300060706000,0,12.09898000,0.00460854
1623300061293000,0,0.00000790,0.00460854
1623300061518000,0,1.69850000,0.00461000
1623300061993000,0,0.00004743,0.00461000
1623300660473000,0,0.50000000,0.00462452
1623300700613000,0,0.08735044,0.00462772
1623300700613000,0,4.06157062,0.00462773
1623300728373000,1,7.10000000,0.00461978
1623300728373000,1,7.38156700,0.00461955
1623300814676000,1,1.10880000,0.00461574
1623300973361000,0,0.30074200,0.00462180
1623302878741000,0,14.79280000,0.00460314
1623302879299000,0,7.18764600,0.00460460
1623302879299000,0,14.78928450,0.00460461
1623302879460000,0,7.18782216,0.00460759
1623302879460000,0,1.15796285,0.00460759
1623302970750000,0,7.64845000,0.00459601
1623302973248000,0,0.00000998,0.00459601
1623303088398000,0,3.64437287,0.00460465
1623303241848000,0,7.10000000,0.00460977
1623303242266000,0,1.03106452,0.00461168
1623303272455000,1,0.33889900,0.00460330
1623303369933000,0,0.35190555,0.00461344
1623303420122000,1,34.00000000,0.00461360
1623303420252000,1,10.22171000,0.00461360
1623303420258000,1,0.00000731,0.00461360
1623303679050000,1,0.31178314,0.00461144
1623303841507000,1,8.92030000,0.00461493
1623304028579000,1,5.99900000,0.00461266
1623304274138000,0,0.09409903,0.00460973
1623304370753000,1,0.31162725,0.00459322
1623304747534000,1,7.10000000,0.00459445
1623304747534000,1,7.15217770,0.00459422
1623304747534000,1,5.75495030,0.00459398
1623305209374000,1,0.64309000,0.00459392
1623305241884000,1,0.95457500,0.00459366
1623305273159000,1,0.22739454,0.00459479
1623305676513000,0,0.26286515,0.00459077
1623305678163000,0,0.35387329,0.00459100
1623305723935000,0,1.18969771,0.00459100
1623305935250000,0,0.60690677,0.00459499
1623306111610000,1,7.10000000,0.00459479
1623306111610000,1,17.97913386,0.00459386
1623306111610000,1,8.84105158,0.00459385
1623306111610000,1,1.90000000,0.00459351
1623306111610000,1,7.19381658,0.00459329
1623306111610000,1,37.68599798,0.00459329
1623306682311000,0,0.08643000,0.00459000
1623306814486000,1,2.05215400,0.00458278
1623307038093000,0,3.30251700,0.00458292
1623307965944000,0,2.05936133,0.00458557
1623307966082000,0,1.20000000,0.00458557
1623308166899000,0,1.87840700,0.00458284
1623308532014000,0,7.10000000,0.00458258
1623308532014000,0,7.23142962,0.00458449
1623308532014000,0,18.08079274,0.00458449
1623308532014000,0,15.11815964,0.00458449
1623308804380000,1,7.10000000,0.00458232
1623309040753000,0,0.09154380,0.00458308
1623309553266000,1,1.90000000,0.00457902
1623309553266000,1,7.10000000,0.00457901
1623309553900000,1,7.10000000,0.00457925
1623309557404000,1,1.90000000,0.00457676
1623309557404000,1,7.10000000,0.00457675
1623310198208000,1,1.90000000,0.00458328
1623310198208000,1,0.48000000,0.00458327
1623310198208000,1,3.96000000,0.00458322
1623311916768000,1,28.40000000,0.00457200
1623311916769000,1,28.40000000,0.00457200
1623311916861000,1,23.60610000,0.00457200
1623311921942000,1,0.35000000,0.00457200
1623311921992000,1,148.17283651,0.00457200
1623311922050000,1,271.07106349,0.00457200
1623312152460000,0,5.21184400,0.00456456
1623312362539000,1,3.00000000,0.00456000
1623312538901000,0,4.15968200,0.00456866
1623312719201000,1,0.37935800,0.00457000
1623312719201000,1,4.14112100,0.00457000
1623312753641000,0,0.11661200,0.00457041
1623312828278000,0,14.85945000,0.00457064
1623312829597000,0,2.84373806,0.00457456
1623313018163000,1,1.12571600,0.00456738
1623313280798000,0,0.08100000,0.00457905
1623313287923000,1,0.11000000,0.00457799
1623313292926000,0,0.00089653,0.00457905
1623313297070000,0,0.08800000,0.00458206
1623313304499000,0,0.00072124,0.00458206
1623313320842000,1,0.12858300,0.00458208
1623313332709000,0,5.00000000,0.00458580
1623314196063000,1,1.90000000,0.00457794
1623314196063000,1,2.30000000,0.00457793
1623314196210000,0,7.10000000,0.00458153
1623314220088000,0,7.10000000,0.00457951
1623314318999000,0,14.93329620,0.00457989
1623314319372000,1,0.82466600,0.00457490
1623314319470000,0,14.93320000,0.00457989
1623314327832000,0,7.10000000,0.00457966
1623314357575000,1,28.40000000,0.00457313
1623314359117000,1,18.82560000,0.00457313
1623314359246000,1,0.00009752,0.00457313
1623314486956000,0,6.13466076,0.00455885
1623314487456000,0,0.96533924,0.00455885
1623314487456000,0,1.90000000,0.00455898
1623314487456000,0,3.26932152,0.00455908
1623314497496000,1,7.10000000,0.00455376
1623314497496000,1,58.00000000,0.00455353
1623314497496000,1,58.00000000,0.00455352
1623314497496000,1,7.10000000,0.00455351
1623314597259000,0,0.18100000,0.00455716
1623314628952000,1,7.10000000,0.00455909
1623314814078000,0,7.10000000,0.00456563
1623314814078000,0,2.64471441,0.00456585
1623314814185000,0,0.67234617,0.00456562
1623314814227000,0,0.67234617,0.00456562
1623314814305000,0,0.67234617,0.00456585
1623314814762000,0,0.68736118,0.00456662
1623314814774000,0,1.60440000,0.00456662
1623314815086000,0,1.98208434,0.00456662
1623314815106000,0,2.41772588,0.00456662
1623314815205000,0,1.42461150,0.00456662
1623314815212000,0,1.16327708,0.00456662
1623314815219000,0,8.49000000,0.00456662
1623314815244000,0,0.51774171,0.00456662
1623314815244000,0,3.40540960,0.00456662
1623314815636000,0,7.10000000,0.00456658
1623314848962000,1,0.34706000,0.00456103
1623314878329000,1,0.28633100,0.00456169
1623314919935000,1,7.10000000,0.00456575
1623314919935000,1,7.30446449,0.00456499
1623314919935000,1,18.27801702,0.00456499
1623314919935000,1,1.90000000,0.00456498
1623314919935000,1,7.10000000,0.00456408
1623314919935000,1,10.71751849,0.00456376
1623314985666000,1,66.56000000,0.00456200
1623314986314000,1,54.75000000,0.00456200
1623314987261000,1,86.39000000,0.00456200
1623314989614000,1,185.91000000,0.00456200
1623314991309000,1,11.52000000,0.00456200
1623314991387000,1,71.89000000,0.00456200
1623314991631000,1,22.98000000,0.00456200
1623315219260000,0,7.10000000,0.00457065
1623315219260000,0,7.29107019,0.00457088
1623315219260000,0,5.27427781,0.00457112
1623315230093000,0,7.29540000,0.00456939
1623315230185000,0,0.00000391,0.00456939
1623315230185000,0,7.29450609,0.00456963
1623315230309000,0,0.00000937,0.00456963
1623315297553000,0,4.52579023,0.00457406
1623315305867000,0,1.78388200,0.00457272
1623315388002000,1,0.05543300,0.00457500
1623315407720000,1,48.97990000,0.00457500
1623315417422000,1,6.77000000,0.00457500
1623315417558000,1,6.92000000,0.00457500
1623315419060000,1,57.00000000,0.00457500
1623315419142000,1,39.00000000,0.00457500
1623315419267000,1,21.00000000,0.00457500
1623315419347000,1,20.00000000,0.00457500
1623315419380000,1,150.24215827,0.00457500
1623315419466000,1,33.00000000,0.00457500
1623315420833000,1,0.35000000,0.00457500
1623315476090000,1,0.37653300,0.00457523
1623315556645000,1,72.09000000,0.00457500
1623315556762000,1,44.59250873,0.00457500
1623315575977000,1,0.20638738,0.00456589
1623315607171000,0,0.36085100,0.00456432
1623315610853000,0,0.12561800,0.00456384
1623315650016000,0,7.30173576,0.00457739
1623315738842000,0,0.11073289,0.00457862
1623316002964000,0,0.10200000,0.00458361
1623316004290000,0,0.10000000,0.00458360
1623316018785000,0,0.00083731,0.00458360
1623316018785000,0,0.00081451,0.00458361
1623316018785000,0,8.95834818,0.00458392
1623316019006000,0,0.00711405,0.00458392
1623316036989000,1,0.20200000,0.00458285
1623316156652000,1,150.34809665,0.00457300
1623316162449000,1,5.30000000,0.00457300
1623316181709000,1,1.75051600,0.00457300
1623316241180000,1,150.27996915,0.00457300
1623316241705000,1,150.29528648,0.00457300
1623316241857000,1,5.11610182,0.00457300
1623316265423000,1,36.91002990,0.00457300
1623316272362000,0,0.04400000,0.00457000
1623316291970000,0,0.00002100,0.00457000
1623316516267000,0,0.30600000,0.00457505
1623316628394000,0,0.05987900,0.00457694
1623316670695000,0,0.14048500,0.00458033
1623316725139000,0,30.20350000,0.00458152
1623316725141000,0,11.73450000,0.00458152
1623316756888000,1,1.77284200,0.00458038
1623316988651000,1,2.56147540,0.00458300
1623317054038000,0,0.06413200,0.00458343
1623317340707000,1,53.36466389,0.00458400
1623317366248000,1,22.36000000,0.00458400
1623317366318000,1,90.98000000,0.00458400
1623317366385000,1,112.60000000,0.00458400
1623317366525000,1,220.69000000,0.00458400
1623317368747000,1,0.00533611,0.00458400
1623317455106000,1,7.10000000,0.00456023
1623317458539000,0,7.29215625,0.00456583
1623317467207000,0,1.90000000,0.00456496
1623317470008000,1,7.10000000,0.00456632
1623317471461000,0,1.90000000,0.00456627
1623317471461000,0,41.66900000,0.00456628
1623317472322000,0,1.90000000,0.00456637
1623317472789000,0,1.90000000,0.00456695
1623317473316000,0,1.90000000,0.00456726
1623317473581000,1,59.00000000,0.00456148
1623317473581000,1,7.10000000,0.00456147
1623317473581000,1,7.10000000,0.00456124
1623317475083000,0,1.90000000,0.00456620
1623317478571000,0,1.90000000,0.00456668
1623317478571000,0,7.29247497,0.00456669
1623317478571000,0,18.23022503,0.00456669
1623317482108000,0,1.90000000,0.00456512
1623317483365000,1,7.10000000,0.00456417
1623317483390000,0,1.90000000,0.00456497
1623317483568000,0,1.90000000,0.00456496
1623317483660000,0,19.10000000,0.00456369
1623317485117000,0,1.90000000,0.00456459
1623317485117000,0,5.39390000,0.00456550
1623317485809000,0,1.90000000,0.00456497
1623317486225000,1,7.10000000,0.00456392
1623317486225000,1,59.00000000,0.00456220
1623317486225000,1,500.00000000,0.00456100
1623317557502000,1,28.40000000,0.00457000
1623317557562000,1,28.33590000,0.00457000
1623317557788000,1,8.91926389,0.00457001
1623317557788000,1,19.48073611,0.00457000
1623317735738000,0,0.06909700,0.00457929
1623317843452000,0,0.06143300,0.00457779
1623318407925000,0,0.42930645,0.00455908
1623318427824000,0,0.32218839,0.00455756
1623318434575000,1,5.89170900,0.00455274
1623318569347000,1,5.00990000,0.00455161
1623318573074000,0,7.10000000,0.00455451
1623318573074000,0,1.90000000,0.00455474
1623318573074000,0,7.10000000,0.00455475
1623318636058000,1,25.00000000,0.00455000
1623318785963000,1,5.00000000,0.00454500
1623318981259000,1,54.42000000,0.00454400
1623318981352000,1,0.35000000,0.00454400
1623318982496000,1,154.13000000,0.00454400
1623318982604000,1,34.28392000,0.00454400
1623318983015000,1,204.25000000,0.00454400
1623318988526000,1,13.97814797,0.00454400
1623318988605000,1,0.83643489,0.00454400
1623318988922000,1,28.40000000,0.00454400
1623318988952000,1,9.35149714,0.00454400
1623319051278000,1,13.70000000,0.00453750
1623319056228000,1,0.00741171,0.00453750
1623319117179000,0,7.10000000,0.00454057
1623319117179000,0,7.72032576,0.00454080
1623319120508000,1,0.74099628,0.00454080
1623319282027000,1,17.96622751,0.00452600
1623319284882000,0,7.10000000,0.00452606
1623319286458000,1,0.48000000,0.00452568
1623319286458000,1,7.10000000,0.00452499
1623319288756000,0,1.90000000,0.00453039
1623319288756000,0,34.01400000,0.00453039
1623319289232000,0,7.10000000,0.00452957
1623319289242000,0,1.90000000,0.00452957
1623319289369000,0,5.70302642,0.00452957
1623319289369000,0,0.49000000,0.00453009
1623319289553000,0,1.90000000,0.00453159
1623319289553000,0,6.82240000,0.00453160
1623319289703000,1,0.51000000,0.00452611
1623319291227000,0,14.20000000,0.00452957
1623319291347000,0,0.50302642,0.00452957
1623319297408000,1,7.10000000,0.00452591
1623319298221000,1,0.52000000,0.00452458
1623319333353000,1,5.00000000,0.00452000
1623319360336000,0,7.10000000,0.00451978
1623319360935000,0,0.35000000,0.00452222
1623319361496000,0,7.13570000,0.00452453
1623319362098000,0,0.00005095,0.00452453
1623319362098000,0,17.83709296,0.00452491
1623319362098000,0,10.56285609,0.00452508
1623319362144000,0,28.40000000,0.00452508
1623319394870000,1,7.10000000,0.00451889
1623319413234000,1,1.50000000,0.00451100
1623319433185000,1,7.10000000,0.00450844
1623319433185000,1,17.19000000,0.00450822
1623319433792000,1,0.00197820,0.00450822
1623319467458000,1,0.22200000,0.00450600
1623319468239000,1,1.91000000,0.00450379
1623319487710000,1,2.00000000,0.00450000
1623319487710000,1,5.00000000,0.00450000
1623319487937000,1,0.35000000,0.00450075
1623319488356000,1,0.07049388,0.00449722
1623319488356000,1,9.92950612,0.00449530
1623319501205000,0,7.10000000,0.00450567
1623319513852000,1,56.80000000,0.00450023
1623319513933000,1,2.20000000,0.00450023
1623319513933000,1,40.52400000,0.00450023
1623319514873000,1,8.00000000,0.00450030
1623319514941000,1,28.40000000,0.00450030
1623319515074000,1,31.02320000,0.00450030
1623319517557000,1,432.57000000,0.00450030
1623319517998000,1,0.00680000,0.00450030
1623319567464000,1,145.58641425,0.00449900
1623319567690000,1,31.00000000,0.00449900
1623319567993000,1,145.65057586,0.00449900
1623319568125000,1,28.00000000,0.00449900
1623319568446000,1,1.77853779,0.00449900
1623319568510000,1,145.63261644,0.00449900
1623319576182000,1,2.35185566,0.00449900
1623319612317000,0,0.05881900,0.00449978
1623319643308000,0,7.10000000,0.00450369
1623319680762000,1,7.07188617,0.00450198
1623319680762000,1,17.68042103,0.00450198
1623319680762000,1,40.62100000,0.00450124
1623319680762000,1,45.96859845,0.00450005
1623319680762000,1,4.36889435,0.00450004
1623319689383000,0,7.10000000,0.00450487
1623319689383000,0,1.60741000,0.00450509
1623319703908000,1,20.76000000,0.00450000
1623319704021000,1,232.26000000,0.00450000
1623319704091000,1,133.57000000,0.00450000
1623319704861000,1,113.41000000,0.00450000
1623319881884000,0,5.55096000,0.00449907
1623319882079000,0,0.35000000,0.00450022
1623319882128000,0,5.83010000,0.00450022
1623319882141000,0,0.90895873,0.00450022
1623319882141000,0,7.71364127,0.00450060
1623319882179000,0,10.00356875,0.00450060
1623319882241000,0,46.06006342,0.00450227
1623319882616000,0,0.48000000,0.00450799
1623319882643000,0,0.50000000,0.00451002
1623319883141000,0,39.00000000,0.00451190
1623319883649000,0,7.06627373,0.00451532
1623319884510000,0,0.11452965,0.00452101
1623319884602000,0,17.66505881,0.00452224
1623319884602000,0,10.73494119,0.00452224
1623319884711000,0,28.40000000,0.00452224
1623319885207000,0,0.08589723,0.00452223
1623319888485000,0,1.90000000,0.00452527
1623319888485000,0,23.80155644,0.00452528
1623319890062000,0,7.10000000,0.00452589
1623319890153000,1,0.35000000,0.00452611
1623319891320000,1,0.70502058,0.00451497
1623319892095000,0,1.90000000,0.00452454
1623319892095000,0,4.25757018,0.00452455
1623319893170000,1,28.40000000,0.00451498
1623319915795000,1,0.52000000,0.00450739
1623319915795000,1,0.48000000,0.00450582
1623319915795000,1,7.07147777,0.00450570
1623319915795000,1,20.32852223,0.00450569
1623319916075000,1,7.07020000,0.00450499
1623319916096000,1,0.00008581,0.00450499
1623319916096000,1,13.01771419,0.00450398
1623319916294000,1,32.92733232,0.00450398
1623319916294000,1,8.70488268,0.00450363
1623320047778000,0,0.20745000,0.00451131
1623320049379000,0,0.97413500,0.00451131
1623320072146000,1,7.10000000,0.00450837
1623320072146000,1,1.90000000,0.00450815
1623320072146000,1,7.10000000,0.00450814
1623320072146000,1,8.04778100,0.00450769
1623320072553000,0,4.46875559,0.00451431
1623320072553000,0,11.17174441,0.00451431
1623320072581000,0,0.00015028,0.00451431
1623320072644000,0,29.04393789,0.00451570
1623320073150000,0,1.90000000,0.00451926
1623320073214000,0,2.56933894,0.00451926
1623320073214000,0,11.17285476,0.00451926
1623320073214000,0,4.47286239,0.00452177
1623320073334000,0,0.49000000,0.00452348
1623320073494000,0,0.49000000,0.00452348
1623320075313000,1,4.47280000,0.00452199
1623320083120000,1,6.17841150,0.00452517
1623320083581000,1,0.92158850,0.00452517
1623320083581000,1,1.90000000,0.00452494
1623320083581000,1,3.35682300,0.00452493
1623320087205000,0,1.11882902,0.00453169
1623320087205000,0,7.27222585,0.00453169
1623320087205000,0,2.79707254,0.00453169
1623320087205000,0,56.79987259,0.00453217
1623320087506000,0,1.11882902,0.00453216
1623320087506000,0,2.08127098,0.00453216
1623320087661000,0,0.71580156,0.00453216
1623320087661000,0,7.27222585,0.00453216
1623320137493000,1,8.60390945,0.00452100
1623320138294000,1,14.32820000,0.00452100
1623320138337000,1,28.40000000,0.00452100
1623320138372000,1,28.40000000,0.00452100
1623320138419000,1,21.20124000,0.00452100
1623320138954000,1,20.00000000,0.00452100
1623320139088000,1,28.40000000,0.00452100
1623320139391000,1,11.00000000,0.00452100
1623320140553000,1,28.40000000,0.00452100
1623320141247000,1,144.71431146,0.00452100
1623320141654000,1,29.15680000,0.00452100
1623320141764000,1,33.23946720,0.00452100
1623320150615000,1,104.00000000,0.00452100
1623320151343000,1,0.15600000,0.00452100
1623320151425000,1,0.00007189,0.00452100
1623320367059000,1,2.34659169,0.00451200
1623320369285000,1,117.28000000,0.00451200
1623320370315000,1,8.02081954,0.00451200
1623320370409000,1,8.31075111,0.00451200
1623320371520000,1,0.66546618,0.00451200
1623320374302000,1,4.50466916,0.00451200
1623320375633000,1,3.97587651,0.00451200
1623320375700000,1,22.45752212,0.00451200
1623320375805000,1,26.99000000,0.00451200
1623320378330000,1,86.32000000,0.00451200
1623320378369000,1,86.30000000,0.00451200
1623320379996000,1,14.89716312,0.00451200
1623320380053000,1,11.42014619,0.00451200
1623320380271000,1,3.36879432,0.00451200
1623320380287000,1,23.91400709,0.00451200
1623320381130000,1,0.96100000,0.00451200
1623320381434000,1,8.20200000,0.00451200
1623320381555000,1,11.56905683,0.00451200
1623320381574000,1,0.66500000,0.00451200
1623320381678000,1,2.20500000,0.00451200
1623320382629000,1,12.26700000,0.00451200
1623320383313000,0,4.92225000,0.00451283
1623320383468000,0,1.40629163,0.00451285
1623320383468000,0,3.51595837,0.00451285
1623320415790000,1,17.21800000,0.00451200
1623320416511000,1,1.61567039,0.00451200
1623320416648000,1,6.92600000,0.00451200
1623320417423000,1,10.84450000,0.00451200
1623320420763000,1,6.75496575,0.00451200
1623320847444000,1,0.24930289,0.00451252
1623321005717000,0,4.67290000,0.00451642
1623321202213000,1,0.04732800,0.00451887
1623321246633000,1,107.24000000,0.00451700
1623321248309000,1,58.48000000,0.00451700
1623321248990000,1,2.03600000,0.00451700
1623321249041000,1,7.00000000,0.00451700
1623321249075000,1,3.89999999,0.00451700
1623321249173000,1,1.20000000,0.00451700
1623321249194000,1,25.60000000,0.00451700
1623321249706000,1,12.00100001,0.00451700
1623321249977000,1,2.46500000,0.00451700
1623321250273000,1,14.17100000,0.00451700
1623321250701000,1,1.20200000,0.00451700
1623321250775000,1,20.71255543,0.00451700
1623321250803000,1,3.18400000,0.00451700
1623321250841000,1,2.31885561,0.00451700
1623321250901000,1,2.84900000,0.00451700
1623321251040000,1,3.73380000,0.00451700
1623321252422000,1,1.37200000,0.00451700
1623321252466000,1,4.92500000,0.00451700
1623321252527000,1,1.00200000,0.00451700
1623321252817000,1,0.88196952,0.00451700
1623321253066000,1,12.91800000,0.00451700
1623321253112000,1,8.51899999,0.00451700
1623321253319000,1,1.43935902,0.00451700
1623321253400000,1,5.23400000,0.00451700
1623321253493000,1,0.84700001,0.00451700
1623321253648000,1,14.18200000,0.00451700
1623321253907000,1,8.79700000,0.00451700
1623321253941000,1,6.41890571,0.00451700
1623321254762000,1,165.37000000,0.00451700
1623321254764000,1,0.00055471,0.00451700
1623321255778000,0,10.33560000,0.00451610
1623321342665000,0,0.00005998,0.00451610
1623321664809000,1,4.21399600,0.00452400
1623321682822000,1,10.33560000,0.00452400
1623321686817000,1,2.03414347,0.00452400
1623321687094000,1,3.51990300,0.00452400
1623321690756000,1,5.10000000,0.00452400
1623321691104000,1,1.40000000,0.00452400
1623321714482000,1,8.09999999,0.00452400
1623321714652000,1,0.84217900,0.00452400
1623321714682000,1,6.73788799,0.00452400
1623321714731000,1,5.09999999,0.00452400
1623321714950000,1,2.28288630,0.00452400
1623321715011000,1,1.76211200,0.00452400
1623321715463000,1,0.70000002,0.00452400
1623321724334000,1,14.45087742,0.00452400
1623321726036000,1,66.63000000,0.00452400
1623321726134000,1,80.13000000,0.00452400
1623321729578000,1,2.80093915,0.00452400
1623321729627000,1,11.39088490,0.00452400
1623321729639000,1,3.00000000,0.00452400
1623321729672000,1,3.10000000,0.00452400
1623321729753000,1,2.90000000,0.00452400
1623321729758000,1,0.90081539,0.00452400
1623321729799000,1,1.30000000,0.00452400
1623321733488000,1,20.60000000,0.00452400
1623321733681000,1,4.96702534,0.00452400
1623321734801000,1,54.19000000,0.00452400
1623321734905000,1,50.14000000,0.00452400
1623321736171000,1,8.66643540,0.00452400
1623321736429000,1,52.11000000,0.00452400
1623321737147000,1,4.28000000,0.00452400
1623321738682000,1,66.31431464,0.00452400
1623321866689000,0,7.10000000,0.00452991
1623321881935000,1,1.90000000,0.00452935
1623321881935000,1,3.39767786,0.00452934
1623321911687000,0,1.06000000,0.00453397
1623321911869000,0,5.97351585,0.00453397
1623321911869000,0,12.60242117,0.00453445
1623321922284000,0,11.00397004,0.00454150
1623321922287000,0,6.57585996,0.00454150
1623321922531000,1,7.02994853,0.00453563
1623321922531000,1,0.07005147,0.00453563
1623321922632000,1,0.82677100,0.00453563
1623321949677000,0,7.02703878,0.00454606
1623321950182000,0,1.87820211,0.00454695
1623321950209000,0,2.77139397,0.00454695
1623321968257000,0,2.13420000,0.00455026
1623321968326000,0,4.88427830,0.00455026
1623321968326000,0,5.00000000,0.00455027
1623321968387000,0,17.54450000,0.00455063
1623321981153000,1,7.10000000,0.00454814
1623322018040000,0,7.03038167,0.00454944
1623322018040000,0,17.57231833,0.00454944
1623322018195000,0,0.00008209,0.00454944
1623322018195000,0,45.68427407,0.00455077
1623322023166000,0,17.57030000,0.00455258
1623322023172000,0,0.00001137,0.00455258
1623322101620000,0,6.24226000,0.00455231
1623322101693000,0,0.00000388,0.00455231
1623322101693000,0,4.35122612,0.00455233
1623322108162000,0,28.40000000,0.00455344
1623322109453000,0,12.16773000,0.00455344
1623322125215000,0,0.34247880,0.00455538
1623322190421000,1,3.63906149,0.00454663
1623322193137000,1,4.62340000,0.00454663
1623322193293000,1,28.40000000,0.00454663
1623322203155000,0,6.08252000,0.00454874
1623322209807000,0,28.40000000,0.00455000
1623322356915000,0,2.37021200,0.00455088
1623322374665000,1,0.47225358,0.00454664
1623322440901000,1,3.79750000,0.00454663
1623322506927000,1,0.00003851,0.00454663
1623322515382000,0,7.10000000,0.00454645
1623322552761000,0,7.10000000,0.00454905
1623322552761000,0,4.68511958,0.00454928
1623322552761000,0,11.71184456,0.00454951
1623322552761000,0,191.97920000,0.00455000
1623322581612000,1,28.40000000,0.00454400
1623322581731000,1,28.40000000,0.00454400
1623322582368000,0,0.05814500,0.00454663
1623322742484000,1,2.86302200,0.00454567
1623322746911000,1,0.16523401,0.00454639
1623322844138000,1,10.20093487,0.00454400
1623322844187000,1,8.19999999,0.00454400
1623322844206000,1,4.30000000,0.00454400
1623322844621000,1,28.40000000,0.00454400
1623322844811000,1,26.07873995,0.00454400
1623322844854000,1,14.30000000,0.00454400
1623322844954000,1,14.00000000,0.00454400
1623322844995000,1,7.36061064,0.00454400
1623322845070000,1,2.46265490,0.00454400
1623322845112000,1,6.30623023,0.00454400
1623322845301000,1,8.00000000,0.00454400
1623322963113000,1,0.09599500,0.00454400
1623323023005000,1,1.88386576,0.00454400
1623323023274000,1,1.82056600,0.00454400
1623323023835000,1,0.44086853,0.00454400
1623323024099000,1,1.79500000,0.00454400
1623323024654000,1,8.20306657,0.00454400
1623323085523000,1,145.18550026,0.00454400
1623323088712000,1,145.23983949,0.00454400
1623323088982000,1,3.36821101,0.00454400
1623323089138000,1,5.21566901,0.00454400
1623323089231000,1,0.34224779,0.00454400
1623323119677000,1,0.34589785,0.00453985
1623323237787000,1,5.00000000,0.00453878
1623323469014000,0,0.24365263,0.00452911
1623323469014000,0,5.91480805,0.00452912
1623323817286000,1,45.84931466,0.00453280
1623323894940000,1,0.81405100,0.00453425
1623324033433000,1,7.10000000,0.00452733
1623324033433000,1,8.89051406,0.00452710
1623324488769000,1,0.19222900,0.00453400
1623324509560000,1,51.83110000,0.00453400
1623324510540000,1,13.00000000,0.00453400
1623324510645000,1,145.39182207,0.00453400
1623324529936000,1,4.67704541,0.00453400
1623324551526000,1,28.40357600,0.00453400
1623324681898000,1,2.05804300,0.00453447
1623324814889000,1,145.83536118,0.00453400
1623324823720000,1,67.50131888,0.00453400
1623324842072000,1,0.78850350,0.00453400
1623324845293000,1,1.00095700,0.00453400
1623324846769000,1,11.67109908,0.00453400
1623324855765000,1,4.68000000,0.00453400
1623324859068000,1,3.20000000,0.00453400
1623324876099000,1,3.64000000,0.00453400
1623324878150000,1,5.17000000,0.00453400
1623324926237000,0,1.90000000,0.00453408
1623324949600000,1,0.08397200,0.00453400
1623324958677000,1,2.00000000,0.00453400
1623324958764000,1,10.93301588,0.00453400
1623324998622000,0,7.10000000,0.00453497
1623324998622000,0,5.08608500,0.00453521
1623325274247000,1,0.42000000,0.00452400
1623325274366000,1,0.20851900,0.00452400
1623325290073000,1,0.60164100,0.00452400
1623325333677000,1,0.24391500,0.00452400
1623325360842000,1,1.46235952,0.00452400
1623325361316000,1,1.07300000,0.00452400
1623325361327000,1,6.16799999,0.00452400
1623325361441000,1,3.76700000,0.00452400
1623325361585000,1,3.54900000,0.00452400
1623325362107000,1,6.59008412,0.00452400
1623325362765000,1,1.46235952,0.00452400
1623325364775000,1,1.46235952,0.00452400
1623325364899000,1,0.69730999,0.00452400
1623325366759000,1,1.46235952,0.00452400
1623325368762000,1,1.46235952,0.00452400
1623325370760000,1,1.46235952,0.00452400
1623325372764000,1,13.16207011,0.00452400
1623325374169000,1,251.00000000,0.00452400
1623325374762000,1,13.16207011,0.00452400
1623325376627000,1,82.50000000,0.00452400
1623325376759000,1,13.16207011,0.00452400
1623325377327000,1,94.92000000,0.00452400
1623325377418000,1,0.00116345,0.00452400
1623325412713000,0,15.00000000,0.00452757
1623325412713000,0,7.12149424,0.00452777
1623325412713000,0,7.12248756,0.00452778
1623325412815000,0,7.12398227,0.00452840
1623325413912000,0,6.35822846,0.00453164
1623325799778000,1,1.71892800,0.00452171
1623325820755000,1,0.85068600,0.00452094
1623325883663000,1,0.22805600,0.00452556
1623325917574000,1,0.82997100,0.00452519
1623325969916000,1,0.33333900,0.00452480
1623325990589000,0,0.08680500,0.00453121
1623326075544000,0,0.07026200,0.00453074
1623326130766000,1,36.36770000,0.00452400
1623326132757000,1,76.00000000,0.00452400
1623326132831000,1,286.82000000,0.00452400
1623326133028000,1,1.53400000,0.00452400
1623326133991000,1,8.30000000,0.00452400
1623326134226000,1,18.00000000,0.00452400
1623326134890000,1,16.62000000,0.00452400
1623326135475000,1,14.53109192,0.00452400
1623326135698000,1,1.54917440,0.00452400
1623326136150000,1,40.27000000,0.00452400
1623326136546000,1,0.00803368,0.00452400
1623326169666000,0,1.61879248,0.00451567
1623326347528000,0,3.24000000,0.00451367
1623326356271000,0,40.98000000,0.00451367
1623326366831000,0,0.00171731,0.00451367
1623326503392000,1,0.10123300,0.00451643
1623326503502000,1,0.59751300,0.00451643
1623326525847000,1,0.59149700,0.00451365
1623326567076000,1,1.54087900,0.00451062
1623326708709000,1,7.10000000,0.00450847
1623326750788000,1,4.35628700,0.00450661
1623326974846000,1,4.95030000,0.00451300
1623326978849000,1,477.82000000,0.00451300
1623326989121000,1,0.44297300,0.00451300
1623326990538000,1,16.78672700,0.00451300
1623327183242000,1,76.68972356,0.00451100
1623327185867000,1,1.47016053,0.00451100
1623327205394000,1,1.46863519,0.00451100
1623327207720000,0,0.06855000,0.00451291
1623327210140000,1,40.41000000,0.00451100
1623327210563000,1,93.59000000,0.00451100
1623327211025000,1,52.89000000,0.00451100
1623327211250000,1,233.48148072,0.00451100
1623327487827000,1,0.36721900,0.00450817
1623327626719000,1,0.51000000,0.00450116
1623327628549000,1,0.18000000,0.00449463
1623327633242000,0,0.35000000,0.00450011
1623327862726000,1,2.75805300,0.00449713
1623328338468000,0,0.10083300,0.00449697
1623328447039000,1,2.76870000,0.00449300
1623328473764000,1,1.48071773,0.00449400
1623328475675000,1,17.83492327,0.00449400
1623328478348000,1,1.48012934,0.00449400
1623328480249000,1,479.20000000,0.00449400
1623328480290000,1,0.00422966,0.00449400
1623328480373000,1,0.35000000,0.00449300
1623328490338000,1,2.76510000,0.00449300
1623328490532000,1,1.18462358,0.00449300
1623328492171000,1,10.03990000,0.00449300
1623328514348000,1,64.96000000,0.00449300
1623328514450000,1,0.00470780,0.00449300
1623328582459000,0,0.15872900,0.00449231
1623328635355000,1,7.10000000,0.00448891
1623328635355000,1,17.98608980,0.00448801
1623328635355000,1,7.19319722,0.00448801
1623328635355000,1,1.04281298,0.00448800
1623328642853000,0,0.48370000,0.00449335
1623328734841000,0,1.19650906,0.00449342
1623328752569000,0,7.10000000,0.00449223
1623328798340000,0,7.10000000,0.00448994
1623328800317000,0,7.10000000,0.00449062
1623328889512000,1,6.34039226,0.00448800
1623328889591000,1,2.42934170,0.00448800
1623328897993000,1,8.91566970,0.00448800
1623328901377000,1,8.69157789,0.00448800
1623328901428000,1,8.91443885,0.00448800
1623328909607000,0,0.18485000,0.00448863
1623328910289000,1,7.23205852,0.00448800
1623328910656000,1,29.87000000,0.00448800
1623328911849000,1,1.66000000,0.00448800
1623328960442000,1,17.82887773,0.00448800
1623328960451000,1,8.24505526,0.00448800
1623328960492000,1,12.25735343,0.00448800
1623328960725000,1,2.45147068,0.00448800
1623328965592000,1,12.26812067,0.00448800
1623328965684000,1,2.01493421,0.00448800
1623328969254000,1,14.69542546,0.00448800
1623328969499000,1,2.11149000,0.00448800
1623328978279000,1,13.32078628,0.00448800
1623328993740000,1,11.20063968,0.00448800
1623329001816000,1,11.38974228,0.00448800
1623329003809000,1,1.00000000,0.00448800
1623329003884000,1,1.90000000,0.00448800
1623329003926000,1,5.89999999,0.00448800
1623329003967000,1,10.60650000,0.00448800
1623329003996000,1,1.40000000,0.00448800
1623329051780000,1,1.81961295,0.00448800
1623329052524000,1,18.05173870,0.00448800
1623329052542000,1,20.05748743,0.00448800
1623329054030000,1,1.37000000,0.00448800
1623329071170000,1,7.55000000,0.00448800
1623329073623000,1,24.76156626,0.00448800
1623329073715000,1,1.18455342,0.00448800
1623329073801000,1,17.68407354,0.00448800
1623329073809000,1,14.38704287,0.00448800
1623329077941000,1,11.90000001,0.00448800
1623329078764000,1,8.87924276,0.00448800
1623329080764000,1,8.87924276,0.00448800
1623329081804000,1,14.40000000,0.00448800
1623329081853000,1,14.58686293,0.00448800
1623329081883000,1,6.99000000,0.00448800
1623329082154000,1,3.09081922,0.00448800
1623329082513000,1,2.90000000,0.00448800
1623329082909000,1,2.02000000,0.00448800
1623329083286000,1,4.43818104,0.00448800
1623329086846000,1,4.43861141,0.00448800
1623329088769000,1,4.43861141,0.00448800
1623329090762000,1,4.43861141,0.00448800
1623329097761000,1,11.83718585,0.00448800
1623329111106000,1,2.42790313,0.00448800
1623329123788000,1,11.60000000,0.00448800
1623329124338000,1,9.30187722,0.00448800
1623329133561000,1,1.13240000,0.00448800
1623329133716000,1,1.07752957,0.00448800
1623329133779000,1,2.51652008,0.00448800
1623329134481000,1,42.00000000,0.00448800
1623329135022000,1,3.00000000,0.00448800
1623329135030000,1,13.15363846,0.00448800
1623329158660000,1,1.97036000,0.00448377
1623329158887000,1,1.25000000,0.00448377
1623329185516000,1,0.04656000,0.00448322
1623329197598000,1,0.34865000,0.00448300
1623329203257000,1,9.65000000,0.00448300
1623329210328000,1,0.00135000,0.00448300
1623329248463000,1,7.10000000,0.00448074
1623329248463000,1,14.74660457,0.00448052
1623329248463000,1,3.00000000,0.00448000
1623329248463000,1,7.10000000,0.00448000
1623329248463000,1,0.37200543,0.00448000
1623329248596000,0,0.09672900,0.00448612
1623329622506000,1,0.31507455,0.00447287
1623329763616000,0,0.32377000,0.00448253
