timestamp ms,type,amount,price
1623801640312000,1,0.35000000,0.00436278
1623802682161000,0,28.12694000,0.00437013
1623802685543000,0,0.00000491,0.00437013
1623802685729000,1,1.80000000,0.00436815
1623802685729000,1,4.48656051,0.00436814
1623802704301000,1,6.28593175,0.00436911
1623802722333000,1,6.28533470,0.00437069
1623802729503000,1,10.01394090,0.00437274
1623802841256000,0,31.60000000,0.00437936
1623802844190000,0,13.33579000,0.00437936
1623802844286000,0,0.00000856,0.00437936
1623802900628000,1,0.06866200,0.00437758
1623803041227000,0,1.47440631,0.00438300
1623803041227000,0,2.14746333,0.00438362
1623803565500000,1,10.78940000,0.00438362
1623803587394000,1,0.00002217,0.00438362
1623803934369000,0,0.16720400,0.00438150
1623804339187000,1,7.90000000,0.00437626
1623804339187000,1,6.91628387,0.00437605
1623804339187000,1,6.91644180,0.00437605
1623804339187000,1,6.57021533,0.00437604
1623804373516000,1,0.44262000,0.00437744
1623804432186000,0,0.10900000,0.00438639
1623804433188000,0,0.08700000,0.00438638
1623804444175000,0,0.00083117,0.00438638
1623804444175000,0,0.00078896,0.00438639
1623804520088000,1,6.89684812,0.00438732
1623804520088000,1,0.76065188,0.00438714
1623804520146000,1,16.48217263,0.00438714
1623805438666000,0,0.91495725,0.00436349
1623805769991000,0,2.06262900,0.00436396
1623805813638000,0,0.09305800,0.00435842
1623805822546000,0,1.80000000,0.00435640
1623805822546000,0,5.56181575,0.00435640
1623806333081000,0,0.38031033,0.00435369
1623806344312000,0,0.29030426,0.00435391
1623806551373000,0,14.46000000,0.00434560
1623806567313000,0,0.00213256,0.00434560
1623806687752000,1,3.44610000,0.00434560
1623806687753000,1,5.84888111,0.00434560
1623806772765000,0,1.80000000,0.00434020
1623806772765000,0,4.48760149,0.00434021
1623807011847000,0,0.15400000,0.00433463
1623807524332000,0,1.36510300,0.00433579
1623808645172000,0,1.80000000,0.00433177
1623809239670000,1,7.01405968,0.00430414
1623809239670000,1,7.01365032,0.00430414
1623809239710000,1,0.00001848,0.00430414
1623809240377000,1,0.35000000,0.00430293
1623809245343000,0,1.80000000,0.00430211
1623809273165000,0,2.25270000,0.00430464
1623809273316000,0,17.27050000,0.00430464
1623809279829000,1,7.02280621,0.00430143
1623809279829000,1,17.55750085,0.00430143
1623809279896000,1,7.02424227,0.00430120
1623809296332000,1,7.90000000,0.00426921
1623809299359000,0,1.80000000,0.00426878
1623809303627000,0,0.35000000,0.00426477
1623809303848000,0,17.73576548,0.00426498
1623809303939000,0,14.50910000,0.00426630
1623809304022000,0,7.90000000,0.00426630
1623809304028000,0,23.70004616,0.00426630
1623809304028000,0,7.89995384,0.00426630
1623809304209000,0,0.51000000,0.00426683
1623809310352000,1,7.07618000,0.00427004
1623809310491000,1,0.00000287,0.00427004
1623809310687000,1,7.07620000,0.00426915
1623809322810000,0,16.74422000,0.00427999
1623809323551000,0,0.00000860,0.00427999
1623809323551000,0,7.06463140,0.00428335
1623809324161000,0,0.00000884,0.00428335
1623809324161000,0,17.65812116,0.00428383
1623809324715000,1,7.06556457,0.00427840
1623809346604000,1,7.09973594,0.00425836
1623809346606000,1,7.09260000,0.00425791
1623809346678000,1,0.00008261,0.00425791
1623809357294000,0,32.00000000,0.00425840
1623809369355000,0,7.10276000,0.00426245
1623809429138000,0,7.07437000,0.00427595
1623809449296000,1,0.95799459,0.00427848
1623809479220000,1,6.05475620,0.00427566
1623809556038000,1,14.54323000,0.00428297
1623809556115000,1,7.05438582,0.00428128
1623809556291000,1,0.48000000,0.00428095
1623809556368000,1,7.05372739,0.00428096
1623809556368000,1,11.05627261,0.00428001
1623809561072000,1,7.06190574,0.00427510
1623809561189000,1,7.06190574,0.00427369
1623809561475000,1,5.88034797,0.00427562
1623809566165000,1,1.01080000,0.00427332
1623809566198000,1,6.05265735,0.00427332
1623809656338000,0,6.90406700,0.00428334
1623809916762000,1,0.13956500,0.00428468
1623810119540000,0,0.06884800,0.00429346
1623810547273000,1,0.08706596,0.00429855
1623810662179000,0,0.08723339,0.00430117
1623811036201000,0,1.80000000,0.00431093
1623811036201000,0,3.97686900,0.00431094
1623811437700000,1,0.35000000,0.00430884
1623812833362000,1,7.90000000,0.00430711
1623812833700000,1,7.90000000,0.00430852
1623812833702000,1,7.90000000,0.00430628
1623813079450000,1,2.69143000,0.00430909
1623813115054000,0,7.90000000,0.00431318
1623813150519000,1,14.53560000,0.00431028
1623813206453000,0,54.00000000,0.00431316
1623813337310000,1,50.30000000,0.00431036
1623813731574000,1,0.00001929,0.00431028
1623813733002000,0,3.58885979,0.00431003
1623814135537000,1,0.07110400,0.00430734
1623814204597000,1,31.60000000,0.00430615
1623814205150000,1,4.65180000,0.00430615
1623814219657000,1,4.35520000,0.00430615
1623814747698000,1,0.51000000,0.00431141
1623814948639000,1,9.90000000,0.00431377
1623815246469000,0,1.37076900,0.00431764
1623815599675000,1,6.32240000,0.00431400
1623815717448000,1,40.53600000,0.00431110
1623815922634000,0,0.95633400,0.00431351
1623816050727000,0,7.01580727,0.00431639
1623816050727000,0,7.01279273,0.00431639
1623816050797000,0,0.00008416,0.00431639
1623816096464000,0,0.62870300,0.00431621
1623817143026000,1,2.32500100,0.00431279
1623817339703000,0,0.35000000,0.00431882
1623817343910000,0,4.64000000,0.00431882
1623817682118000,0,1.57038900,0.00432481
1623817904584000,0,5.84904431,0.00433124
1623817909988000,1,54.00000000,0.00432669
1623817960188000,1,108.75584000,0.00431800
1623817960261000,1,31.70000000,0.00431800
1623817960822000,1,30.00000000,0.00431800
1623817960901000,1,31.60000000,0.00431800
1623817960939000,1,24.00000000,0.00431800
1623817961030000,1,31.60000000,0.00431800
1623817961072000,1,21.00000000,0.00431800
1623817962351000,1,145.75000000,0.00431800
1623817963759000,1,0.35000000,0.00431800
1623817964423000,1,75.24000000,0.00431800
1623818029943000,1,0.00416000,0.00431800
1623818029943000,1,0.44444000,0.00431479
1623818235875000,0,4.63569247,0.00431004
1623818243508000,0,1.80000000,0.00430958
1623818243508000,0,2.83593986,0.00430959
1623818256063000,0,4.63556340,0.00431016
1623818261097000,0,1.80000000,0.00431011
1623818273901000,0,1.80000000,0.00430876
1623818279213000,0,4.63753240,0.00430811
1623818281726000,0,5.00000000,0.00430788
1623818284932000,0,1.80000000,0.00430829
1623818290109000,0,4.63784458,0.00430804
1623818295564000,0,1.80000000,0.00430874
1623818295564000,0,2.83708035,0.00430875
1623818300742000,0,1.80000000,0.00430872
1623818305867000,0,4.63684360,0.00430897
1623818538263000,1,40.65000000,0.00430903
1623818686938000,1,0.11342100,0.00430903
1623818887120000,0,6.97959017,0.00431185
1623818887120000,0,6.97960983,0.00431185
1623818887121000,0,0.00014199,0.00431185
1623818887422000,0,19.22840000,0.00431316
1623818887445000,0,26.13110000,0.00431316
1623818887699000,0,15.00000000,0.00431402
1623819324705000,1,0.42376900,0.00430947
1623819485586000,1,7.90000000,0.00430904
1623819485586000,1,42.09000000,0.00430903
1623819544234000,1,5.58631700,0.00430992
1623819564778000,1,1.00230100,0.00430972
1623819664275000,0,1.80000000,0.00431573
1623819664275000,0,7.90000000,0.00431574
1623819664275000,0,14.38608054,0.00431596
1623819664275000,0,6.79548030,0.00431714
1623819768801000,0,7.94910000,0.00432011
1623819768802000,0,9.46988808,0.00432011
1623819768802000,0,6.96717568,0.00432011
1623819769183000,0,6.96374341,0.00432149
1623820258251000,1,0.95358500,0.00431579
1623820447975000,1,7.90000000,0.00431697
1623820574820000,0,7.90000000,0.00432312
1623820574820000,0,14.38776968,0.00432333
1623820574820000,0,4.19846522,0.00432357
1623820931554000,1,0.40783300,0.00432267
1623820994616000,1,7.90000000,0.00432388
1623820994616000,1,1.77000500,0.00432385
1623821416475000,1,0.20068200,0.00432470
1623821588489000,1,4.31000000,0.00432555
1623821624504000,1,1.00800000,0.00432586
1623821638917000,1,0.39658100,0.00433000
1623821661850000,1,1.00800000,0.00432555
1623821666869000,1,31.60000000,0.00432555
1623821666873000,1,31.60000000,0.00432555
1623821675795000,1,2.54922722,0.00432555
1623821740817000,1,14.28999444,0.00432555
1623821829406000,1,0.64049500,0.00432850
1623821857755000,1,0.90000000,0.00432693
1623821959231000,1,5.38026497,0.00432555
1623821998213000,1,8.70000001,0.00432555
1623822027948000,1,0.70064000,0.00432555
1623822031916000,1,8.57694396,0.00432555
1623822035890000,1,3.13659999,0.00432555
1623822036078000,1,1.72729178,0.00432555
1623822036081000,1,1.60000000,0.00432555
1623822094095000,1,9.34172108,0.00432555
1623822094112000,1,4.92521433,0.00432555
1623822094397000,1,8.43992127,0.00432555
1623822173399000,1,3.90646295,0.00432555
1623822173400000,1,15.19185829,0.00432555
1623822173426000,1,2.52787830,0.00432555
1623822173937000,1,5.80389107,0.00432555
1623822174208000,1,8.06833813,0.00432555
1623822174293000,1,2.03483033,0.00432555
1623822174598000,1,8.40090318,0.00432555
1623822191180000,1,10.99368720,0.00432555
1623822219340000,1,1.10990746,0.00432555
1623822219568000,1,14.47504305,0.00432555
1623822219709000,1,2.35855334,0.00432555
1623822219802000,1,13.48075096,0.00432555
1623822219949000,1,7.07566003,0.00432555
1623822220339000,1,7.46875225,0.00432555
1623822320048000,1,1.84407900,0.00432555
1623822323659000,1,7.00488955,0.00432555
1623822323678000,1,11.83936810,0.00432555
1623822323698000,1,1.17904081,0.00432555
1623822323984000,1,2.35862412,0.00432555
1623822326027000,1,143.43883404,0.00432555
1623822499329000,0,8.63210000,0.00432889
1623822499364000,0,15.70730000,0.00433028
1623822499367000,0,1.67853391,0.00433028
1623822499367000,0,6.95385126,0.00433028
1623822499749000,0,6.95385126,0.00433035
1623822499749000,0,17.38390554,0.00433035
1623822499749000,0,7.26224320,0.00433158
1623822771271000,1,2.25165801,0.00432555
1623822771332000,1,9.85038348,0.00432555
1623824636974000,0,7.90000000,0.00433080
1623824795012000,1,31.60000000,0.00432920
1623824795266000,1,31.60000000,0.00432920
1623824795346000,1,41.72000000,0.00432920
1623824795366000,1,52.05350000,0.00432920
1623824795495000,1,22.00000000,0.00432920
1623824795652000,1,142.92751072,0.00432920
1623824795692000,1,20.00000000,0.00432920
1623824795876000,1,12.00000000,0.00432920
1623824796393000,1,142.89384083,0.00432920
1623824797207000,1,3.20514845,0.00432920
1623824806280000,1,41.71000000,0.00432555
1623824807764000,1,37.74078730,0.00432555
1623825226482000,1,1.49126400,0.00432068
1623825752345000,0,0.56849100,0.00434060
1623825905946000,1,1.82280000,0.00433698
1623826261974000,0,0.05577074,0.00433220
1623826337102000,1,0.98651071,0.00433274
1623827148910000,1,0.56849100,0.00433786
1623827232156000,1,0.73147900,0.00433682
1623827421489000,0,0.82871300,0.00433835
1623827507100000,0,0.63196700,0.00433710
1623827553815000,0,0.09479500,0.00433710
1623828528310000,0,2.45933800,0.00434490
1623828647747000,1,0.74951600,0.00434712
1623828710705000,0,0.56334100,0.00435176
1623828991346000,0,7.90000000,0.00434816
1623828991698000,0,6.38000000,0.00434838
1623829804242000,1,0.64530600,0.00434213
1623830403301000,0,0.07900000,0.00434000
1623830406490000,0,0.00011200,0.00434000
1623830457957000,0,6.95228306,0.00435017
1623830457957000,0,6.29711694,0.00435017
1623830495534000,1,4.36783700,0.00434382
1623830837375000,0,6.88604870,0.00438340
1623830837375000,0,6.88972931,0.00438340
1623830837375000,0,0.43432199,0.00438353
1623830845740000,0,19.25600000,0.00439060
1623830845866000,0,6.87537970,0.00439135
1623830845866000,0,17.18732030,0.00439135
1623830845996000,0,0.00008238,0.00439135
1623830845996000,0,6.88101762,0.00439237
1623830846232000,0,0.00009831,0.00439237
1623830846788000,1,0.07900000,0.00439158
1623830849245000,1,0.04907200,0.00438998
1623830891833000,0,6.87074000,0.00439406
1623830891901000,0,0.00000114,0.00439406
1623830891996000,0,6.86810000,0.00439427
1623830902422000,0,6.71530000,0.00439898
1623830902436000,0,0.14596538,0.00439898
1623830902436000,0,17.14919870,0.00439955
1623830914501000,0,0.80000000,0.00440000
1623830917533000,0,6.85312943,0.00440454
1623830917533000,0,17.13088728,0.00440539
1623830917717000,0,6.85260000,0.00440594
1623830917815000,0,0.00003329,0.00440594
1623830982499000,0,14.12049000,0.00440391
1623830983290000,0,5.17756605,0.00440815
1623830983427000,0,9.82243395,0.00440815
1623831065442000,0,1.80000000,0.00439990
1623831065442000,0,7.90000000,0.00439991
1623831065442000,0,13.66322568,0.00440013
1623831066656000,1,0.34080400,0.00439405
1623831198836000,0,1.76400000,0.00439416
1623831278761000,1,1.80000000,0.00439194
1623831278761000,1,2.55283913,0.00439148
1623831381179000,1,5.68747724,0.00438924
1623831381543000,1,1.17366463,0.00438924
1623831381578000,1,2.27852806,0.00438876
1623831381607000,1,2.55093927,0.00438876
1623831381626000,1,9.22806089,0.00438876
1623831382099000,1,1.03921184,0.00438743
1623831564561000,1,7.90000000,0.00438022
1623831565251000,1,1.83699488,0.00437805
1623831565257000,1,2.51389259,0.00437805
1623831565356000,1,1.07993268,0.00437805
1623831565390000,1,1.45114054,0.00437805
1623831565390000,1,4.03259435,0.00437805
1623831565508000,1,7.08321007,0.00437805
1623831566420000,1,7.90000000,0.00437802
1623831591705000,0,6.88933307,0.00437985
1623831592027000,0,17.22120000,0.00438035
1623831592037000,0,0.00126990,0.00438035
1623831592037000,0,8.56490133,0.00438125
1623831592106000,0,17.93711229,0.00438125
1623831592130000,0,0.33429660,0.00438125
1623831592132000,0,17.93838219,0.00438125
1623831592597000,0,6.88354609,0.00438309
1623831592597000,0,24.24679391,0.00438310
1623831592663000,0,16.86966000,0.00438310
1623831592829000,0,6.88354000,0.00438310
1623831751242000,0,7.90000000,0.00437840
1623831893974000,1,0.19900000,0.00438041
1623832150069000,1,1.71442223,0.00437498
1623832181570000,1,0.13135700,0.00437154
1623832594771000,0,6.92900000,0.00437569
1623832594899000,0,0.00008869,0.00437569
1623832594899000,0,0.34991131,0.00437614
1623832595233000,0,6.56804093,0.00437614
1623832595233000,0,17.29415907,0.00437614
1623832595255000,0,0.00009063,0.00437614
1623832604087000,1,0.35000000,0.00438000
1623832975511000,1,1.31851700,0.00439648
1623833002737000,1,2.05520000,0.00439000
1623833002739000,1,31.60000000,0.00439000
1623833002796000,1,6.09980000,0.00439000
1623833012048000,1,6.89718847,0.00438248
1623833133256000,1,6.91094000,0.00437315
1623833133432000,1,0.00000498,0.00437315
1623833133432000,1,17.27807082,0.00437292
1623833161244000,0,0.35000000,0.00437656
1623833161256000,0,6.56454728,0.00437656
1623833161256000,0,17.28565898,0.00437656
1623833161412000,0,44.93824739,0.00437785
1623833662545000,0,7.90000000,0.00437596
1623833662545000,0,10.28060964,0.00437618
1623834700091000,1,7.90000000,0.00436829
1623834701110000,0,1.78000000,0.00436829
1623834701111000,0,0.00943882,0.00436829
1623834735609000,0,0.30561705,0.00437298
1623834884863000,1,31.60000000,0.00437000
1623834884870000,1,31.60000000,0.00437000
1623834884984000,1,0.35000000,0.00436928
1623834885212000,1,4.53515675,0.00436928
1623834885218000,1,2.03854830,0.00436928
1623834885218000,1,17.30997361,0.00436928
1623834885339000,1,12.86634432,0.00436937
1623835082992000,1,45.24734343,0.00435235
1623835177051000,1,6.95883000,0.00435486
1623835506996000,1,32.00000000,0.00435100
1623835507076000,1,23.00000000,0.00435100
1623835517354000,1,1.41086500,0.00435100
1623835659564000,1,28.00000000,0.00435100
1623835659577000,1,24.51000000,0.00435100
1623835659705000,1,31.60000000,0.00435100
1623835659803000,1,143.78075816,0.00435100
1623835659834000,1,14.37807582,0.00435100
1623835660331000,1,143.78075816,0.00435100
1623835672459000,1,8.63246381,0.00435100
1623835675053000,0,0.46969300,0.00435101
1623835717271000,0,0.13108700,0.00435277
1623835949091000,1,14.25244828,0.00435100
1623835951728000,1,34.65463077,0.00435100
1623836087822000,0,1.00606500,0.00435356
1623836219474000,1,143.59870226,0.00435060
1623836219476000,1,42.68200000,0.00435060
1623836219487000,1,0.68969800,0.00435060
1623836219520000,1,3.90828866,0.00435060
1623836219536000,1,1.00000000,0.00435060
1623836219652000,1,90.86000000,0.00435060
1623836219674000,1,1.83919466,0.00435060
1623836219767000,1,1.37946125,0.00435060
1623836219828000,1,8.27637600,0.00435060
1623836219829000,1,1.60929533,0.00435060
1623836219911000,1,1.14949668,0.00435060
1623836219994000,1,5.51758400,0.00435060
1623836220000000,1,19.86330240,0.00435060
1623836220045000,1,143.64108961,0.00435060
1623836220060000,1,12.87436267,0.00435060
1623836220096000,1,7.86255721,0.00435060
1623836220166000,1,4.87386586,0.00435060
1623836220372000,1,8.37472541,0.00435060
1623836232147000,0,6.95488000,0.00435189
1623836803453000,1,231.78000000,0.00434902
1623836863216000,1,165.63000000,0.00434902
1623836865297000,1,102.59000000,0.00434902
1623836874288000,0,1.41004692,0.00434972
1623837225283000,1,4.95407057,0.00434535
1623837552811000,1,1.80000000,0.00434948
1623837552811000,1,7.90000000,0.00434947
1623837552811000,1,6.96483029,0.00434925
1623837552811000,1,17.41303600,0.00434924
1623837552811000,1,7.90000000,0.00434923
1623837552811000,1,22.32213371,0.00434923
1623837657408000,0,0.33100000,0.00435000
1623837684977000,0,0.79553500,0.00435358
1623838297738000,0,0.37000000,0.00435000
1623838301001000,0,0.00530000,0.00435000
1623838342801000,1,18.35190000,0.00434968
1623838362817000,1,30.73000000,0.00434969
1623838362821000,1,0.00920496,0.00434969
1623838362890000,1,0.33100000,0.00434930
1623838366528000,1,371.01000000,0.00434930
1623838370016000,1,61.58000000,0.00434930
1623838379842000,1,67.07000000,0.00434930
1623838530451000,1,77.23000000,0.00435000
1623838532560000,1,137.56000000,0.00435000
1623838534666000,1,274.51000000,0.00435000
1623838536833000,1,10.70000000,0.00435000
1623838630113000,1,3.19000000,0.00435000
1623838676727000,1,0.00422428,0.00435000
1623838872607000,0,7.90000000,0.00434287
1623838872607000,0,14.41013903,0.00434309
1623838872607000,0,1.80000000,0.00434339
1623838872607000,0,7.90000000,0.00434364
1623838872607000,0,14.41120699,0.00434457
1623838872607000,0,17.43093130,0.00434500
1623838872607000,0,6.97259713,0.00434500
1623838872607000,0,0.48000000,0.00434501
1623838872607000,0,45.20000000,0.00434537
1623838872607000,0,8.70453107,0.00434571
1623838872607000,0,45.31688033,0.00434632
1623838872607000,0,0.48000000,0.00434633
1623838872607000,0,6.49371415,0.00434639
1623840409345000,1,7.03492291,0.00432623
1623840409345000,1,1.73496641,0.00432623
1623840482998000,1,0.77033908,0.00432661
1623840675738000,1,0.39217553,0.00432566
1623840744640000,1,0.13578000,0.00432496
1623841064281000,0,3.74876500,0.00433064
1623841335084000,1,7.04155000,0.00432490
1623841448168000,0,7.06458241,0.00432933
1623841504204000,0,7.11079501,0.00434116
1623841504204000,0,8.72180499,0.00434117
1623841504575000,0,0.00014463,0.00434117
1623841504575000,0,2.55355537,0.00434210
1623841504771000,0,7.11014894,0.00434210
1623841579684000,0,17.75660000,0.00434078
1623841579687000,0,0.00001484,0.00434078
1623841579687000,0,31.65778516,0.00434165
1623841579741000,0,0.00007730,0.00434165
1623841579741000,0,7.10290286,0.00434327
1623841579824000,0,0.50000000,0.00434465
1623841579824000,0,17.40000000,0.00434490
1623841579858000,0,1.80000000,0.00434413
1623841579905000,0,5.29877626,0.00434413
1623841579905000,0,7.10290286,0.00434413
1623841579905000,0,17.74587045,0.00434413
1623841579905000,0,1.45245043,0.00434490
1623841580150000,0,0.35000000,0.00434464
1623841580395000,0,3.00000000,0.00434489
1623841580707000,0,7.10000000,0.00434490
1623841721639000,1,0.35000000,0.00434490
1623841739209000,1,0.26452303,0.00434490
1623842265698000,1,1.80000000,0.00434166
1623842265698000,1,7.90000000,0.00434165
1623842265698000,1,25.66000000,0.00434143
1623842710890000,1,0.99634959,0.00433089
1623843760319000,0,7.90000000,0.00434757
1623843825276000,1,31.60000000,0.00434370
1623843844939000,0,7.90000000,0.00434409
1623843917735000,1,6.39694257,0.00434370
1623843917780000,1,1.64681000,0.00434370
1623843938816000,1,1.01996620,0.00434370
1623843939546000,1,3.69072564,0.00434370
1623843955882000,1,3.14739959,0.00434370
1623843956346000,1,1.25000000,0.00434370
1623843957299000,1,0.77000000,0.00434370
1623843964289000,0,1.80000000,0.00434454
1623843964631000,0,7.15227000,0.00434477
1623843965729000,0,1.80000000,0.00434476
1623843965889000,0,17.87558138,0.00434651
1623843965889000,0,7.15051862,0.00434651
1623843966178000,0,0.00000903,0.00434651
1623843982529000,1,1.00526900,0.00434392
1623844021078000,1,75.09000000,0.00434370
1623844217054000,1,0.10946700,0.00435048
1623844281757000,1,0.05915800,0.00434816
1623844361729000,1,0.27561500,0.00434487
1623844407498000,1,1.57413400,0.00434493
1623844525619000,0,0.98137895,0.00434988
1623844654804000,1,3.77900000,0.00434370
1623844654815000,1,2.84200000,0.00434370
1623844667291000,1,2.62604020,0.00434370
1623844667536000,1,147.18219689,0.00434370
1623844667562000,1,31.60000000,0.00434370
1623844668426000,1,147.17776940,0.00434370
1623844701570000,1,40.18114000,0.00434370
1623844704092000,1,0.00000951,0.00434370
1623844926290000,1,5.42260000,0.00432954
1623844926347000,1,1.73615991,0.00432954
1623844926483000,1,17.90168858,0.00432890
1623845001300000,0,0.12300000,0.00433000
1623845001506000,0,0.00007200,0.00433000
1623845159485000,0,7.18245822,0.00432392
1623845159485000,0,17.95534178,0.00432392
1623845159499000,0,0.00014454,0.00432392
1623845160119000,0,5.04530000,0.00432519
1623845160284000,0,2.13690000,0.00432518
1623845234852000,0,0.47794702,0.00432379
1623845306332000,1,7.45000000,0.00432400
1623845306962000,1,492.55000000,0.00432400
1623845521540000,1,82.99000000,0.00432180
1623845523549000,1,88.87000000,0.00432180
1623845537916000,1,209.51000000,0.00432180
1623845538133000,1,31.60000000,0.00432180
1623845542327000,1,8.94000000,0.00432180
1623845544810000,1,49.04370000,0.00432180
1623845544851000,1,14.38458528,0.00432180
1623845544859000,1,7.40580343,0.00432180
1623845544903000,1,7.25591129,0.00432180
1623845862921000,0,7.18570000,0.00432311
1623845862978000,0,0.00000931,0.00432311
1623845862978000,0,7.18570931,0.00432340
1623845863482000,0,46.70355384,0.00432485
1623845863482000,0,7.18557567,0.00432485
1623845863482000,0,1.68097049,0.00432485
1623845999114000,0,0.20858120,0.00432582
1623846015694000,0,1.07695800,0.00432948
1623846037068000,0,0.20529800,0.00433020
1623846130417000,0,0.22700000,0.00433113
1623846140324000,0,7.90000000,0.00433373
1623846140324000,0,4.22793800,0.00433410
1623846360679000,0,0.13903300,0.00433765
1623846580855000,1,0.13134300,0.00433076
1623846613312000,1,148.49514115,0.00433075
1623846613661000,1,0.35000000,0.00433075
1623846613815000,1,62.75560000,0.00433075
1623846616489000,1,19.54880000,0.00433075
1623846616558000,1,14.00000000,0.00433075
1623846616672000,1,76.10364124,0.00433075
1623846620500000,1,9.34713540,0.00433075
1623846620957000,0,7.90000000,0.00433135
1623846621615000,0,7.18789000,0.00433157
1623846632574000,1,0.64668802,0.00433075
1623846634572000,1,7.36762424,0.00433075
1623846635161000,1,0.99312803,0.00433075
1623846635952000,0,7.19566000,0.00433207
1623846636310000,0,0.00000940,0.00433207
1623846636310000,0,17.98800060,0.00433229
1623846766514000,0,0.05247100,0.00433378
1623846766749000,0,0.44727500,0.00433378
1623846766942000,0,0.81874100,0.00433378
1623846792184000,0,7.18230640,0.00433205
1623846792184000,0,16.81769360,0.00433205
1623846809081000,1,0.27994700,0.00433097
1623846913119000,1,43.00000000,0.00433075
1623846913178000,1,21.27156000,0.00433075
1623846913182000,1,8.88840371,0.00433075
1623846913257000,1,80.06541186,0.00433075
1623846913432000,1,7.16686635,0.00433075
1623846914631000,0,0.51793200,0.00433052
1623847163445000,0,0.20830100,0.00433499
1623847207433000,0,0.13887500,0.00433713
1623847273009000,0,7.90000000,0.00433730
1623847273009000,0,4.71396000,0.00433804
1623847673411000,1,5.13533100,0.00432977
1623848682187000,0,2.22292235,0.00432774
1623849142711000,0,1.33544524,0.00432151
1623849269831000,1,7.20367419,0.00430870
1623849270341000,1,53.47519078,0.00430722
1623849271207000,1,7.90000000,0.00430039
1623849271577000,1,3.18387507,0.00429902
1623849271584000,1,4.01970941,0.00429902
1623849271584000,1,0.38997780,0.00429902
1623849274219000,0,5.63300000,0.00431081
1623849274332000,0,1.57977389,0.00431081
1623849431844000,0,1.90000000,0.00431060
1623849431844000,0,0.24613800,0.00431061
1623849741741000,0,4.20820700,0.00432285
1623849825564000,0,0.06967500,0.00431872
1623849872949000,0,7.13723622,0.00432055
1623849872949000,0,17.84234883,0.00432055
1623850071598000,1,30.61250000,0.00430502
1623850072281000,1,7.13686057,0.00430414
1623850072281000,1,7.02969451,0.00430379
1623850072297000,1,10.81366041,0.00430379
1623850483917000,0,0.19152400,0.00430813
1623850495957000,0,1.90000000,0.00430871
1623850495957000,0,1.10000000,0.00430872
1623850857867000,1,32.56000000,0.00430900
1623850890938000,1,73.27000000,0.00430900
1623850892153000,1,147.88605954,0.00430900
1623850893093000,1,246.28000000,0.00430900
1623850899050000,1,0.00394046,0.00430900
1623852157203000,1,0.06969200,0.00431000
1623852646388000,0,0.35000000,0.00430576
1623853113058000,0,1.01448700,0.00430868
1623853308154000,0,0.04921800,0.00430737
1623853751199000,0,0.10234500,0.00430859
1623853820929000,1,0.06965900,0.00431000
1623854462797000,1,500.00000000,0.00430595
1623854462797000,1,1.08000000,0.00430595
1623854519058000,1,0.00225579,0.00430595
1623854599658000,0,15.27312000,0.00430718
1623854777273000,0,9.99460000,0.00431438
1623854835681000,0,0.00001401,0.00431438
1623855057215000,1,1.06221200,0.00431209
1623855080381000,1,0.04907600,0.00431372
1623855363395000,1,500.00000000,0.00430360
1623855660856000,0,0.07349119,0.00429553
1623856128403000,0,0.31153700,0.00429999
1623856167793000,1,21.07000000,0.00429500
1623856169900000,1,478.93000000,0.00429500
1623856567641000,0,0.07880882,0.00431277
1623857199786000,1,0.35000000,0.00430700
1623857199826000,1,16.27312000,0.00430700
1623857199872000,1,150.10212294,0.00430700
1623857200118000,1,24.23982209,0.00430700
1623857200167000,1,17.76358471,0.00430700
1623857200199000,1,8.89250058,0.00430700
1623857200223000,1,4.27361304,0.00430700
1623857200274000,1,8.98717008,0.00430700
1623857200322000,1,23.82645091,0.00430700
1623857200378000,1,9.10341997,0.00430700
1623857200416000,1,236.18819568,0.00430700
1623857213056000,0,7.27211000,0.00430601
1623857233273000,1,1.90000000,0.00430434
1623857233273000,1,7.90000000,0.00430433
1623857233273000,1,7.94728200,0.00430412
1623857955180000,1,1.90000000,0.00431245
1623857955180000,1,0.10000000,0.00431244
1623858201077000,1,149.99298884,0.00431144
1623858201086000,1,13.95581657,0.00431144
1623858201107000,1,7.00000000,0.00431144
1623858201153000,1,10.13785226,0.00431144
1623858201421000,1,8.39665078,0.00431144
1623858201574000,1,150.01117578,0.00431144
1623858202136000,1,150.01117578,0.00431144
1623858202668000,1,10.49433999,0.00431144
1623858588946000,1,3.23152853,0.00430481
1623858598211000,0,0.34905700,0.00430834
1623858864695000,0,0.15843529,0.00430700
1623859158676000,1,11.99458515,0.00430325
1623859158835000,1,10.34000000,0.00430325
1623859158899000,1,149.93231427,0.00430325
1623859207592000,0,1.90000000,0.00430565
1623859207865000,0,6.00000000,0.00430565
1623859208565000,1,88.06000000,0.00430325
1623859210305000,0,1.90000000,0.00430383
1623859211448000,1,6.05080845,0.00430325
1623859212572000,0,1.90000000,0.00430525
1623859212591000,1,2.48000000,0.00430346
1623859212679000,0,7.26120000,0.00430595
1623859213470000,1,1.06000000,0.00430325
1623859213474000,1,1.49414703,0.00430325
1623859215076000,1,1.79590000,0.00430325
1623859216805000,1,43.00000000,0.00430325
1623859216807000,1,8.47616942,0.00430325
1623859216864000,1,7.26120000,0.00430325
1623859216906000,1,15.60516416,0.00430325
1623859216917000,1,5.20396302,0.00430325
1623859216939000,1,43.00000000,0.00430325
1623859217018000,1,10.07211000,0.00430325
1623859217048000,1,96.65363850,0.00430325
1623859225949000,0,7.27554857,0.00430207
1623859225949000,0,7.27517536,0.00430209
1623859225949000,0,18.18693539,0.00430210
1623859280042000,0,0.70436800,0.00430598
1623859488681000,1,4.43551266,0.00430080
1623859490769000,1,32.73750000,0.00430080
1623859566685000,1,76.52672516,0.00430080
1623859568185000,1,35.73000000,0.00430080
1623859570273000,1,147.53000000,0.00430080
1623859581967000,1,0.93008753,0.00430080
1623859582223000,1,14.00437127,0.00430080
1623859582612000,1,6.05873489,0.00430080
1623859594619000,0,1.90000000,0.00430145
1623859699715000,1,5.68830001,0.00430080
1623859766022000,1,3.99000000,0.00430080
1623859767254000,1,83.09000000,0.00430080
1623859767258000,1,87.37000000,0.00430080
1623859768243000,1,1.90000000,0.00430080
1623859768457000,1,0.00876848,0.00430080
1623860000843000,0,0.06983800,0.00429602
1623860000954000,0,0.11411400,0.00429602
1623860072711000,1,10.40261803,0.00428745
1623860074179000,1,4.45844334,0.00428745
1623860076658000,1,4.45876238,0.00428745
1623860077869000,1,4.45872916,0.00428745
1623860079179000,1,4.45872916,0.00428745
1623860079671000,1,2.59913842,0.00428745
1623860081177000,1,4.45872916,0.00428745
1623860083949000,0,0.07118500,0.00428906
1623860099729000,0,10.40458000,0.00428826
1623860099802000,0,0.00000169,0.00428826
1623860105116000,0,7.42000000,0.00428977
1623860105237000,0,0.00220286,0.00428977
1623860210858000,1,1.90000000,0.00428746
1623860210858000,1,0.27366500,0.00428745
1623860294343000,0,4.23405800,0.00428985
1623860376807000,0,0.35000000,0.00428985
1623860376817000,0,5.00804240,0.00428985
1623860791211000,1,0.35000000,0.00428745
1623860808139000,1,5.98593017,0.00428745
1623860810840000,1,18.00000000,0.00428745
1623860810914000,1,0.78009941,0.00428745
1623860810936000,1,439.31515577,0.00428745
1623861357387000,1,0.94965000,0.00428731
1623861451288000,1,0.63691700,0.00428565
1623862156468000,1,150.90423375,0.00428370
1623862183909000,1,150.88999864,0.00428370
1623862184466000,1,150.93832557,0.00428370
1623862184963000,1,47.26744204,0.00428370
1623862452914000,1,0.16304364,0.00428560
1623862547766000,1,0.36665200,0.00428558
1623862937987000,1,7.34400143,0.00427014
1623862938175000,1,18.36067618,0.00426993
1623862938175000,1,24.63932382,0.00426993
1623862966335000,0,7.34000000,0.00427277
1623862983964000,0,0.35000000,0.00427276
1623862984140000,0,1.55000000,0.00427276
1623862984338000,0,1.55000000,0.00427276
1623862984393000,0,0.35000000,0.00427276
1623862993353000,0,0.00914840,0.00427277
1623862993353000,0,31.59085160,0.00427465
1623862993386000,0,15.17920000,0.00427465
1623862993535000,0,0.99262572,0.00427465
1623863674530000,0,7.28985000,0.00428095
1623863687346000,1,1.04892700,0.00427662
1623864525546000,1,0.12583400,0.00428636
1623864840815000,0,0.07076500,0.00429109
1623864903890000,1,1.30953900,0.00428566
1623864987989000,0,0.07085400,0.00428479
1623865256345000,0,6.35353900,0.00428979
1623866122631000,0,0.22562200,0.00429416
1623866180996000,1,149.65458389,0.00428799
1623866181056000,1,0.35000000,0.00428799
1623866181221000,1,7.00000000,0.00428799
1623866181260000,1,49.32170000,0.00428799
1623866183629000,1,149.67708289,0.00428799
1623866183802000,1,13.47093747,0.00428799
1623866184241000,1,130.52000000,0.00428799
1623866263636000,0,1.90000000,0.00428815
1623866263636000,0,6.00000000,0.00428816
1623866268971000,1,0.00569575,0.00428799
1623866418029000,0,0.61450100,0.00428419
1623866454465000,0,6.28320000,0.00429740
1623866454488000,0,0.93973920,0.00429740
1623866454488000,0,18.05609271,0.00429740
1623866454845000,0,18.05440000,0.00429829
1623866455230000,0,7.22150000,0.00429829
1623866538305000,1,500.00000000,0.00429001
1623866538305000,1,0.07000000,0.00429000
1623866548691000,1,0.00148000,0.00429000
1623866593717000,0,7.90000000,0.00427526
1623866597303000,1,0.49000000,0.00427005
1623866597303000,1,1.05344400,0.00426988
1623866629753000,0,7.90000000,0.00427063
1623866817379000,0,0.05688409,0.00428838
1623866834841000,1,0.06085600,0.00428044
1623866838850000,1,0.26587500,0.00428087
1623867027764000,1,2.28627384,0.00429725
1623867034239000,0,7.19820458,0.00430217
1623867034239000,0,17.99434165,0.00430217
1623867034239000,0,31.59995377,0.00430218
1623867034315000,0,10.15304623,0.00430218
1623867035061000,0,17.98843258,0.00430591
1623867035061000,0,7.19657496,0.00430591
1623867035061000,0,46.76746063,0.00430591
1623867035061000,0,0.49000000,0.00430592
1623867035618000,0,7.19657496,0.00430840
1623867035618000,0,17.98843258,0.00430840
1623867035618000,0,46.76746063,0.00430840
1623867040617000,1,1.90000000,0.00431383
1623867040723000,0,2.10000000,0.00431375
1623867058070000,0,0.09294837,0.00432104
1623867058070000,0,7.40301163,0.00432105
1623867058548000,0,0.09294887,0.00432105
1623867063033000,1,0.50000000,0.00431817
1623867064034000,1,0.09000000,0.00431755
1623867064468000,1,7.81000000,0.00431755
1623867066467000,1,6.50063000,0.00431458
1623867066942000,1,1.39937000,0.00431458
1623867083552000,1,7.90000000,0.00431521
1623867099919000,0,12.88910000,0.00431521
1623867100120000,0,0.00000715,0.00431521
1623867131691000,1,7.90000000,0.00430732
1623867276707000,0,0.31933500,0.00431356
1623867302924000,0,7.90000000,0.00431343
1623867664915000,1,6.31841332,0.00432471
1623867768705000,1,378.13000000,0.00433005
1623867770303000,1,9.00713555,0.00433005
1623867770322000,1,8.97565150,0.00433005
1623867770329000,1,9.03861959,0.00433005
1623867771400000,1,8.90425716,0.00433005
1623867771568000,1,9.11288815,0.00433005
1623867772773000,1,8.99853074,0.00433005
1623867772775000,1,9.02373671,0.00433005
1623867772776000,1,9.03453927,0.00433005
1623867773903000,1,9.02138613,0.00433005
1623867773903000,1,9.05917015,0.00433005
1623867773907000,1,8.93772150,0.00433005
1623867775006000,1,8.89924880,0.00433005
1623867775012000,1,8.86662908,0.00433005
1623867775020000,1,4.99048567,0.00433005
1623867780216000,0,9.00000000,0.00432735
1623867965898000,1,14.99781052,0.00433010
1623868089758000,0,2.98558700,0.00433536
1623868368718000,1,7.90000000,0.00433157
1623868368779000,1,7.05578319,0.00433157
1623868368779000,1,0.84421681,0.00433001
1623868375506000,1,7.20878175,0.00433159
1623868375506000,1,0.69121825,0.00433158
1623868378681000,1,7.90000000,0.00433157
1623868383484000,1,7.21210883,0.00433040
1623868383484000,1,0.68789117,0.00433040
1623868384023000,1,7.90000000,0.00433040
1623868389782000,1,7.90000000,0.00433002
1623868391120000,1,11.22210000,0.00433000
1623868394153000,1,7.90000000,0.00432995
1623868402345000,1,7.90000000,0.00432994
1623868406258000,1,7.05652714,0.00432994
1623868406258000,1,0.84347286,0.00432928
1623868413882000,1,7.90000000,0.00432829
1623868899457000,0,0.21145600,0.00433937
1623869081109000,1,0.35974000,0.00433738
1623869243859000,1,11.01070000,0.00432820
1623869244206000,1,31.60000000,0.00432820
1623869248356000,1,67.54000000,0.00432820
1623869248518000,1,162.70000000,0.00432820
1623869248712000,1,92.25000000,0.00432820
1623869248858000,1,60.90610000,0.00432820
1623869248958000,1,31.60000000,0.00432820
1623869250442000,1,42.39000000,0.00432820
1623869250581000,1,0.00320000,0.00432820
1623869817439000,1,1.08658800,0.00432478
1623870064578000,1,1.08650000,0.00434440
1623870067288000,1,4.62000000,0.00434440
1623870293257000,0,0.10184099,0.00434579
1623870568665000,0,0.08473170,0.00434745
1623871037497000,1,3.54000000,0.00433790
1623871037504000,1,37.59000000,0.00433790
1623871037517000,1,225.14000000,0.00433790
1623871037676000,1,233.73000000,0.00433790
1623871148135000,0,14.00000000,0.00433928
1623871148135000,0,1.90000000,0.00434036
1623871148135000,0,18.33500000,0.00434111
1623871148135000,0,7.12079047,0.00434155
1623871148135000,0,11.25941253,0.00434156
1623871480560000,0,1.90000000,0.00433125
1623871480560000,0,3.19004100,0.00433126
1623871779957000,0,0.08300000,0.00434002
1623871780655000,0,0.00092473,0.00434002
1623871972434000,1,7.90000000,0.00434574
1623871972434000,1,2.11970152,0.00434552
1623872018445000,0,41.55000000,0.00435021
1623872107678000,1,7.90000000,0.00434917
1623872107678000,1,50.37611200,0.00434895
1623872228542000,1,0.10452300,0.00435607
1623872380957000,0,7.08580000,0.00436229
1623872390898000,1,12.71450000,0.00436198
1623872476561000,0,0.26700000,0.00436000
1623872608285000,1,3.59635056,0.00435858
1623872769712000,0,7.08240000,0.00436113
1623872769885000,0,0.00008078,0.00436113
1623872769885000,0,17.70541922,0.00436137
1623872769958000,0,0.00013661,0.00436137
1623872804397000,0,7.09645838,0.00436196
1623872804397000,0,17.74034162,0.00436196
1623872807946000,0,0.00015642,0.00436196
1623872807946000,0,0.08070535,0.00436377
1623872840590000,1,3.59630000,0.00436087
1623873155451000,0,0.11904890,0.00436036
1623873776486000,1,0.35000000,0.00436515
1623873799176000,1,31.60000000,0.00436515
1623873990192000,1,0.70000000,0.00436515
1623874123029000,1,0.34380751,0.00436866
1623874293479000,1,0.05221100,0.00436515
1623874294395000,1,219.23000000,0.00436515
1623874294801000,1,66.66030000,0.00436515
1623874295310000,1,159.99000000,0.00436515
1623874295408000,1,21.41748900,0.00436515
1623874536813000,1,0.46332000,0.00434895
1623874605468000,1,8.13107400,0.00434895
1623874900566000,1,0.15492700,0.00436069
1623875279787000,0,0.48643500,0.00436430
1623875388373000,0,0.48729300,0.00436173
1623876451732000,1,148.45648048,0.00434895
1623876451754000,1,14.84564805,0.00434895
1623876452257000,1,148.46241029,0.00434895
1623876468569000,1,129.26495518,0.00434895
1623876656499000,0,0.58174400,0.00435469
1623876875606000,1,0.10000000,0.00435127
1623877256225000,1,1.90000000,0.00435477
1623877256225000,1,7.90000000,0.00435476
1623877256225000,1,14.89960040,0.00435454
1623877256225000,1,5.30039960,0.00435372
1623877860922000,1,0.30684695,0.00434240
1623878664754000,0,14.89880000,0.00433598
1623879233541000,1,14.86679090,0.00434151
1623879233541000,1,7.13834059,0.00434028
1623879233541000,1,1.79996851,0.00434028
1623879264108000,0,1.39725900,0.00434285
1623879272485000,0,1.41372619,0.00434285
1623879423232000,0,2.10823889,0.00434363
1623879429294000,0,3.16235834,0.00434404
1623879480316000,0,3.16235835,0.00434500
1623879609491000,0,11.24394076,0.00436045
1623879851157000,1,7.13639488,0.00434856
1623879868226000,1,7.14595377,0.00434114
1623879868226000,1,17.84196708,0.00434114
1623880884240000,1,0.07922500,0.00433535
1623881484581000,0,4.00401800,0.00434898
1623881531276000,1,1.95000000,0.00434227
1623882284849000,0,0.70568135,0.00434625
1623883904581000,1,0.12536700,0.00432573
1623884177445000,0,2.21638400,0.00432943
1623884576046000,0,0.09353900,0.00432683
1623884581665000,1,7.20310000,0.00432191
1623884581667000,1,0.00006155,0.00432191
1623884581667000,1,1.70563845,0.00432169
1623884581749000,1,5.49752310,0.00432169
1623885076970000,0,0.07083100,0.00432433
1623885428133000,0,7.23830000,0.00433588
1623885428215000,0,0.00005324,0.00433588
1623885428215000,0,7.23824676,0.00433611
1623885464810000,1,5.56081500,0.00433270
1623885594335000,1,0.24080200,0.00432883
1623886014666000,0,0.31089878,0.00433493
1623886332184000,0,0.18282000,0.00433332
1623886783195000,0,0.28313800,0.00433315
1623887316112000,0,0.05005859,0.00433491
1623887333636000,0,0.49513300,0.00433490
1623887667173000,0,0.14997891,0.00433861
1623888291929000,0,0.05196100,0.00434100
1623888291929000,0,9.05196976,0.00434464
1623888291929000,0,1.90000000,0.00434512
1623888291929000,0,7.22360102,0.00434540
1623888291929000,0,18.05854968,0.00434540
1623888291929000,0,15.05739154,0.00434541
1623888291929000,0,19.99700000,0.00434553
1623888291929000,0,26.17467649,0.00434601
1623888412994000,1,0.56700000,0.00434578
1623888473432000,0,1.42260000,0.00435274
1623888474209000,0,0.00001733,0.00435274
1623888474209000,0,1.06688267,0.00435303
1623888505058000,0,0.00008033,0.00435303
1623888527486000,1,6.29814903,0.00435330
1623888528043000,1,2.30185097,0.00435330
1623888528043000,1,1.90000000,0.00435330
1623888528043000,1,2.09629806,0.00435294
1623888606449000,1,6.29665505,0.00435638
1623888607197000,1,1.90000000,0.00435685
1623888607197000,1,4.39665505,0.00435684
1623888608608000,1,1.90000000,0.00435739
1623888608608000,1,8.07500033,0.00435738
1623888608609000,0,3.20080000,0.00436000
1623888609277000,1,1.90000000,0.00435762
1623888609277000,1,5.07485168,0.00435761
1623889034573000,0,8.10742000,0.00435761
1623889067365000,0,0.00000443,0.00435761
1623889120365000,1,0.05997000,0.00435759
1623889159907000,0,0.00008901,0.00436000
1623889390879000,0,7.15885682,0.00435937
1623889390879000,0,17.89634318,0.00435937
1623889391076000,0,0.00006607,0.00435937
1623889391513000,0,34.40000000,0.00436065
1623889988783000,1,0.23190100,0.00436597
1623890263517000,0,8.60000000,0.00436858
1623890263517000,0,1.90000000,0.00436858
1623890263517000,0,3.56526400,0.00436880
1623890349797000,0,0.20885000,0.00436485
1623892176474000,1,0.07646400,0.00437022
1623892802707000,1,0.06376600,0.00436456
1623893520732000,1,0.96923000,0.00436616
1623894251740000,1,0.63915500,0.00437478
1623895396902000,1,0.19866600,0.00437123
1623895467643000,1,1.90000000,0.00437174
1623895467643000,1,6.97311500,0.00437124
1623895842660000,1,0.10000000,0.00438203
1623896222657000,1,0.05026300,0.00437823
1623898071471000,1,1.31248600,0.00439855
1623898226990000,0,8.60000000,0.00439390
1623898226990000,0,14.66915008,0.00439412
1623898226990000,0,8.60000000,0.00439450
1623898226990000,0,2.60425992,0.00439509
1623899942564000,1,0.32095000,0.00440404
1623900180127000,1,1.90000000,0.00440148
1623900180127000,1,4.30047233,0.00440147
1623901088632000,0,8.60000000,0.00439540
1623902216411000,0,30.55110000,0.00440761
1623902234144000,0,0.00002224,0.00440761
1623902766335000,0,0.54000000,0.00439456
1623902766440000,0,0.00481354,0.00439456
1623903661019000,1,0.04598300,0.00439721
1623904460334000,1,1.86136600,0.00440010
1623904494012000,1,0.24702900,0.00439957
1623906972890000,0,7.02579324,0.00439899
1623906972890000,0,7.61520676,0.00439900
1623906973015000,0,9.94919927,0.00439900
1623907026598000,1,0.13636700,0.00440390
1623907730299000,0,0.57738400,0.00440460
1623907985579000,1,0.07585100,0.00441049
1623908658489000,1,8.98670000,0.00441030
1623908681094000,1,34.40000000,0.00441030
1623908701849000,1,49.00000000,0.00441030
1623908702213000,1,57.66490000,0.00441030
1623908702328000,1,3.31000000,0.00441030
1623908702510000,1,22.71000000,0.00441030
1623908702646000,1,69.03000000,0.00441030
1623908702768000,1,161.12000000,0.00441030
1623908703024000,1,21.00000000,0.00441030
1623908703257000,1,25.60996000,0.00441030
1623908704369000,1,8.53000000,0.00441030
1623908705578000,1,21.62000000,0.00441030
1623908706401000,1,17.01000000,0.00441030
1623908716397000,1,0.00844000,0.00441030
1623908978936000,0,0.90368700,0.00440634
1623909082248000,1,1.00000700,0.00440290
1623909205293000,1,18.86000000,0.00440290
1623909210587000,1,1.22527000,0.00440290
1623909253469000,1,7.51731480,0.00440290
1623909253560000,1,8.71134703,0.00440290
1623909253587000,1,14.54798472,0.00440290
1623909253677000,1,0.90000000,0.00440290
1623909253852000,1,2.01000000,0.00440290
1623909253859000,1,5.79998828,0.00440290
1623909301470000,1,4.10000000,0.00440290
1623909301968000,1,4.50000000,0.00440290
1623909399322000,0,4.82350000,0.00440555
1623909442866000,0,0.00008916,0.00440555
1623910064358000,1,0.36007500,0.00440996
1623910494089000,1,0.79942000,0.00440910
1623910695270000,0,0.07527000,0.00441200
1623910695270000,0,0.49473000,0.00441200
1623910942616000,1,4.82350000,0.00440910
1623910943329000,1,3.49000000,0.00440910
1623910943332000,1,4.64000000,0.00440910
1623910944244000,1,129.44000000,0.00440910
1623910944281000,1,145.72403401,0.00440910
1623910945292000,1,34.12000000,0.00440910
1623910946401000,1,3.41000000,0.00440910
1623910947294000,1,1.47000000,0.00440910
1623910948323000,1,1.47000000,0.00440910
1623910948504000,1,0.76000000,0.00440910
1623911006458000,0,0.00527000,0.00441200
1623911156836000,1,24.00000000,0.00440910
1623911157250000,1,145.85000000,0.00440910
1623911157732000,1,0.00304599,0.00440910
1623911176167000,1,63.00000000,0.00440290
1623911176330000,1,367.82000000,0.00440290
1623911176333000,1,0.00808817,0.00440290
1623911178133000,0,1.90000000,0.00440290
1623911200328000,0,8.60000000,0.00440475
1623911267318000,1,0.12773100,0.00439933
1623912244582000,1,2.06218300,0.00438834
1623912328093000,1,14.52342935,0.00439544
1623912328093000,1,8.60000000,0.00439417
1623912328093000,1,14.52327068,0.00439395
1623912328093000,1,1.90000000,0.00439365
1623912328093000,1,6.95823670,0.00439274
1623912328093000,1,17.39598190,0.00439274
1623912328093000,1,8.60000000,0.00439273
1623912328093000,1,45.23393474,0.00439175
1623912328093000,1,6.74967318,0.00439174
1623913195636000,1,9.88620000,0.00438880
1623913201409000,1,114.90000000,0.00438880
1623913201802000,1,1.90000000,0.00438880
1623913201957000,1,12.00000000,0.00438880
1623913202493000,1,91.50000000,0.00438880
1623913202834000,1,145.06544826,0.00438880
1623913202839000,1,3.61688173,0.00438880
1623913202865000,1,10.48739575,0.00438880
1623913202931000,1,11.29166386,0.00438880
1623913203143000,1,1.39137668,0.00438880
1623913203145000,1,1.50526784,0.00438880
1623913203181000,1,8.76785506,0.00438880
1623913203200000,1,2.49753150,0.00438880
1623913203240000,1,7.93752833,0.00438880
1623913203311000,1,2.73487190,0.00438880
1623913203349000,1,8.10090875,0.00438880
1623913203371000,1,5.70000000,0.00438880
1623913203486000,1,1.33940000,0.00438880
1623913203548000,1,6.80810574,0.00438880
1623913203560000,1,8.71460000,0.00438880
1623913203581000,1,11.71880000,0.00438880
1623913203616000,1,4.49069999,0.00438880
1623913203617000,1,0.99999999,0.00438880
1623913203623000,1,26.64546462,0.00438880
1623913291429000,1,0.12478800,0.00439694
1623913337410000,1,0.40589600,0.00440217
1623913528909000,1,125.33000000,0.00440495
1623913528910000,1,62.25000000,0.00440495
1623913529333000,1,2.25468526,0.00440495
1623913529351000,1,7.08324681,0.00440495
1623913531287000,1,121.78000000,0.00440495
1623913533300000,1,30.66000000,0.00440495
1623913535296000,1,52.18000000,0.00440495
1623913547799000,1,2.32226695,0.00440495
1623913549762000,1,1.15977038,0.00440495
1623913553620000,1,94.98000000,0.00440495
1623913553949000,1,0.00003060,0.00440495
1623913623347000,0,0.60631988,0.00440608
1623913635689000,1,0.12832400,0.00440311
1623913657162000,1,1.00000000,0.00440170
1623913672370000,1,8.60000000,0.00440170
1623913673444000,1,6.94921452,0.00439896
1623913673444000,1,17.37366240,0.00439896
1623913673444000,1,45.16712308,0.00439882
1623913673716000,1,0.00759092,0.00439882
1623914455956000,1,9.72830000,0.00439000
1623914470780000,1,4.28334927,0.00439000
1623914470839000,1,7.83762027,0.00439000
1623914850886000,1,0.69350000,0.00439000
1623914850925000,1,11.63530000,0.00439000
1623914850926000,1,8.35028608,0.00439000
1623914851254000,1,2.55790001,0.00439000
1623914851390000,1,8.63446361,0.00439000
1623914853269000,1,13.79863326,0.00439000
1623914856293000,1,192.88000000,0.00439000
1623914857467000,1,0.96423690,0.00439000
1623914857677000,1,2.27207181,0.00439000
1623914864573000,1,1.45800000,0.00439000
1623914870652000,1,14.47338041,0.00439000
1623914877889000,1,2.81708428,0.00439000
1623914878241000,1,3.27190000,0.00439000
1623914879356000,1,0.74373577,0.00439000
1623914879640000,1,0.98974943,0.00439000
1623914879972000,1,0.74168564,0.00439000
1623914881004000,0,14.47089000,0.00439016
1623914882377000,0,0.00000276,0.00439016
1623914882641000,1,6.16011676,0.00439000
1623914883025000,1,2.53000000,0.00439000
1623914887862000,0,8.60329000,0.00439110
1623914891803000,1,1.70894132,0.00439000
1623914891890000,1,8.60847996,0.00439000
1623914892515000,1,8.59749430,0.00439000
1623914897637000,1,0.88268793,0.00439000
1623914897987000,1,0.70774487,0.00439000
1623914898494000,1,0.93280183,0.00439000
1623914898710000,1,0.72164009,0.00439000
1623914899573000,1,1.54760820,0.00439000
1623914918299000,1,79.76000000,0.00439000
1623914920317000,1,38.11000000,0.00439000
1623914932481000,1,14.46476898,0.00439000
1623914940823000,1,14.46825351,0.00439000
1623914944336000,0,14.46688000,0.00439039
1623915094667000,1,19.54106000,0.00439000
1623915094725000,1,13.12720000,0.00439000
1623915112176000,1,0.00000551,0.00439000
1623916062576000,1,0.28190000,0.00438835
1623916769983000,1,5.00000000,0.00439512
1623917060911000,1,6.25832214,0.00440757
1623917062843000,0,8.60000000,0.00441402
1623917065214000,1,0.88716941,0.00440927
1623917073502000,1,8.60000000,0.00441184
1623917073502000,1,14.42528203,0.00441162
1623917073502000,1,12.64361140,0.00441162
1623917074118000,1,1.78344544,0.00441184
1623917084540000,1,0.48994900,0.00441206
1623917125306000,1,6.25390136,0.00441418
1623917321861000,0,1.65601000,0.00440669
1623917511082000,1,0.07612400,0.00439511
1623918102796000,1,1.98731200,0.00440073
1623918170212000,1,0.12335700,0.00440173
1623918444384000,1,0.26560400,0.00439505
1623918488713000,1,0.65678400,0.00439364
1623918529576000,1,1.02494600,0.00438927
1623919608343000,1,2.27130000,0.00438067
1623919662901000,0,6.93332664,0.00438465
1623919662901000,0,17.33268965,0.00438465
1623919662901000,0,8.64398371,0.00438466
1623919663583000,0,45.06000000,0.00438574
1623919870191000,1,0.04594400,0.00438584
1623919946416000,1,0.17610400,0.00438887
1623920102764000,1,0.07322100,0.00439011
1623920144876000,1,0.04878100,0.00439156
1623920328402000,0,0.81000000,0.00440200
1623920371990000,0,0.00395211,0.00440200
1623920690966000,1,2.14612300,0.00439199
1623921065945000,1,1.90000000,0.00438734
1623921065945000,1,3.06141437,0.00438733
1623921512691000,1,13.59980000,0.00438372
1623921566852000,0,0.17888500,0.00438612
1623921623731000,0,0.27375800,0.00438613
1623921712943000,1,2.85493975,0.00437895
1623921713049000,1,1.36955435,0.00437895
1623921713051000,1,4.37550590,0.00437895
1623921713117000,1,1.08819681,0.00437873
1623921713130000,1,6.41390052,0.00437873
1623921713184000,1,8.49775879,0.00437873
1623921713348000,1,10.86493975,0.00437873
1623921713350000,1,4.72223919,0.00437873
1623921713435000,1,5.74506025,0.00437873
1623921736478000,1,6.95615735,0.00437680
1623921736736000,1,8.61403731,0.00437671
1623921736795000,1,1.37010000,0.00437671
1623921965708000,1,0.99688900,0.00437764
1623922053432000,0,0.07500000,0.00437000
1623922141907000,1,8.86351004,0.00436821
1623922142400000,1,8.81895297,0.00436821
1623922145642000,1,8.75279056,0.00436821
1623922220515000,0,0.27500000,0.00436888
1623922279265000,0,8.60000000,0.00437204
1623922368700000,1,3.43602800,0.00437186
1623922380612000,0,6.94511000,0.00437402
1623922380757000,0,0.00000534,0.00437402
1623922466375000,0,0.00500000,0.00437980
1623922474790000,0,6.93000000,0.00438173
1623922474819000,0,0.00572656,0.00438173
1623922896810000,1,0.11374200,0.00438700
1623922897000000,1,0.35000000,0.00438700
1623922903304000,1,18.00000000,0.00438700
1623922912285000,1,178.81000000,0.00438700
1623922915100000,1,42.43000000,0.00438700
1623922925197000,1,118.48000000,0.00438700
1623922935105000,0,14.49502000,0.00438747
1623922988606000,1,26.35318000,0.00438700
1623922988674000,1,12.00000000,0.00438700
1623922988685000,1,103.46307800,0.00438700
1623923048827000,0,6.93132000,0.00438507
1623923584346000,1,0.87900000,0.00438202
1623923626487000,1,1.85203400,0.00438353
1623923658976000,0,8.60000000,0.00437776
1623924163899000,1,4.98250624,0.00437217
1623924565426000,1,40.00000000,0.00436923
1623924619024000,0,0.27570400,0.00437324
1623924682116000,1,0.10000000,0.00436923
1623924696458000,1,3.62175800,0.00436923
1623925015055000,0,1.90000000,0.00437640
1623925015055000,0,1.63717100,0.00437642
1623925167222000,1,0.17000000,0.00437203
1623925400045000,1,0.56802700,0.00436923
1623925508063000,1,0.14220200,0.00436923
1623925612454000,1,0.89536200,0.00437094
1623925737285000,1,0.54847800,0.00437072
1623926001158000,1,15.00000000,0.00436923
1623926001237000,1,1.53132000,0.00436923
1623926001425000,1,3.48707199,0.00436923
1623926001634000,1,145.36340386,0.00436923
1623926001657000,1,14.01380096,0.00436923
1623926001954000,1,3.46211699,0.00436923
1623926002238000,1,171.06000000,0.00436923
1623926002279000,1,101.65029920,0.00436923
1623926019227000,1,0.37312200,0.00435931
1623926554092000,0,0.78735500,0.00436827
1623926747618000,1,0.09902500,0.00436614
1623926874662000,0,1.08561200,0.00437162
1623926894594000,1,8.03812200,0.00436784
1623926938559000,1,0.45865600,0.00436828
1623926980244000,1,0.14000000,0.00436805
1623927086465000,1,1.90000000,0.00437112
1623927086465000,1,2.02287200,0.00437089
1623927276158000,0,17.38430758,0.00437313
1623927276158000,0,6.95396242,0.00437313
1623927276262000,0,0.00001498,0.00437313
1623927651591000,0,6.95329000,0.00437298
1623928599172000,1,2.47250000,0.00437569
1623928637132000,1,31.29156000,0.00437540
1623928637304000,1,145.69777533,0.00437540
1623928637333000,1,5.14916012,0.00437540
1623928637411000,1,24.00000000,0.00437540
1623928637439000,1,259.00000000,0.00437540
1623928637454000,1,34.86150455,0.00437540
1623928637645000,1,6.94530892,0.00437214
1623928637645000,1,17.05469108,0.00437209
1623928637717000,1,0.30905675,0.00437209
1623928639640000,1,17.33094335,0.00436985
1623928639642000,0,1.90000000,0.00437084
1623928640413000,1,10.05823507,0.00436985
1623928640413000,1,2.17124761,0.00436985
1623928640413000,1,6.63003219,0.00436985
1623928777507000,0,6.95710095,0.00437084
1623928777507000,0,17.39210905,0.00437084
1623928871519000,0,6.95939000,0.00437160
1623928871620000,0,0.00000533,0.00437160
1623928871718000,0,17.39785000,0.00437162
1623928871728000,0,0.00000137,0.00437162
1623928883159000,1,24.60645000,0.00436985
1623928883203000,1,146.07687375,0.00436985
1623928883231000,1,18.00000000,0.00436985
1623928883325000,1,24.00000000,0.00436985
1623928883729000,1,146.11618969,0.00436985
1623928884177000,1,8.00000000,0.00436985
1623928884249000,1,97.01002834,0.00436985
1623928923087000,0,6.97330367,0.00436852
1623928923087000,0,17.43229633,0.00436852
1623928923155000,0,0.00008489,0.00436852
1623928923256000,0,34.40000000,0.00436922
1623929003132000,1,0.55310100,0.00436710
1623929146340000,0,8.60000000,0.00437228
1623929146340000,0,5.34927000,0.00437250
1623929236141000,0,1.07209999,0.00437171
1623929284537000,0,8.60000000,0.00437186
1623929737936000,1,0.37351600,0.00436710
1623929758964000,1,14.00000000,0.00436710
1623929759116000,1,58.80550000,0.00436710
1623929783327000,0,8.60000000,0.00436711
1623929787051000,0,8.60000000,0.00436728
1623929828336000,1,2.09460000,0.00436710
1623929904831000,0,8.60000000,0.00436711
1623929910072000,1,14.62361537,0.00436710
1623929916045000,1,14.62370244,0.00436710
1623929917408000,0,8.60000000,0.00436711
1623929936104000,1,14.62552294,0.00436710
1623929936463000,1,146.26025894,0.00436710
1623929936970000,1,146.25556398,0.00436710
1623929941150000,1,14.62664428,0.00436710
1623929942365000,1,1.83221069,0.00436710
1623929942885000,1,14.62664428,0.00436710
1623929944769000,1,7.78549205,0.00436710
1623929944867000,1,8.47413649,0.00436710
1623929948687000,1,1.40036683,0.00436710
1623929949360000,1,14.62944858,0.00436710
1623929952146000,1,14.62972144,0.00436710
1623929958880000,1,9.77995469,0.00436710
1623931081301000,1,146.40286904,0.00435887
1623931082157000,1,62.22000000,0.00435887
1623931083702000,0,8.60000000,0.00436079
1623931237484000,0,6.98896384,0.00436297
1623931237856000,0,7.10319409,0.00436415
1623931244316000,0,5.31648656,0.00436415
1623931244363000,0,1.67514079,0.00436415
1623931244363000,0,4.44549719,0.00436418
1623931244374000,0,10.19560912,0.00436418
1623931244574000,0,3.89505705,0.00436418
1623931244600000,0,4.79473620,0.00436418
1623931244876000,0,4.06974666,0.00436418
1623931244958000,0,1.73678522,0.00436418
1623931880082000,0,0.35000000,0.00436554
1623931883391000,0,0.35000000,0.00436554
1623931883688000,0,0.00568135,0.00436554
1623932023895000,0,6.98404521,0.00437452
1623932023895000,0,17.45935479,0.00437452
1623932024045000,0,0.00009181,0.00437452
1623932027101000,0,0.09039149,0.00437861
1623932031415000,0,1.90000000,0.00437997
1623932031415000,0,6.97275034,0.00437998
1623932031415000,0,102.66446712,0.00438000
1623932057726000,0,17.86837130,0.00437471
1623932293705000,0,7.03263298,0.00437807
1623932293705000,0,7.68096702,0.00437807
1623932293750000,0,9.89973968,0.00437807
1623932614383000,0,0.56754009,0.00438286
1623932767487000,0,7.01771000,0.00438308
1623932822035000,0,3.26049813,0.00438725
1623932822291000,0,0.00000919,0.00438747
1623932833812000,1,0.13560200,0.00438517
1623933005826000,0,6.66993000,0.00438200
1623933014884000,0,0.00000400,0.00438200
1623933031402000,0,8.60000000,0.00439353
1623933097182000,0,14.72345000,0.00439015
1623933399340000,1,0.12287000,0.00439242
1623933399397000,1,0.12292800,0.00439242
1623933595983000,1,14.68596803,0.00438654
1623933595983000,1,2.11083197,0.00438629
1623933790653000,1,0.57651900,0.00438777
1623933961666000,1,8.60000000,0.00438586
1623933961666000,1,14.71339132,0.00438517
1623933961666000,1,7.01440892,0.00438480
1623933961666000,1,7.01316430,0.00438480
1623933961666000,1,24.34389046,0.00438358
1623934160879000,1,0.32791500,0.00438522
1623934224918000,1,39.15680000,0.00438500
1623934225228000,1,0.35000000,0.00438500
1623934225255000,1,460.49320000,0.00438500
1623935112045000,0,1.54122298,0.00438069
1623935139105000,1,11.40000000,0.00437690
1623935140149000,1,2.81000000,0.00437690
1623935143072000,1,1.42507295,0.00437690
1623935143122000,1,5.17620000,0.00437690
1623935145958000,1,5.98188743,0.00437690
1623935184914000,1,6.45484164,0.00437690
1623935452732000,1,56.04000000,0.00437690
1623935532907000,1,8.68394115,0.00437690
1623935532921000,1,147.72055270,0.00437690
1623935533482000,1,147.72937587,0.00437690
1623935533747000,1,10.75000000,0.00437690
1623935535899000,1,95.82000000,0.00437690
1623935578813000,1,0.00812826,0.00437690
1623935582458000,0,0.69433100,0.00437832
1623936291271000,1,1.07408400,0.00436634
1623936583070000,1,8.60000000,0.00436659
1623936583070000,1,14.77507872,0.00436637
1623936583070000,1,11.58807228,0.00436587
1623936600210000,1,8.60000000,0.00436659
1623936600210000,1,1.05296400,0.00436637
1623937798610000,0,0.05600000,0.00436515
1623937808930000,0,0.00081300,0.00436515
1623937978672000,1,0.17900000,0.00436526
1623938177244000,1,3.24016200,0.00435846
1623938519822000,0,7.06054480,0.00436857
1623938519822000,0,7.06054480,0.00436858
1623938520325000,0,45.89000000,0.00436980
1623938524858000,0,0.54629915,0.00437181
1623938622393000,0,7.09123447,0.00436857
1623938980372000,1,1.90000000,0.00436668
1623938980372000,1,2.10000000,0.00436667
1623939117241000,0,17.71199609,0.00437284
1623939117241000,0,7.08504391,0.00437284
1623939251674000,1,0.14525460,0.00436760
1623939715252000,1,1.54122298,0.00436783
1623939923107000,1,14.12100000,0.00436760
1623939923268000,1,364.12000000,0.00436760
1623939923415000,1,0.05600000,0.00436760
1623939923464000,1,26.15740000,0.00436760
1623939924453000,1,46.55000000,0.00436760
1623939924840000,1,14.82913251,0.00436760
1623939933349000,1,34.02121289,0.00436760
1623939938328000,0,0.35000000,0.00436319
1623939939728000,1,1.90000000,0.00436342
1623939939728000,1,8.60000000,0.00436341
1623939939824000,0,1.90000000,0.00436266
1623939939888000,0,4.82358089,0.00436266
1623939995923000,1,1.90000000,0.00436539
1623939995923000,1,8.60000000,0.00436538
1623939995923000,1,4.27320970,0.00436375
1623939999136000,1,0.73863050,0.00436562
1623940197566000,1,2.04280500,0.00436442
1623940244188000,1,147.17983795,0.00436420
1623940245100000,1,352.82000000,0.00436420
1623940269934000,1,0.44380200,0.00436442
1623940477389000,1,8.00081000,0.00436438
1623940548250000,1,0.35000000,0.00436305
1623940554438000,1,147.59555077,0.00436305
1623940555068000,1,147.60024311,0.00436305
1623940633957000,1,6.94223222,0.00436305
1623940634039000,1,8.95188802,0.00436305
1623940659586000,1,0.07092700,0.00436305
1623940728120000,1,188.48000000,0.00436305
1623941154979000,1,148.00133726,0.00436087
1623941161671000,1,148.00256261,0.00436087
1623941165413000,1,1.59349346,0.00436087
1623941166813000,1,41.69730601,0.00436087
1623941167111000,1,1.12551013,0.00436087
1623941167351000,1,4.09990000,0.00436087
1623941167412000,1,16.10706460,0.00436087
1623941167532000,1,7.80000000,0.00436087
1623941167774000,1,21.00000000,0.00436087
1623941167837000,1,8.87903908,0.00436087
1623941167853000,1,23.00000000,0.00436087
1623941170481000,1,78.69378685,0.00436087
1623941676984000,0,3.30000000,0.00435769
1623941677201000,0,3.75117229,0.00435769
1623941875243000,1,0.24512600,0.00435173
1623941880615000,1,2.77775900,0.00435173
1623942116326000,0,17.60639596,0.00435883
1623942116326000,0,0.08367398,0.00435883
1623942116374000,0,6.95914032,0.00435883
1623942116390000,0,34.40000000,0.00435957
1623942214481000,1,0.72624700,0.00435835
1623942215506000,1,0.76367800,0.00435835
1623942318158000,1,0.15983200,0.00436226
1623942403249000,1,0.72228900,0.00436131
1623943766469000,0,1.73300300,0.00435719
1623943787410000,1,8.60000000,0.00435201
1623943787410000,1,11.00041000,0.00435179
1623943865219000,1,0.05093600,0.00435179
1623944964464000,0,0.14270800,0.00435317
1623945228587000,0,0.38086700,0.00435193
1623945293325000,1,0.29938767,0.00434291
1623945493198000,1,1.90000000,0.00434788
1623945493198000,1,8.60000000,0.00434787
1623945493198000,1,7.00706485,0.00434694
1623945493198000,1,14.73169534,0.00434693
1623945493198000,1,7.00716170,0.00434677
1623945493198000,1,20.66200000,0.00434676
1623945493198000,1,8.83233808,0.00434631
1623945493198000,1,47.90000000,0.00434590
1623945493198000,1,7.94909946,0.00434586
1623945539352000,1,1.90000000,0.00434858
1623945539352000,1,8.60000000,0.00434857
1623945539352000,1,14.73562989,0.00434835
1623945539352000,1,8.60000000,0.00434810
1623945539352000,1,83.17642000,0.00434788
1623945539352000,1,7.57730954,0.00434741
1623945610696000,0,7.01645739,0.00434975
1623945610696000,0,17.53840499,0.00434975
1623945653777000,1,0.69123100,0.00435047
1623945658305000,1,31.00000000,0.00435047
1623945658359000,1,17.13993330,0.00435047
1623945820282000,0,5.40799969,0.00435077
1623945917176000,1,0.14270800,0.00435024
1623946386216000,0,0.06972200,0.00435600
1623946392624000,0,0.06000000,0.00435600
1623946542735000,0,0.00079300,0.00435600
1623946729608000,0,24.90000000,0.00436131
1623946729838000,0,0.00695679,0.00436131
1623946855599000,0,0.37000000,0.00436300
1623946856185000,0,0.00335100,0.00436300
1623946997514000,0,0.23473600,0.00435944
1623947305042000,1,7.07825899,0.00435297
1623947305042000,1,0.97144101,0.00435297
1623947305137000,1,16.72468240,0.00435297
1623947305137000,1,17.67531760,0.00435279
1623948621579000,0,1.90000000,0.00434228
1623948621579000,0,47.90000000,0.00434390
1623948621579000,0,7.13430445,0.00434464
1623948621579000,0,17.83537837,0.00434464
1623948621579000,0,15.00076947,0.00434523
1623948621579000,0,41.99900000,0.00434546
1623948621579000,0,46.36692099,0.00434591
1623948621579000,0,8.94196162,0.00434592
1623948621579000,0,0.49000000,0.00434696
1623948621579000,0,14.99587991,0.00434756
1623948621579000,0,51.00000000,0.00434900
1623948621579000,0,0.48000000,0.00434913
1623948621579000,0,245.95578519,0.00435000
1623948730850000,1,38.57200000,0.00433965
1623948742031000,1,0.06000000,0.00433965
1623948747775000,1,14.98116411,0.00433965
1623948747918000,1,26.00000000,0.00433965
1623948749433000,1,116.62258943,0.00433965
1623948749481000,1,10.37157415,0.00433965
1623948749541000,1,6.45342392,0.00433965
1623948752833000,1,3.22671197,0.00433965
1623948770306000,1,1.15543088,0.00433965
1623948771084000,1,2.07431483,0.00433965
1623948773198000,1,2.41954674,0.00433965
1623948773568000,1,28.00000000,0.00433965
1623948773630000,1,2.60649984,0.00433965
1623948773646000,1,2.42356105,0.00433965
1623948773692000,1,2.76300000,0.00433965
1623948773952000,1,2.60000000,0.00433965
1623948774307000,1,5.28888000,0.00433965
1623948774355000,1,4.51666235,0.00433965
1623948774362000,1,3.53324000,0.00433965
1623948774363000,1,8.10000000,0.00433965
1623948775071000,1,150.28552759,0.00433965
1623948775308000,1,2.53532237,0.00433965
1623948780377000,1,2.52348914,0.00433965
1623948780574000,1,0.85199999,0.00433965
1623948780714000,1,2.57100000,0.00433965
1623948780848000,1,1.61678645,0.00433965
1623948781020000,1,1.75000001,0.00433965
1623948781056000,1,3.90000000,0.00433965
1623948781081000,1,1.20000000,0.00433965
1623948781118000,1,3.00000000,0.00433965
1623948784353000,1,2.76576058,0.00433965
1623948784551000,1,45.23151460,0.00433965
1623948868175000,0,1.05610400,0.00433531
1623949040489000,1,0.09107600,0.00432797
1623949237744000,0,1.87609258,0.00431625
1623949255672000,0,7.16417000,0.00431494
1623949255713000,0,0.00000171,0.00431494
1623949255751000,0,7.16437000,0.00431495
1623949273875000,0,0.35000000,0.00431749
1623949456680000,1,8.60000000,0.00431761
1623949456680000,1,2.48123914,0.00431601
1623949742853000,1,8.69110000,0.00431385
1623949774412000,0,7.18777000,0.00431465
1623949789128000,1,150.88072483,0.00431385
1623949789258000,1,103.56000000,0.00431385
1623949789334000,1,0.35000000,0.00431385
1623949789641000,1,15.08776804,0.00431385
1623949789696000,1,150.87768034,0.00431385
1623949790232000,1,70.55272679,0.00431385
1623949855732000,0,0.07101200,0.00431160
1623950004807000,0,7.20487770,0.00431614
1623950005501000,0,7.20571274,0.00431705
1623950005929000,0,0.35000000,0.00431814
1623950182539000,0,6.88579251,0.00432841
1623950182621000,0,0.30204313,0.00432841
1623950323152000,1,0.13264400,0.00431920
1623950442889000,0,0.09000000,0.00434074
1623950443374000,0,4.48369000,0.00434075
1623950444963000,1,0.49000000,0.00433666
1623950702439000,1,14.71250000,0.00435025
1623950960755000,0,4.99706000,0.00436500
1623950960763000,0,0.00000565,0.00436500
1623951057832000,1,0.13958500,0.00436393
1623951097799000,0,4.54200000,0.00437111
1623951097814000,0,2.67445396,0.00437111
1623951097814000,0,1.53704604,0.00437112
1623951098688000,0,3.00500000,0.00437112
1623951120815000,1,0.20003100,0.00436037
1623951231812000,0,0.10990507,0.00436778
1623951237299000,0,0.11540033,0.00437111
1623951237299000,0,0.00004324,0.00437112
1623951559023000,1,1.01593600,0.00436661
1623951577715000,1,5.19610700,0.00436577
1623951694135000,0,7.20394589,0.00437058
1623951694135000,0,15.12755411,0.00437059
1623951694264000,0,7.20194418,0.00437155
1623951694269000,0,3.40000000,0.00437194
1623951694341000,0,1.90000000,0.00437154
1623951694663000,0,7.20564043,0.00437154
1623951694663000,0,7.20394589,0.00437193
1623951844272000,0,7.20208743,0.00437629
1623951844272000,0,3.39791257,0.00437629
1623952124391000,1,1.21580000,0.00437018
1623952264835000,1,0.06200000,0.00437279
1623952816002000,1,0.28800000,0.00437525
1623952816732000,1,42.38030000,0.00437525
1623952816870000,1,216.78000000,0.00437525
1623952817393000,1,4.96599999,0.00437525
1623952817662000,1,2.49000000,0.00437525
1623952817873000,1,22.35000000,0.00437525
1623952818724000,1,151.72172191,0.00437525
1623952818887000,1,17.24000000,0.00437525
1623952819531000,1,41.78397810,0.00437525
1623952820976000,0,0.07092100,0.00437567
1623952884311000,0,8.60000000,0.00437325
1623952984638000,0,0.32024840,0.00437896
1623953048903000,0,1.90000000,0.00437634
1623953048903000,0,4.80000000,0.00437635
1623953241704000,1,0.00035081,0.00437279
1623953242255000,1,109.63000000,0.00437018
1623953248298000,1,11.62401581,0.00437018
1623953248535000,1,1.14468982,0.00437018
1623953250560000,1,27.59706000,0.00437018
1623953250580000,1,26.08000000,0.00437018
1623953250669000,1,19.00000000,0.00437018
1623953250703000,1,8.93745547,0.00437018
1623953250735000,1,22.00000000,0.00437018
1623953250745000,1,152.09437105,0.00437018
1623953250760000,1,8.98977795,0.00437018
1623953251074000,1,9.25520000,0.00437018
1623953251181000,1,5.72344915,0.00437018
1623953251254000,1,96.70818075,0.00437018
1623953267439000,1,8.60000000,0.00436623
1623953267439000,1,3.04422040,0.00436437
1623953640929000,1,0.42000000,0.00437365
1623954105006000,0,15.17992000,0.00437677
1623954164524000,1,9.74420000,0.00437425
1623954241982000,1,151.84931295,0.00437425
1623954242497000,1,151.84141651,0.00437425
1623954252708000,1,21.20000000,0.00437425
1623954255422000,1,14.80000000,0.00437425
1623954256277000,1,150.56507054,0.00437425
1623954256407000,1,1.15156000,0.00437365
1623954257202000,1,400.47000000,0.00437365
1623954263771000,1,97.95844000,0.00437365
1623954734417000,1,35.99194975,0.00436408
1623954734418000,1,9.09756805,0.00436408
1623954734482000,1,152.31031584,0.00436408
1623954734515000,1,15.17992000,0.00436408
1623954734537000,1,42.42024636,0.00436408
1623954734743000,1,2.21727921,0.00436062
1623954734786000,1,2.81020635,0.00436062
1623954734831000,1,1.74192648,0.00436062
1623954734832000,1,0.47535273,0.00436062
1623954734855000,1,7.24446593,0.00436001
1623954734855000,1,9.37700251,0.00435967
1623954734976000,1,37.71390877,0.00435967
1623954735187000,0,47.09091128,0.00435730
1623954735219000,1,0.50000000,0.00435677
1623954735379000,1,6.74476477,0.00435677
1623954735379000,1,7.24446593,0.00435677
1623954736281000,1,5.02718672,0.00435023
1623954736350000,1,3.57281328,0.00435023
1623954736909000,1,4.01843820,0.00434599
1623954737253000,1,2.69999999,0.00434621
1623954737478000,0,1.90000000,0.00434921
1623954737721000,1,5.90000001,0.00434621
1623954742241000,0,1.90000000,0.00434484
1623954752072000,0,7.29850000,0.00434057
1623954752099000,0,0.00000115,0.00434057
1623954752099000,0,8.60000000,0.00434061
1623954752099000,0,6.55689885,0.00434119
1623954752101000,0,11.68408555,0.00434119
1623954752624000,0,7.29665069,0.00434256
1623954754476000,0,17.00000000,0.00434577
1623954754488000,0,23.16547498,0.00434577
1623954758507000,0,7.27916826,0.00435149
1623954758507000,0,7.29664174,0.00435149
1623955025714000,1,1.14844100,0.00435022
1623955211012000,1,25.64480000,0.00434684
1623955267154000,0,8.60000000,0.00434994
1623955267154000,0,7.25245427,0.00435110
1623955267154000,0,16.93451973,0.00435116
1623955454561000,0,4.10719100,0.00434930
1623955506579000,1,0.69576012,0.00435024
1623955506579000,1,0.24118388,0.00435023
1623955640308000,0,7.25019987,0.00434905
1623955640308000,0,1.10870013,0.00434907
1623955640428000,0,17.02255543,0.00434907
1623955736240000,0,0.12390100,0.00435072
1623955974103000,0,0.16100000,0.00434800
1623955989047000,0,0.00090100,0.00434800
1623956008733000,1,8.60000000,0.00434748
1623956008733000,1,9.36654900,0.00434725
1623956062386000,0,1.25206653,0.00435028
1623956555835000,1,0.68377300,0.00434365
1623956576264000,0,1.06873700,0.00434816
1623956657974000,1,1.06873700,0.00434022
1623956782887000,1,0.08600000,0.00436000
1623956789407000,1,0.00061500,0.00436000
1623957466342000,0,0.08055227,0.00435097
1623957523069000,0,1.67356800,0.00434984
1623957574286000,0,7.26024322,0.00434974
1623957609630000,1,7.22240000,0.00435714
1623957609791000,1,0.01701566,0.00435714
1623957609791000,1,18.08398434,0.00435691
1623957662581000,0,0.19039100,0.00435956
1623957864322000,0,7.23835000,0.00435154
1623958180727000,0,0.21083600,0.00435715
1623958358087000,1,8.60000000,0.00434727
1623958358087000,1,6.40000000,0.00434635
1623958508303000,1,0.07500000,0.00434700
1623958508559000,1,8.19890000,0.00434700
1623958526817000,1,19.44094000,0.00434700
1623958526906000,1,19.00000000,0.00434700
1623958526954000,1,152.25327595,0.00434700
1623958526992000,1,15.22482191,0.00434700
1623958527167000,1,60.02630000,0.00434700
1623958527253000,1,225.78076214,0.00434700
1623958601953000,0,0.91072000,0.00434717
1623958668472000,1,9.10663912,0.00433999
1623958688188000,1,152.35751123,0.00433999
1623958688230000,1,15.23575113,0.00433999
1623958688514000,1,15.40813862,0.00433999
1623958688587000,1,6.22121249,0.00433999
1623958688608000,1,14.97699303,0.00433999
1623958690031000,1,167.51000000,0.00433999
1623958707262000,1,18.00000000,0.00433999
1623958713824000,0,7.24755885,0.00434412
1623958713824000,0,7.24458115,0.00434412
1623958718229000,0,8.60000000,0.00434475
1623958718333000,0,3.40000000,0.00434498
1623958732712000,0,7.23159000,0.00435126
1623958982212000,1,0.07834800,0.00434268
1623960074145000,0,0.08779600,0.00435458
1623960206331000,0,7.29671000,0.00435313
1623960407769000,0,8.00000000,0.00436663
1623960623921000,0,8.60000000,0.00436218
1623960623921000,0,5.38797900,0.00436473
1623960861863000,0,7.20954232,0.00436483
1623960861863000,0,0.00035768,0.00436506
1623960862056000,0,7.20950000,0.00436506
1623960862063000,0,0.00004823,0.00436506
1623961372814000,1,1.09999999,0.00434684
1623961373188000,1,1.00000000,0.00434684
1623961398805000,1,3.91066932,0.00434684
1623961400001000,1,1.49996996,0.00434684
1623961471306000,0,18.12901902,0.00434893
1623961471306000,0,7.25185098,0.00434893
1623961486976000,0,15.24403000,0.00434942
1623961612431000,0,0.35000000,0.00434919
1623961758498000,1,8.60000000,0.00434844
1623961758498000,1,1.90000000,0.00434800
1623961758498000,1,3.48797900,0.00434753
1623961835854000,1,7.20950000,0.00435035
1623961835923000,1,30.00000000,0.00435035
1623961835992000,1,36.85524000,0.00435035
1623961836053000,1,16.00000000,0.00435035
1623961836163000,1,14.00000000,0.00435035
1623961836182000,1,0.35000000,0.00435035
1623961836436000,1,2.57478538,0.00435035
1623961836545000,1,2.03720413,0.00435035
1623961836637000,1,15.32631859,0.00435035
1623961836737000,1,2.18416917,0.00435035
1623961836819000,1,1.70135283,0.00435035
1623961838303000,1,8.89429667,0.00435035
1623961877700000,0,15.23558000,0.00435091
1623961905442000,0,0.00000831,0.00435091
1623961905442000,0,17.99999169,0.00435091
1623961923561000,1,19.23558000,0.00435035
1623961923595000,1,152.44442709,0.00435035
1623961923649000,1,14.00000000,0.00435035
1623961924141000,1,152.45140822,0.00435035
1623961924269000,1,15.54208804,0.00435035
1623961924375000,1,9.19362988,0.00435035
1623961935986000,0,7.25094000,0.00435008
1623962105115000,0,0.19161700,0.00435338
1623962189139000,0,7.26362000,0.00434807
1623962189415000,0,0.00000377,0.00434807
1623962189415000,0,7.26321623,0.00434830
1623962200822000,1,5.70133728,0.00434684
1623962200849000,1,11.85005706,0.00434684
1623962207489000,1,5.75317600,0.00434684
1623962208336000,1,14.88789845,0.00434684
1623962208376000,1,75.40000000,0.00434684
1623962208769000,1,26.50000000,0.00434684
1623962209659000,1,152.74860349,0.00434684
1623962216228000,0,7.26305546,0.00434784
1623962216228000,0,18.15732454,0.00434784
1623962239180000,1,152.81499581,0.00434684
1623962240167000,1,25.19816000,0.00434684
1623962240476000,1,21.63513264,0.00434684
1623962293084000,0,7.27722240,0.00434475
1623962293084000,0,18.19240760,0.00434475
1623962293215000,0,0.00000665,0.00434475
1623962317596000,1,1.38156491,0.00434377
1623962317780000,1,3.22365147,0.00434377
1623962317924000,1,2.99339065,0.00434377
1623962317933000,1,11.51304097,0.00434377
1623962317965000,1,1.15130410,0.00434377
1623962318052000,1,4.19074691,0.00434377
1623962318191000,1,3.96126373,0.00434377
1623962544479000,1,152.68727709,0.00434377
1623962544571000,1,18.00000000,0.00434377
1623962544626000,1,19.46963000,0.00434377
1623962544697000,1,10.00000000,0.00434377
1623962544700000,1,5.06573804,0.00434377
1623962544764000,1,6.90782458,0.00434377
1623962544967000,1,3.47693837,0.00434377
1623962601314000,0,5.71920220,0.00434950
1623962768474000,0,7.25525000,0.00435231
1623962768531000,0,0.00000221,0.00435231
1623962768539000,0,18.13548000,0.00435252
1623962768613000,0,0.00000843,0.00435252
1623962776979000,0,7.25029000,0.00435476
1623963339691000,1,0.19893500,0.00435431
1623963501398000,0,7.24336000,0.00435478
1623963501569000,0,0.00000209,0.00435478
1623963501569000,0,7.24319791,0.00435501
1623963573167000,0,6.08267000,0.00435820
1623963675263000,1,0.62870300,0.00435010
1623963732107000,0,4.59185187,0.00435119
1623963942374000,1,1.15081900,0.00435709
1623964579883000,1,7.62737782,0.00435857
1623965021155000,0,0.04748200,0.00437673
1623965049389000,0,0.07695750,0.00437673
1623965049389000,0,0.00000684,0.00437677
1623965107092000,1,0.07907900,0.00437855
1623965117132000,0,0.12262900,0.00438100
1623965117132000,0,0.06203100,0.00438353
1623965177371000,0,0.06203100,0.00437922
1623966277941000,1,4.31714000,0.00436048
1623966298589000,0,3.55883900,0.00436510
1623966879529000,0,1.76864237,0.00436519
1623967057813000,0,16.88803000,0.00436519
1623967066215000,0,0.00000461,0.00436519
1623968559980000,0,0.52534500,0.00437154
1623971074176000,0,15.03330000,0.00436600
1623971074199000,0,0.00003568,0.00436600
1623971295595000,1,4.08527000,0.00436574
1623971296331000,1,0.00000370,0.00436574
1623971480952000,0,0.97120700,0.00436273
1623971495276000,0,14.03000000,0.00436273
1623972130252000,1,9.40000000,0.00436553
1623972130252000,1,5.67499829,0.00436509
1623972597199000,0,1.90000000,0.00437277
1623972597199000,0,8.10000000,0.00437278
1623973039921000,0,0.12256400,0.00438300
1623973039921000,0,7.16014548,0.00438510
1623973040009000,0,15.04810000,0.00438531
1623973040123000,0,3.40000000,0.00438423
1623973040167000,0,0.35000000,0.00438423
1623973040195000,0,2.84974924,0.00438531
1623973040261000,0,7.16006163,0.00438599
1623973040261000,0,0.12265100,0.00438600
1623973040261000,0,30.31728737,0.00438659
1623973040697000,0,7.16006000,0.00438599
1623973040767000,0,0.00000163,0.00438599
1623973040767000,0,16.21624933,0.00438659
1623973042323000,1,1.90000000,0.00438492
1623973042323000,1,4.33342517,0.00438491
1623973383891000,1,1.90000000,0.00438359
1623973383891000,1,4.37544174,0.00438358
1623973735212000,0,4.46446460,0.00438386
1623973874332000,0,0.09955160,0.00438826
1623973874660000,0,7.12248065,0.00439152
1623973874660000,0,17.80577935,0.00439152
1623973875439000,1,1.90000000,0.00438950
1623973875439000,1,4.37296340,0.00438949
1623973875891000,1,1.90000000,0.00438950
1623973875891000,1,4.37296340,0.00438949
1623973940145000,1,7.12180692,0.00438539
1623973940145000,1,17.82106308,0.00438539
