timestamp ms,type,amount,price
1622073682145000,0,10.00000000,0.00507851
1622073762196000,0,0.99000000,0.00507859
1622073768448000,0,0.10000000,0.00508900
1622073835449000,0,124.41420617,0.00512413
1622073835953000,0,105.46715206,0.00512413
1622073837805000,0,35.16200000,0.00513434
1622073868423000,0,15.11104838,0.00514800
1622073928002000,1,15.00000000,0.00514785
1622073943475000,0,271.65000000,0.00515000
1622073943518000,0,271.65000000,0.00515000
1622073960757000,1,7.53000000,0.00513848
1622074007692000,1,0.58542300,0.00511989
1622074019717000,1,1.30000000,0.00511960
1622074019717000,1,1.15576127,0.00511959
1622074047326000,1,6.09684000,0.00511208
1622074108358000,0,0.92952600,0.00511919
1622074216839000,0,0.97620300,0.00513548
1622074392452000,0,70.00000000,0.00517000
1622074395307000,0,5.00000000,0.00517400
1622074405670000,0,3.19672131,0.00518000
1622074407206000,1,0.57329000,0.00517591
1622074413671000,1,1.30000000,0.00518133
1622074413671000,1,3.28560000,0.00518132
1622074440759000,1,6.00884000,0.00517496
1622074475086000,1,6.02703000,0.00516315
1622074489356000,1,12.63236000,0.00515975
1622074532710000,0,1.33870300,0.00515998
1622074580514000,1,1.74691610,0.00515549
1622074665333000,0,0.97817900,0.00514329
1622075091640000,0,0.50256600,0.00511955
1622075249341000,1,1.50000000,0.00509745
1622075302950000,0,1.30000000,0.00509702
1622075302950000,0,33.14213800,0.00509732
1622075369143000,0,0.50000000,0.00507994
1622075477513000,0,1.30000000,0.00505999
1622075477513000,0,0.28102770,0.00506000
1622075477824000,1,0.82564944,0.00505091
1622075478059000,0,1.58102770,0.00505998
1622075626695000,0,1.30000000,0.00503244
1622075680469000,0,4.68820000,0.00501100
1622075754747000,0,51.18800000,0.00502643
1622075769965000,0,28.78499000,0.00503244
1622075770186000,0,0.00000536,0.00503244
1622076117563000,0,0.70000000,0.00501634
1622076475573000,1,12.31639000,0.00502926
1622076941316000,1,6.25145394,0.00502482
1622077329926000,1,0.65966800,0.00501810
1622077470430000,1,0.50000000,0.00503336
1622077473120000,1,0.24893300,0.00503614
1622077687485000,0,6.28413000,0.00501963
1622077812025000,0,6.30000000,0.00501545
1622077912050000,0,12.84000000,0.00500385
1622077919053000,0,0.33471300,0.00499000
1622078068501000,1,13.85517000,0.00498065
1622078107122000,0,13.94000000,0.00499244
1622078107226000,0,0.00738816,0.00499244
1622078352925000,1,0.58964900,0.00497185
1622078470137000,1,2.44341749,0.00496900
1622078499026000,1,6.39000000,0.00496796
1622078511704000,1,0.00375584,0.00496796
1622078563914000,1,90.95779000,0.00494072
1622078564196000,1,6.43704005,0.00494071
1622078564526000,1,41.89171880,0.00493725
1622078576297000,1,6.45703000,0.00492707
1622078603556000,1,37.10600000,0.00493020
1622078603862000,1,6.45598000,0.00492521
1622078604020000,1,0.00000222,0.00492521
1622078604020000,1,6.45598222,0.00492520
1622078617923000,1,16.00000000,0.00493116
1622078665482000,1,0.07133300,0.00494000
1622078667404000,1,1.00000000,0.00493425
1622078877822000,1,42.07151800,0.00490616
1622078878050000,1,42.07151800,0.00490427
1622078878050000,1,50.75813910,0.00490001
1622078878050000,1,0.08067551,0.00490000
1622078878068000,1,7.53823456,0.00489596
1622078904839000,0,37.13200000,0.00492864
1622078948171000,0,14.08000000,0.00493098
1622078948264000,0,0.00243727,0.00493098
1622079063038000,0,4.10000000,0.00492660
1622079063363000,0,12.09000000,0.00492660
1622079063649000,0,0.00034567,0.00492660
1622079155564000,0,6.46608137,0.00492472
1622079155564000,0,16.16088137,0.00492472
1622079223995000,1,6.49000000,0.00490310
1622079224068000,1,0.00146576,0.00490310
1622079224538000,1,13.68703000,0.00490182
1622079465031000,0,0.99000000,0.00492664
1622079479714000,0,1.02000000,0.00493063
1622079481027000,0,0.97000000,0.00493071
1622079555989000,0,45.55666700,0.00494117
1622079567075000,0,0.98000000,0.00494387
1622079656015000,0,48.34454049,0.00494999
1622079656015000,0,19.22545951,0.00495000
1622079726352000,0,0.46033200,0.00494513
1622079995879000,0,17.23000000,0.00494513
1622079995948000,0,0.00155999,0.00494513
1622080332941000,1,13.87000000,0.00491641
1622080349324000,1,0.50000000,0.00491321
1622080394064000,0,0.98000000,0.00489189
1622080413622000,1,1.02000000,0.00489346
1622080413622000,1,0.13000000,0.00489327
1622080437113000,1,0.00795516,0.00489327
1622080437302000,0,9.99204484,0.00489300
1622080471602000,1,0.12568713,0.00488246
1622080482047000,1,3.27000000,0.00488000
1622080483447000,1,0.00868852,0.00488000
1622080507258000,0,41.99000000,0.00488000
1622080529102000,0,13.94680000,0.00489269
1622080609375000,1,51.03426940,0.00487002
1622080609375000,1,38.14400000,0.00486905
1622080617338000,0,0.97000000,0.00486759
1622080629748000,1,0.98000000,0.00483893
1622080629748000,1,0.07000000,0.00483772
1622080630461000,1,1.02000000,0.00483893
1622080630656000,0,0.34033281,0.00485756
1622080630656000,0,0.32748277,0.00486056
1622080646230000,1,0.25535098,0.00483742
1622080650379000,1,20.05800000,0.00483497
1622080650379000,1,0.99000000,0.00483486
1622080650379000,1,5.81629076,0.00483477
1622080661868000,0,0.94000000,0.00485198
1622080704903000,0,0.97000000,0.00485958
1622080704906000,1,0.98000000,0.00486000
1622080704968000,1,0.70000000,0.00486000
1622080704970000,1,9.76393000,0.00486000
1622080715936000,1,5.15896619,0.00485693
1622080715956000,1,1.02000000,0.00485680
1622080716335000,1,6.66120578,0.00485482
1622080727132000,1,6.67900000,0.00483960
1622080727218000,1,0.00000019,0.00483960
1622080748455000,0,0.40000000,0.00485000
1622080965626000,1,1.64554871,0.00488420
1622080966437000,1,0.98000000,0.00488416
1622080966437000,1,0.53650669,0.00488302
1622081033212000,1,37.59800000,0.00490797
1622081168632000,0,11.74000000,0.00492170
1622081168731000,0,0.00503254,0.00492170
1622081185749000,1,12.91825112,0.00490697
1622081192092000,1,12.18515000,0.00490504
1622081207428000,1,14.82000000,0.00490578
1622081207529000,1,0.00181803,0.00490578
1622081404191000,1,0.30138500,0.00489497
1622081431657000,0,1.01000000,0.00491288
1622081630151000,0,13.75000000,0.00492492
1622081779078000,1,1.06080700,0.00490502
1622082034557000,0,1.00000000,0.00491862
1622082034557000,0,1.00000000,0.00492023
1622082034557000,0,4.71647132,0.00492049
1622082248885000,1,13.77937609,0.00490326
1622082248885000,1,0.99062391,0.00490322
1622082248911000,1,0.00937609,0.00490322
1622082349655000,1,51.30000000,0.00489312
1622082349755000,1,0.00747918,0.00489312
1622082440602000,1,1.40000000,0.00490506
1622082440602000,1,2.05553308,0.00490506
1622082953724000,0,42.88000000,0.00490064
1622082956638000,0,0.00700994,0.00490064
1622082958162000,0,12.94000000,0.00490326
1622083068676000,1,1.43804300,0.00491022
1622083106068000,0,2.12498100,0.00492375
1622083196679000,1,13.81847472,0.00490770
1622083196679000,1,0.95152528,0.00490768
1622083214615000,1,88.22558248,0.00489573
1622083214615000,1,96.49441752,0.00489572
1622083328835000,0,0.85166400,0.00489146
1622083370796000,0,13.86000000,0.00489919
1622083384533000,1,0.96000000,0.00489825
1622083384533000,1,3.52517822,0.00489720
1622083471635000,1,13.23000000,0.00489405
1622083608201000,1,1.11913500,0.00490308
1622083941977000,1,7.37170000,0.00489200
1622083942059000,1,0.00000867,0.00489200
1622084068287000,0,0.98959300,0.00487738
1622084185832000,1,0.37167000,0.00490000
1622084255369000,1,0.96493000,0.00490000
1622084916650000,0,0.70000000,0.00486320
1622084917468000,0,0.59575137,0.00486320
1622084925510000,0,6.98000000,0.00485635
1622084925545000,0,0.00100000,0.00485635
1622085238100000,1,2.18780219,0.00486717
1622085350514000,0,1.00000000,0.00488872
1622085350716000,0,6.65000000,0.00488976
1622085350920000,0,0.00139153,0.00488976
1622085441913000,1,1.01000000,0.00486964
1622085441913000,1,46.20444676,0.00486931
1622085441913000,1,1.39555324,0.00486885
1622085474858000,1,43.51000000,0.00486198
1622085474871000,1,0.00169321,0.00486198
1622085476122000,1,43.52000000,0.00486001
1622085476175000,1,0.00448210,0.00486001
1622085573723000,0,93.90000000,0.00486427
1622085576640000,0,0.00121396,0.00486427
1622085576640000,0,1.39878604,0.00486499
1622085576828000,0,0.00121396,0.00486499
1622085576828000,0,11.05557686,0.00486560
1622085588219000,0,6.69000000,0.00487516
1622085588227000,0,0.00828589,0.00487516
1622085589625000,0,14.33000000,0.00487662
1622085784920000,1,1.57614667,0.00489644
1622085913149000,1,0.58113100,0.00489725
1622086051600000,1,93.90000000,0.00489720
1622086054204000,1,0.00121396,0.00489720
1622086054791000,1,1.03000000,0.00489617
1622086104597000,1,6.63727916,0.00487879
1622086104597000,1,16.60192684,0.00487879
1622086107262000,1,8.30000000,0.00487809
1622086108957000,1,0.00754407,0.00487809
1622086108957000,1,0.98245593,0.00487671
1622086111158000,1,1.53000000,0.00487532
1622086111188000,1,6.71879161,0.00487532
1622086112859000,1,13.67000000,0.00487520
1622086144702000,0,37.30000000,0.00488108
1622086144985000,0,5.90000000,0.00488108
1622086145005000,0,0.00881117,0.00488108
1622086146817000,0,75.00000000,0.00488369
1622086148088000,0,43.18000000,0.00488481
1622086150024000,0,0.00515824,0.00488481
1622086170614000,0,0.96000000,0.00488884
1622086174025000,0,93.90000000,0.00488999
1622086181653000,0,8.15000000,0.00489260
1622086190654000,1,16.56000000,0.00488413
1622086190655000,1,0.00826661,0.00488413
1622086194704000,1,43.10000000,0.00488016
1622086197243000,1,0.00912699,0.00488016
1622086211693000,0,0.61685000,0.00488000
1622086211877000,0,0.00000400,0.00488000
1622086216630000,0,6.62000000,0.00489124
1622086221063000,0,0.00843397,0.00489124
1622086221063000,0,0.96000000,0.00489386
1622086221063000,0,1.06000000,0.00489607
1622086221063000,0,6.61143686,0.00489818
1622086221063000,0,1.58165988,0.00489818
1622086221067000,0,10.22153071,0.00489818
1622086221078000,0,4.72475690,0.00489818
1622086221078000,0,5.49677381,0.00489818
1622086221078000,0,10.22153071,0.00489818
1622086221084000,0,10.22153071,0.00489818
1622086221087000,0,4.30657181,0.00489818
1622086236950000,0,13.15823000,0.00490448
1622086248561000,0,1.00000000,0.00490603
1622086248561000,0,0.99000000,0.00490727
1622086248561000,0,2.90940336,0.00490960
1622086289945000,0,14.10889000,0.00491152
1622086302599000,1,1.40000000,0.00490878
1622086304431000,1,0.99000000,0.00490777
1622086310293000,1,0.33562400,0.00490683
1622086319257000,1,1.40000000,0.00490932
1622086321976000,1,1.40000000,0.00490932
1622086321976000,1,6.57959450,0.00490706
1622086321976000,1,0.98000000,0.00490705
1622086321976000,1,13.54503930,0.00490701
1622086321976000,1,8.06069897,0.00490613
1622086321976000,1,15.05790123,0.00490563
1622086461491000,0,0.00200000,0.00491564
1622086461506000,0,14.12000000,0.00491766
1622086461538000,0,0.00193590,0.00491766
1622086461613000,0,1.00000000,0.00491797
1622086630924000,0,12.94000000,0.00490351
1622086747777000,0,6.59114607,0.00490342
1622086747777000,0,0.00885393,0.00490342
1622086789624000,1,1.01000000,0.00489225
1622086810374000,1,12.97733277,0.00488868
1622086810374000,1,6.59266723,0.00488866
1622086811490000,1,0.00900318,0.00488866
1622086898458000,0,0.15888600,0.00488383
1622086947904000,0,12.05000000,0.00487344
1622086947904000,0,0.00473220,0.00487344
1622086951610000,1,16.59000000,0.00487216
1622086979342000,1,0.00869285,0.00487216
1622086979636000,1,43.16000000,0.00487071
1622086989642000,1,43.16000000,0.00487069
1622087127642000,0,1.01000000,0.00487591
1622087127642000,0,6.64453089,0.00487742
1622087132645000,0,13.33000000,0.00487901
1622087374226000,0,10.35000000,0.00488000
1622087374461000,0,0.00678865,0.00488000
1622087448632000,1,6.63000000,0.00486749
1622087600809000,0,42.00000000,0.00487407
1622087620924000,1,6.86055000,0.00486303
1622087704083000,0,2.62334900,0.00486909
1622087924678000,0,0.11999300,0.00489300
1622088120201000,0,0.98000000,0.00488815
1622088120201000,0,10.32402500,0.00488835
1622088136112000,1,1.00000000,0.00487575
1622088136112000,1,1.21893903,0.00487447
1622088211744000,1,1.34000000,0.00488000
1622088211796000,1,0.00407500,0.00488000
1622088253291000,1,0.26015500,0.00486630
1622088566199000,0,30.00000000,0.00490271
1622088566925000,0,7.97100000,0.00490271
1622088727077000,0,48.06016000,0.00489813
1622089046146000,0,0.61940200,0.00488560
1622089046348000,0,0.78059800,0.00488560
1622089046348000,0,3.00618900,0.00488561
1622089156523000,0,1.25260600,0.00488136
1622089249793000,1,0.70000000,0.00490000
1622089249800000,1,2.43161400,0.00490000
1622089420518000,1,36.94000000,0.00490001
1622089420567000,1,40.43218894,0.00490001
1622089420567000,1,9.77781106,0.00490000
1622089421686000,1,279.73000000,0.00490000
1622089439338000,0,0.53366800,0.00490467
1622089644453000,0,1.40000000,0.00488976
1622089644453000,0,10.99097900,0.00488977
1622089817390000,0,13.03000000,0.00489368
1622089910310000,0,4.78235395,0.00490778
1622089910311000,0,1.82198894,0.00490778
1622089910311000,0,8.37349081,0.00490779
1622089910312000,0,0.57743867,0.00490779
1622090077632000,0,1.40000000,0.00490062
1622090077632000,0,1.00000000,0.00490115
1622090287341000,0,0.29334900,0.00488542
1622090681718000,0,1.40000000,0.00490042
1622090681718000,0,0.78831143,0.00490120
1622090731856000,1,6.59250901,0.00489372
1622090731856000,1,0.99000000,0.00489371
1622090731856000,1,8.01372763,0.00489314
1622091271388000,0,1.89552500,0.00489914
1622091353672000,0,8.51806500,0.00492018
1622091403598000,1,13.27000000,0.00491001
1622091444660000,0,1.06085300,0.00491929
1622091523624000,0,13.84495429,0.00493232
1622091523624000,0,1.03000000,0.00493274
1622091523624000,0,19.78504571,0.00493300
1622091764637000,0,18.32000000,0.00492039
1622091813065000,0,0.14205680,0.00491687
1622091834453000,1,12.83789000,0.00490449
1622091935480000,1,0.47782300,0.00490936
1622092193193000,0,0.06151400,0.00490762
1622092202866000,0,1.10729000,0.00490749
1622092283530000,0,1.21538596,0.00489483
1622092324459000,0,0.07409800,0.00489227
1622092333988000,0,7.40708400,0.00489238
1622092494576000,0,6.62343000,0.00489249
1622092494631000,0,0.00000028,0.00489249
1622092986982000,0,1.40000000,0.00492301
1622092986982000,0,2.28255600,0.00492358
1622093006561000,0,0.06124000,0.00492356
1622093018718000,0,15.73647624,0.00492356
1622093137179000,0,0.06866300,0.00491036
1622093181778000,0,0.36934100,0.00490998
1622093223116000,0,0.36925800,0.00491312
1622093244701000,0,1.11075900,0.00491612
1622093284031000,0,0.63501500,0.00490835
1622093300488000,0,1.10488200,0.00490832
1622093310282000,0,6.59185000,0.00491330
1622093610519000,1,0.77710000,0.00491172
1622093708752000,1,14.16000000,0.00490630
1622093708895000,1,4.53796200,0.00490630
1622093733017000,0,13.53473159,0.00490820
1622093733017000,0,33.34190490,0.00490987
1622093940832000,1,1.23296200,0.00490000
1622094008795000,0,1.39296100,0.00489871
1622094028638000,0,3.18537797,0.00489686
1622094030972000,0,0.32350000,0.00489876
1622094076206000,0,0.46258000,0.00489996
1622094092930000,1,2.07353000,0.00490000
1622094093040000,1,0.00000500,0.00490000
1622094120564000,1,1.14836000,0.00490000
1622094120644000,1,0.00000300,0.00490000
1622094222698000,0,0.40974400,0.00490661
1622094245228000,0,1.87593600,0.00490959
1622094292239000,1,0.11939700,0.00490478
1622094352120000,0,0.55176700,0.00490634
1622094374197000,0,0.55151700,0.00490743
1622094424375000,0,1.44085500,0.00490997
1622094424599000,0,1.53597700,0.00490996
1622094463162000,1,0.39000000,0.00492000
1622094475022000,1,0.00434100,0.00492000
1622094511633000,0,1.40000000,0.00491657
1622094511633000,0,1.00000000,0.00491658
1622094511633000,0,1.32021400,0.00491758
1622094546096000,0,0.73157200,0.00491840
1622094567646000,0,0.13077600,0.00491999
1622094567776000,0,0.05107800,0.00491998
1622094571733000,0,0.29767200,0.00491992
1622094591431000,0,0.06453800,0.00492513
1622094592222000,0,3.30137000,0.00492520
1622094593008000,0,0.00000400,0.00492520
1622094595306000,1,2.60325000,0.00493000
1622094596789000,1,0.00000300,0.00493000
1622094599454000,0,58.04600000,0.00492707
1622094599673000,0,6.48232000,0.00492989
1622094804865000,1,1.01000000,0.00492812
1622094804865000,1,59.00000000,0.00492792
1622094912117000,1,2.17445000,0.00494000
1622094914594000,1,0.00000400,0.00494000
1622095084967000,0,1.07068900,0.00494288
1622095115095000,0,6.45025143,0.00494485
1622095115095000,0,16.12560372,0.00494487
1622095239048000,0,5.28737130,0.00494451
1622095239048000,0,1.40000000,0.00494532
1622095239048000,0,7.84021294,0.00494736
1622095239048000,0,1.00000000,0.00494758
1622095239048000,0,5.28350347,0.00494761
1622095239048000,0,3.68493429,0.00494828
1622095323007000,0,0.53950200,0.00493749
1622095344876000,0,1.40000000,0.00493877
1622095344876000,0,10.84995700,0.00493948
1622095450358000,0,1.40000000,0.00493429
1622095450358000,0,0.45067800,0.00493430
1622095642870000,0,1.40000000,0.00493959
1622095642936000,1,2.23748000,0.00494000
1622095646459000,1,0.00000600,0.00494000
1622095769690000,0,4.43253700,0.00493811
1622095809104000,1,5.65000000,0.00493008
1622095920155000,1,0.31394700,0.00493000
1622096302821000,0,1.40000000,0.00494418
1622096302821000,0,2.28297700,0.00494430
1622096398013000,0,0.38603000,0.00493446
1622096488635000,1,0.98000000,0.00494000
1622096507907000,1,0.00391100,0.00494000
1622096674187000,0,1.40000000,0.00493993
1622096674187000,0,5.13611600,0.00493999
1622096758106000,0,0.16102800,0.00493497
1622096779567000,1,0.29998000,0.00492858
1622096829598000,0,0.17611200,0.00493987
1622097021699000,0,0.80253500,0.00493649
1622097039307000,0,0.18217600,0.00493304
1622097076522000,0,0.33372100,0.00492716
1622097076701000,0,1.06627900,0.00492716
1622097076701000,0,0.70809700,0.00492717
1622097083051000,0,0.36360100,0.00492716
1622097108535000,1,0.38000000,0.00492389
1622097108663000,0,4.55647000,0.00492920
1622097131138000,1,0.36000000,0.00493000
1622097131226000,1,0.00452400,0.00493000
1622097198681000,0,0.36391800,0.00492842
1622097240851000,0,0.58292800,0.00492997
1622097438469000,0,0.36361300,0.00492998
1622097537519000,0,0.08963900,0.00493248
1622097623425000,0,1.40000000,0.00493710
1622097632564000,0,0.40028100,0.00493995
1622097670925000,1,0.14634653,0.00494015
1622097671285000,1,3.19030566,0.00493744
1622097671378000,1,3.26957993,0.00493744
1622097671868000,1,3.09410678,0.00493295
1622097671917000,1,0.26930900,0.00493295
1622097671975000,1,0.99149689,0.00493295
1622097672036000,1,2.10497292,0.00493295
1622097697824000,0,0.15647700,0.00493863
1622097781794000,0,0.16334700,0.00493679
1622097803646000,0,2.74674500,0.00493852
1622097855787000,0,2.16000000,0.00494500
1622097864704000,0,0.00235437,0.00494500
1622098132112000,0,0.47887500,0.00493531
1622098238590000,0,0.19499500,0.00495379
1622098279415000,0,3.89783900,0.00495460
1622098301221000,1,1.63024000,0.00494656
1622098316991000,0,0.36260900,0.00495492
1622098473516000,0,0.77820300,0.00494407
1622098777865000,0,1.40000000,0.00494839
1622098777865000,0,2.63970262,0.00494959
1622098777865000,0,17.62007838,0.00494996
1622098863675000,0,0.82413600,0.00494680
1622098968523000,0,0.17388900,0.00494602
1622099166982000,1,1.02000000,0.00493345
1622099166982000,1,0.77441400,0.00493318
1622099251902000,0,0.79437800,0.00494040
1622099393834000,0,0.64175100,0.00493490
1622099549816000,1,0.15758600,0.00493000
1622099849287000,0,5.44987500,0.00492830
1622100014798000,0,4.35272479,0.00492830
1622100223540000,0,0.60490300,0.00493329
1622100258022000,0,0.04733000,0.00492999
1622100299479000,0,0.18808500,0.00492847
1622100384822000,0,1.61003900,0.00494220
1622100405821000,0,0.06058700,0.00493688
1622100438189000,0,0.18165900,0.00493031
1622100658248000,0,0.29173700,0.00493817
1622100714599000,1,0.75000000,0.00494000
1622100765904000,0,7.98035700,0.00494697
1622100786477000,1,16.07619000,0.00494111
1622100786599000,1,0.00000255,0.00494111
1622100846412000,0,1.81248500,0.00494632
1622100860793000,1,6.00000000,0.00494088
1622100937732000,1,6.00000000,0.00494001
1622100937732000,1,0.16000000,0.00494000
1622100937820000,1,0.00555300,0.00494000
1622100944211000,0,0.70000000,0.00494088
1622100973720000,0,0.66000000,0.00494088
1622101200912000,1,0.70000000,0.00494351
1622101204870000,1,6.41000000,0.00494141
1622101246644000,1,6.00000000,0.00494027
1622101278691000,0,0.09664400,0.00494557
1622101361767000,0,1.82170800,0.00494953
1622101390013000,1,2.00000000,0.00493994
1622101429851000,0,1.40000000,0.00493990
1622101429851000,0,2.17947900,0.00493990
1622101519672000,0,8.30000000,0.00493990
1622101519952000,0,0.43000000,0.00493990
1622101588526000,0,0.00700165,0.00493990
1622101600611000,1,1.00000000,0.00493704
1622101721624000,0,1.40000000,0.00494481
1622101721624000,0,2.22296800,0.00494583
1622101804823000,0,1.40000000,0.00494426
1622101804823000,0,0.04786500,0.00494427
1622101805023000,0,0.58514000,0.00494426
1622101813653000,1,4.00000000,0.00493700
1622101813653000,1,1.00000000,0.00493697
1622101813653000,1,2.00000000,0.00493695
1622101876596000,1,2.00000000,0.00493294
1622101892822000,0,1.40000000,0.00493425
1622101892822000,0,5.84834500,0.00493626
1622101906127000,0,1.40000000,0.00493579
1622101906127000,0,2.37693100,0.00493774
1622102002275000,1,1.40000000,0.00493271
1622102002275000,1,0.44922800,0.00493270
1622102037157000,0,1.40000000,0.00493989
1622102037157000,0,0.04156136,0.00493989
1622102037974000,1,0.55000000,0.00494000
1622102308650000,1,1.00000000,0.00493185
1622102485864000,1,0.84704300,0.00493147
1622102549590000,1,35.52505271,0.00492929
1622102993226000,1,0.52000000,0.00495000
1622102993435000,1,0.00901900,0.00495000
1622103009764000,0,0.29080201,0.00495050
1622103009764000,0,7.00935799,0.00495051
1622103106638000,0,13.19000000,0.00496703
1622103106913000,0,0.00139617,0.00496703
1622103274177000,0,0.27042250,0.00498531
1622103409101000,0,17.73000000,0.00500000
1622103409123000,0,0.00480156,0.00500000
1622103440851000,1,0.50000000,0.00499141
1622103601481000,0,0.73332600,0.00498904
1622103927634000,0,0.49409100,0.00496935
1622104178382000,0,160.83000000,0.00497000
1622104178397000,0,1.46790000,0.00497000
1622104202602000,1,12.72000000,0.00496520
1622104340768000,0,2.57000000,0.00496520
1622104372133000,0,0.00844335,0.00496520
1622104584755000,0,2.58613217,0.00495868
1622104584755000,0,1.30000000,0.00495874
1622104584755000,0,6.52236983,0.00495877
1622104845585000,0,1.06592500,0.00496465
1622105172760000,0,1.17742000,0.00496314
1622105387214000,1,0.75000000,0.00495468
1622105475315000,0,0.05800800,0.00496721
1622106009089000,0,14.20487000,0.00496270
1622106012184000,0,0.00000411,0.00496270
1622106022352000,0,3.68581400,0.00496998
1622106571673000,0,0.11398500,0.00496400
1622106622051000,0,0.05940000,0.00497400
1622106622203000,0,0.00002200,0.00497400
1622107130889000,0,42.00695000,0.00500099
1622107366747000,1,2.00000000,0.00501084
1622107478732000,1,2.47173611,0.00501422
1622107478790000,1,0.76012212,0.00501422
1622107526644000,0,7.62000000,0.00502550
1622107526651000,0,0.00854253,0.00502550
1622107589858000,1,0.50000000,0.00501320
1622107830607000,1,1.00000000,0.00502651
1622107938246000,1,1.13780700,0.00502100
1622107965419000,0,6.19237622,0.00502362
1622107965419000,0,15.48032852,0.00502362
1622108080993000,1,12.65561565,0.00500391
1622108081086000,1,10.40941268,0.00500391
1622108082333000,1,0.85398777,0.00500092
1622108103633000,0,5.73541641,0.00501739
1622108103633000,0,5.73382897,0.00501739
1622108191403000,1,0.48411300,0.00501297
1622108383619000,1,12.74000000,0.00502257
1622108395599000,1,6.19000000,0.00501915
1622109013347000,1,0.63000000,0.00502000
1622109013357000,1,0.00718200,0.00502000
1622109094827000,0,1.90259100,0.00502236
1622109128611000,0,4.61300000,0.00502358
1622109381972000,1,3.65255000,0.00501008
1622109709153000,1,1.30000000,0.00500135
1622109709153000,1,6.19574621,0.00500134
1622109709153000,1,5.06033179,0.00500134
1622109709678000,0,0.50000000,0.00501145
1622109709706000,0,0.50000000,0.00501145
1622109709724000,0,0.50000000,0.00501145
1622109709838000,0,6.18946231,0.00501146
1622109709838000,0,40.22498877,0.00501479
1622109709858000,0,0.50000000,0.00501146
1622110275897000,0,13.41617000,0.00501000
1622110276044000,0,0.00000800,0.00501000
1622110302415000,0,0.15229673,0.00501607
1622110310737000,0,5.00000000,0.00501000
1622111013034000,1,6.19537001,0.00500004
1622111013034000,1,15.48773921,0.00500004
1622111013034000,1,2.74685378,0.00500003
1622111171535000,1,4.20341206,0.00500640
1622111210097000,0,2.08235300,0.00501342
1622112038876000,0,0.32485800,0.00501417
1622112154813000,1,0.96493000,0.00501000
1622112297053000,1,1.30000000,0.00500703
1622112297123000,0,0.63200000,0.00500703
1622112297246000,0,0.00019000,0.00500703
1622112468064000,1,0.61873300,0.00500084
1622112857117000,0,0.41638800,0.00501472
1622112947510000,1,72.88248200,0.00501001
1622112947510000,1,1.39350000,0.00501000
1622113146477000,1,1.30000000,0.00501009
1622113146537000,0,2.90240000,0.00501009
1622113310220000,0,8.68818000,0.00500000
1622113310306000,0,0.00000100,0.00500000
1622113451354000,1,0.16526116,0.00500168
1622113451354000,1,6.17756443,0.00500038
1622113451354000,1,2.11023835,0.00500037
1622113542722000,1,0.61118000,0.00500475
1622114153263000,0,0.09238324,0.00502059
1622114178396000,1,0.63200000,0.00502317
1622114267855000,1,6.11440408,0.00502409
1622114267855000,1,6.11204511,0.00502409
1622114267855000,1,39.72829320,0.00502409
1622114267855000,1,12.51393245,0.00502408
1622114267855000,1,15.63132516,0.00502408
1622114268069000,0,0.49000000,0.00502809
1622114301626000,0,0.08662263,0.00503565
1622114301626000,0,1.25014938,0.00503566
1622114301632000,0,0.00000001,0.00503566
1622114325272000,0,12.49799588,0.00503717
1622114325272000,0,0.24004008,0.00503803
1622114553803000,1,28.14525000,0.00502409
1622114620730000,1,6.00000000,0.00501800
1622114647254000,0,0.04380900,0.00503000
1622114768749000,1,17.17000000,0.00503366
1622114768750000,1,2.11000000,0.00503366
1622114769344000,1,1.39000000,0.00503366
1622114769586000,1,19.05000000,0.00503366
1622114769688000,1,0.00083254,0.00503366
1622114973095000,1,0.72192000,0.00503058
1622115277384000,1,12.59459317,0.00501596
1622115277384000,1,1.30000000,0.00501567
1622115277384000,1,8.37540683,0.00501443
1622115499694000,1,1.30000000,0.00502072
1622115499694000,1,6.13889929,0.00502071
1622115499694000,1,6.14273760,0.00502069
1622115499694000,1,3.26550088,0.00502067
1622115658325000,1,0.05000000,0.00502652
1622115693452000,1,0.46000000,0.00502652
1622115693452000,1,0.54000000,0.00502429
1622115906056000,0,37.50000000,0.00502873
1622115907060000,0,6.88600000,0.00502873
1622116019669000,1,1.28079500,0.00502430
1622116160409000,1,1.30000000,0.00503072
1622116160409000,1,14.34060285,0.00503000
1622116284337000,1,0.09995000,0.00502798
1622116477915000,1,35.23200000,0.00501935
1622116487279000,1,35.27400000,0.00501539
1622116582429000,0,1.30000000,0.00502789
1622116582429000,0,0.16356345,0.00502789
1622116582429000,0,2.02383555,0.00502790
1622116737246000,1,15.50000000,0.00501830
1622116737570000,1,178.50000000,0.00501866
1622116737675000,1,11.50000000,0.00501866
1622116738023000,1,45.53000000,0.00501830
1622116738373000,1,125.32820347,0.00501830
1622116738378000,1,5.28000000,0.00501830
1622116738430000,1,2.36179653,0.00501830
1622116751981000,0,0.31226871,0.00501544
1622116766755000,1,20.68000000,0.00501474
1622116766808000,1,38.23310000,0.00501474
1622116766808000,1,58.91310000,0.00501411
1622116775572000,1,58.91000000,0.00501411
1622116776768000,1,0.00310000,0.00501411
1622116806767000,0,3.83878425,0.00501544
1622116983773000,0,15.15146047,0.00504192
1622116983773000,0,0.48853953,0.00504193
1622117349600000,0,0.51000000,0.00504506
1622117383833000,1,1.30000000,0.00503147
1622117383833000,1,6.10012932,0.00503142
1622117383833000,1,2.25883568,0.00503141
1622117432867000,1,0.12538200,0.00503698
1622117511746000,0,1.89426000,0.00504382
1622117617887000,1,1.30000000,0.00505433
1622117617887000,1,1.47568300,0.00505433
1622117711583000,0,12.81000000,0.00505978
1622117789218000,1,6.10739000,0.00504085
1622117789411000,1,0.00000293,0.00504085
1622117789411000,1,6.10767707,0.00504083
1622118009712000,1,1.30000000,0.00502256
1622118009712000,1,7.44818695,0.00502175
1622118016173000,1,1.30000000,0.00502071
1622118016173000,1,13.64078759,0.00502070
1622118016173000,1,12.57866495,0.00502069
1622118016173000,1,7.58085098,0.00502045
1622118016173000,1,7.66869755,0.00501969
1622118016173000,1,18.05469998,0.00501928
1622118209557000,1,1.30000000,0.00502374
1622118314251000,1,1.30000000,0.00502815
1622118314251000,1,7.55995370,0.00502781
1622118314251000,1,7.57859451,0.00502643
1622118314251000,1,6.11651302,0.00502633
1622118314251000,1,15.28908502,0.00502633
1622118314251000,1,32.90000000,0.00502632
1622118314251000,1,12.55090020,0.00502616
1622118314251000,1,16.70495355,0.00502484
1622118379268000,1,0.77715100,0.00502688
1622118639909000,0,29.86000000,0.00504999
1622118834365000,1,1.00000000,0.00506000
1622119227982000,0,2.40431000,0.00505000
1622119228033000,0,0.00000100,0.00505000
1622119408127000,1,15.50000000,0.00503485
1622119457992000,0,0.08500000,0.00503000
1622119460251000,0,0.00095400,0.00503000
1622119519427000,1,0.68890000,0.00502487
1622119695644000,1,5.18181829,0.00503309
1622119743813000,0,12.65000000,0.00504649
1622119784831000,1,0.80296200,0.00504006
1622119827480000,1,0.23082000,0.00503957
1622120153806000,1,0.08500000,0.00505474
1622120183890000,0,5.19036488,0.00505706
1622120255562000,1,6.11468112,0.00504406
1622120255562000,1,1.18926188,0.00504405
1622120255900000,1,3.66000000,0.00504367
1622120364647000,0,0.32651200,0.00503921
1622120410704000,1,1.30000000,0.00502735
1622120410704000,1,4.18102200,0.00502735
1622120452943000,0,6.13703292,0.00504049
1622120522132000,1,0.56685000,0.00505010
1622120555143000,1,0.97140500,0.00504292
1622120762306000,1,2.05861001,0.00504289
1622121020681000,0,0.07067500,0.00504300
1622121020681000,0,1.29932500,0.00504385
1622121020739000,0,0.00067500,0.00504385
1622121262017000,1,6.06613000,0.00506075
1622121336126000,0,0.89668300,0.00505517
1622121724289000,0,0.04033776,0.00510000
1622121724289000,0,0.47966224,0.00510077
1622121756385000,1,0.06519400,0.00510475
1622121766283000,0,0.49000000,0.00511191
1622121766283000,0,1.01157213,0.00511273
1622121835435000,1,1.30000000,0.00513413
1622121835435000,1,0.49000000,0.00513355
1622121835435000,1,0.49000000,0.00513249
1622121835435000,1,3.59662200,0.00513040
1622121851917000,1,0.04030900,0.00513000
1622121883972000,0,12.64000000,0.00513936
1622121945045000,0,0.13977100,0.00514000
1622122017266000,0,0.49000000,0.00514435
1622122033976000,0,0.49000000,0.00514744
1622122037710000,0,0.50000000,0.00514662
1622122040936000,0,0.30678342,0.00514960
1622122169912000,0,3.27868852,0.00518000
1622122169912000,0,0.45000000,0.00518065
1622122176568000,1,5.83645273,0.00516781
1622122176568000,1,14.59173177,0.00516699
1622122176644000,1,0.48000000,0.00516665
1622122176644000,1,37.94033534,0.00516542
1622122180199000,0,5.84364905,0.00517401
1622122204508000,0,1.76932400,0.00517000
1622122204907000,0,12.37805000,0.00517000
1622122227008000,1,5.85037000,0.00515230
1622122233281000,1,0.00000617,0.00515230
1622122233281000,1,5.83317383,0.00515135
1622122234643000,1,0.00001110,0.00515135
1622122234710000,1,38.08954000,0.00515071
1622122235174000,1,0.00000698,0.00515071
1622122299525000,0,1.50383800,0.00516000
1622122308162000,1,1.20000000,0.00515131
1622122310109000,0,5.86171016,0.00516130
1622122310109000,0,14.65992362,0.00516130
1622122310109000,0,28.47836622,0.00516130
1622122314298000,1,0.24960800,0.00515799
1622122392652000,0,5.88521069,0.00514878
1622122392652000,0,14.71206931,0.00514878
1622122430263000,0,12.08657626,0.00514669
1622122430263000,0,1.20000000,0.00514682
1622122430263000,0,1.05097868,0.00514754
1622122430913000,1,12.99020000,0.00514001
1622122437114000,0,5.89921000,0.00514068
1622122437520000,0,0.00000599,0.00514068
1622122437648000,0,14.74748000,0.00514254
1622122446554000,1,0.40937300,0.00513778
1622122610791000,1,0.21300000,0.00514105
1622122610791000,1,1.67957600,0.00513872
1622122611290000,1,1.87709900,0.00513872
1622122659465000,0,0.88812800,0.00514000
1622122659465000,0,0.53281700,0.00514000
1622122751450000,1,3.47690300,0.00513468
1622122758262000,0,38.31862240,0.00515110
1622122758262000,0,14.73998319,0.00515295
1622122759320000,0,2.73146387,0.00515994
1622122760039000,0,103.18489603,0.00515998
1622122760039000,0,17.35668304,0.00515999
1622122760334000,0,368.60000000,0.00515999
1622122760543000,0,0.00135439,0.00515999
1622122851833000,0,7.15821000,0.00515826
1622122974162000,1,0.42077350,0.00513309
1622122974162000,1,12.13339474,0.00513230
1622122974162000,1,4.44583176,0.00513230
1622122999295000,1,0.50050000,0.00513905
1622123051484000,1,0.23903800,0.00512095
1622123052039000,1,1.20000000,0.00512096
1622123052039000,1,5.93060311,0.00512095
1622123052039000,1,8.36939689,0.00512095
1622123154718000,0,0.70000000,0.00513000
1622123154909000,0,0.39000000,0.00513000
1622123155083000,0,0.00136900,0.00513000
1622123172527000,0,5.93422840,0.00513706
1622123225984000,0,0.14790400,0.00513000
1622123225984000,0,0.50000000,0.00513336
1622123225984000,0,1.19209600,0.00513493
1622123226007000,0,0.00790400,0.00513493
1622123237731000,0,12.14000000,0.00513557
1622123237745000,0,0.00510884,0.00513557
1622123239786000,0,1.20000000,0.00513672
1622123255437000,0,2.00000000,0.00513493
1622123255486000,0,0.00940000,0.00513493
1622123258212000,0,12.14000000,0.00513875
1622123258221000,0,0.00102879,0.00513875
1622123259375000,0,12.14000000,0.00513875
1622123259446000,0,0.00102879,0.00513875
1622123287762000,1,0.50000000,0.00513223
1622123298018000,0,12.14652007,0.00513787
1622123298018000,0,7.36529250,0.00513981
1622123298018000,0,1.20000000,0.00514003
1622123298018000,0,0.48000000,0.00514016
1622123298018000,0,12.14274314,0.00514131
1622123298018000,0,0.48000000,0.00514141
1622123298018000,0,30.00000000,0.00514280
1622123298018000,0,8.12753608,0.00514313
1622123340844000,0,9.42000000,0.00513933
1622123340918000,0,2.71277748,0.00513933
1622123350461000,1,1.72800000,0.00513414
1622123350571000,1,1.26490000,0.00513413
1622123350649000,1,2.59600000,0.00513414
1622123350658000,1,0.70000000,0.00513414
1622123350683000,1,0.71100000,0.00513413
1622123351271000,1,2.92538400,0.00513416
1622123354701000,0,12.14000000,0.00513699
1622123369643000,0,0.00563005,0.00513699
1622123369643000,0,12.13436995,0.00513840
1622123381576000,0,12.13000000,0.00514037
1622123392713000,0,0.00392756,0.00514037
1622123392713000,0,12.12607244,0.00514124
1622123392778000,0,0.00569503,0.00514124
1622123395593000,0,11.47000000,0.00514124
1622123395614000,0,0.66176747,0.00514124
1622123425748000,1,1.77167445,0.00514047
1622123425756000,1,2.49780795,0.00514047
1622123425796000,1,0.75998059,0.00514047
1622123425897000,1,0.86787507,0.00514047
1622123465635000,1,4.58978000,0.00513674
1622123465886000,0,10.33290600,0.00514244
1622123509002000,1,0.60581300,0.00513835
1622123531700000,0,12.11000000,0.00514580
1622123533437000,0,0.00819950,0.00514580
1622123533437000,0,12.11180050,0.00514580
1622123533513000,0,0.00639900,0.00514580
1622123535386000,0,1.93000000,0.00514580
1622123535422000,0,10.18819950,0.00514580
1622123537418000,0,1.20000000,0.00514771
1622123537493000,0,1.20000000,0.00514800
1622123537493000,0,12.11000000,0.00514801
1622123541269000,0,12.12000000,0.00514607
1622123541458000,0,0.00000220,0.00514607
1622123561419000,1,1.70115600,0.00514035
1622123565790000,0,12.11000000,0.00514681
1622123565955000,0,0.00964108,0.00514681
1622123568329000,1,5.90288265,0.00514117
1622123568329000,1,12.11921310,0.00514116
1622123568329000,1,5.97790425,0.00514043
1622123576798000,1,3.31714721,0.00514119
1622123596045000,1,5.15589289,0.00514036
1622123596054000,1,2.02342621,0.00514036
1622123651675000,0,12.14156522,0.00514123
1622123651675000,0,1.20000000,0.00514133
1622123651675000,0,12.13843478,0.00514142
1622123652485000,0,12.14000000,0.00514123
1622123653125000,0,0.00156522,0.00514123
1622123653125000,0,1.19843478,0.00514141
1622123653159000,0,0.00156522,0.00514141
1622123653159000,0,0.00153932,0.00514142
1622123703133000,1,0.98297600,0.00512757
1622123708428000,0,0.18137200,0.00513926
1622123846494000,1,5.96682413,0.00512632
1622123864044000,1,5.96331295,0.00513004
1622123864044000,1,13.56751604,0.00513003
1622123864044000,1,50.51900000,0.00513001
1622123866984000,1,5.96401020,0.00512521
1622123867693000,0,1.22000000,0.00512828
1622123880641000,0,1.20000000,0.00513007
1622123961720000,0,13.21000000,0.00513964
1622123978505000,0,2.44000000,0.00513844
1622124025292000,1,5.91941000,0.00515396
1622124041408000,1,0.51000000,0.00516111
1622124041408000,1,4.99000000,0.00516001
1622124048783000,1,35.03376000,0.00516101
1622124049447000,1,14.76955847,0.00515937
1622124049447000,1,5.90758153,0.00515937
1622124091892000,1,1.20000000,0.00514574
1622124091892000,1,0.48907900,0.00514571
1622124119147000,0,34.01900000,0.00514938
1622124163616000,1,1.07494400,0.00515009
1622124187089000,1,5.92103572,0.00514614
1622124187089000,1,5.91650895,0.00514612
1622124204194000,1,1.20000000,0.00514164
1622124204194000,1,0.79081700,0.00514163
1622124214699000,1,0.08527439,0.00514424
1622124303062000,1,6.16145000,0.00514458
1622124303238000,1,0.00000535,0.00514458
1622124303238000,1,2.96899465,0.00514457
1622124308314000,1,0.00000535,0.00514457
1622124376844000,0,37.00000000,0.00514920
1622124420324000,1,0.79093700,0.00514555
1622124463086000,1,8.26867500,0.00514025
1622124540311000,0,5.90578000,0.00514912
1622124540649000,0,0.00000242,0.00514912
1622124540649000,0,6.50999758,0.00514934
1622124540669000,0,1.20000000,0.00514934
1622124746426000,1,4.04549100,0.00514210
1622124898472000,1,0.10416800,0.00513541
1622124980304000,0,7.40023000,0.00516001
1622124980601000,0,0.00000221,0.00516001
1622124980628000,0,5.87934112,0.00516223
1622124980628000,0,5.87780142,0.00516223
1622124980628000,0,0.49000000,0.00516290
1622124980628000,0,30.00000000,0.00516300
1622124980628000,0,38.20159820,0.00516390
1622124980628000,0,0.49000000,0.00516402
1622125112473000,1,0.50000000,0.00515303
1622125112473000,1,1.99575300,0.00515243
1622125565042000,0,0.64917803,0.00515451
1622125569028000,1,0.06051800,0.00514396
1622125570071000,0,3.72104000,0.00515406
1622125604765000,1,0.07149500,0.00515165
1622125813271000,1,5.87952750,0.00514571
1622125813271000,1,1.77243377,0.00514470
1622125814188000,1,36.44000000,0.00514470
1622125819977000,0,0.50000000,0.00514974
1622125819977000,0,0.49000000,0.00514976
1622125819977000,0,0.01000000,0.00514976
1622126000791000,1,0.25502217,0.00512633
1622126244030000,1,3.19151800,0.00513546
1622126315610000,0,5.89176532,0.00514736
1622126315610000,0,2.70000000,0.00514737
1622126408606000,0,15.00000000,0.00516131
1622126432549000,1,1.01471400,0.00515476
1622126539827000,1,12.99000000,0.00515425
1622126546212000,1,12.08609758,0.00515505
1622126546212000,1,0.48000000,0.00515310
1622126546212000,1,1.20000000,0.00515120
1622126546212000,1,10.90022142,0.00515119
1622126572105000,1,12.07000000,0.00515771
1622126592576000,1,0.00429669,0.00515771
1622126617718000,0,0.05000000,0.00515000
1622126627162000,1,16.30000000,0.00514554
1622126688565000,1,7.27335333,0.00514335
1622126688565000,1,58.99664667,0.00514334
1622126781608000,1,19.36000000,0.00512707
1622126781631000,1,0.64000000,0.00512707
1622126805352000,0,0.10000000,0.00513000
1622126805352000,0,0.59000000,0.00513000
1622126805436000,0,0.00119200,0.00513000
1622126846361000,1,0.55699200,0.00513174
1622126945761000,1,0.99900000,0.00512306
1622126995504000,1,0.10166000,0.00512813
1622127000290000,1,0.11469500,0.00512598
1622127030780000,0,0.31199700,0.00513098
1622127285652000,1,0.17533500,0.00514005
1622127671102000,1,2.16609300,0.00514674
1622127699018000,1,0.23034500,0.00514710
1622127806474000,1,2.71649900,0.00514351
1622127910948000,1,0.68535500,0.00513201
1622127974226000,1,1.20000000,0.00512812
1622127974226000,1,5.49218200,0.00512811
1622127984972000,0,1.99769678,0.00513544
1622128167934000,1,0.60909600,0.00511518
1622128189696000,0,0.70000000,0.00511000
1622128190036000,0,1.22000000,0.00511000
1622128190072000,0,0.00822200,0.00511000
1622128513562000,1,2.00000000,0.00510828
1622128552893000,1,5.95503386,0.00510965
1622128552893000,1,14.88496614,0.00510965
1622128574764000,1,5.96569779,0.00509875
1622128574764000,1,5.96430221,0.00509875
1622128575356000,1,0.10000000,0.00509502
1622128617743000,1,0.50000000,0.00509375
1622128794937000,1,0.36397400,0.00508275
1622128860226000,1,0.11630200,0.00509008
1622128881997000,1,0.26391100,0.00509479
1622129035844000,1,4.49896000,0.00507954
1622129035911000,1,0.00000237,0.00507954
1622129035911000,1,0.50000000,0.00507954
1622129036145000,1,11.24000000,0.00507815
1622129036170000,1,0.00802189,0.00507815
1622129106133000,1,0.48000000,0.00508331
1622129106133000,1,0.50950500,0.00508275
1622129117258000,1,0.28464200,0.00508458
1622129120574000,0,13.31000000,0.00509418
1622129120837000,0,0.00571034,0.00509418
1622129130811000,1,0.98960400,0.00509005
1622129186914000,1,0.69172098,0.00509003
1622129194709000,1,25.73950000,0.00508823
1622129291644000,0,3.99000000,0.00510000
1622129291666000,0,0.00200300,0.00510000
1622129352535000,0,0.50000000,0.00510000
1622129352603000,0,2.93128900,0.00510000
1622129459517000,1,3.60369600,0.00511171
1622129459822000,1,1.10076100,0.00511170
1622129480843000,1,1.42222251,0.00511924
1622129480843000,1,2.16614649,0.00511923
1622129502203000,1,3.58636500,0.00511150
1622129554766000,1,1.10094100,0.00511150
1622129565278000,1,0.05748000,0.00511491
1622129565700000,1,0.07122800,0.00511493
1622129715265000,1,1.10474200,0.00510944
1622129868594000,1,12.82000000,0.00511844
1622130056125000,1,1.02000000,0.00511000
1622130061784000,1,0.00189500,0.00511000
1622130080680000,1,0.34776600,0.00510368
1622130131732000,1,1.97521000,0.00509848
1622130131879000,1,0.00000812,0.00509848
1622130132003000,1,34.65200000,0.00509698
1622130132244000,1,3.68710267,0.00509698
1622130132322000,1,1.97521000,0.00509698
1622130132336000,1,28.98768733,0.00509698
1622130159155000,1,1.97000000,0.00509558
1622130178716000,1,1.97000000,0.00509023
1622130178722000,1,0.00841946,0.00509023
1622130298628000,0,0.42493600,0.00511255
1622130313925000,1,0.13000000,0.00510786
1622130414825000,1,3.47967499,0.00510850
1622130414825000,1,0.40816501,0.00510850
1622130485285000,0,1.20000000,0.00512152
1622131006655000,0,4.51936263,0.00510614
1622131006655000,0,4.51886666,0.00510644
1622131006691000,0,0.49000000,0.00510820
1622131088822000,0,0.04157286,0.00510709
1622131215811000,0,1.81000000,0.00512152
1622131216618000,0,0.00135470,0.00512152
1622131216618000,0,0.49864530,0.00512573
1622131475770000,1,1.65669998,0.00508785
1622131475770000,1,1.65655687,0.00508785
1622131475770000,1,1.65649183,0.00508785
1622131675688000,1,1.00000000,0.00510601
1622131716090000,1,0.35365700,0.00510120
1622132010620000,1,5.79166372,0.00508013
1622132010620000,1,0.89101449,0.00508013
1622132010632000,0,0.89124232,0.00508000
1622132012055000,0,0.90000000,0.00507520
1622132015275000,0,0.48000000,0.00507746
1622132088533000,1,2.59931055,0.00507063
1622132088533000,1,1.03973353,0.00507063
1622132107587000,0,6.86000000,0.00508272
1622132112029000,0,6.07000000,0.00508888
1622132112075000,0,0.00908097,0.00508888
1622132168688000,1,1.13511445,0.00509001
1622132168688000,1,2.83854398,0.00508981
1622132298338000,1,34.95700000,0.00508276
1622133276475000,1,1.68918900,0.00509430
1622133404953000,1,0.16464200,0.00509599
1622133537965000,1,57.20708215,0.00507294
1622133539893000,1,1.08000004,0.00507349
1622133824224000,1,2.03961500,0.00506555
1622133852034000,1,0.48930500,0.00506340
1622133866323000,0,0.19974000,0.00507363
1622133952454000,1,12.67119000,0.00506371
1622134138776000,1,1.35817630,0.00507318
1622134138776000,1,0.54326370,0.00507318
1622134139011000,1,0.00000682,0.00507318
1622134139011000,1,3.53124318,0.00507232
1622134213151000,0,15.09866500,0.00507693
1622134410498000,1,15.37741788,0.00506431
1622134410498000,1,6.15668212,0.00506431
1622134432942000,0,1.60290000,0.00506431
1622134440013000,0,0.00000322,0.00506431
1622134723061000,0,12.65204153,0.00508526
1622134723061000,0,6.47972347,0.00508629
1622134967477000,0,1.03617500,0.00509766
1622135691382000,0,1.01008100,0.00509249
1622135758829000,1,0.48791600,0.00508445
1622135835649000,0,7.59000000,0.00509370
1622135863725000,0,0.82136100,0.00509647
1622135994839000,0,0.08583665,0.00510953
1622136330766000,0,5.82580200,0.00509996
1622136901329000,1,1.30000000,0.00509920
1622136901329000,1,0.16656672,0.00509919
1622136913235000,0,0.06977270,0.00510351
1622136956313000,0,40.45000000,0.00509999
1622136956761000,0,29.42848107,0.00509999
1622136956761000,0,173.36151893,0.00510000
1622136956767000,0,160.28000000,0.00510000
1622136956789000,0,287.29000000,0.00510000
1622137029188000,1,0.58023200,0.00509575
1622137085446000,0,25.26340000,0.00510000
1622137086542000,0,0.00000704,0.00510000
1622137144008000,1,0.84195200,0.00509781
1622137649237000,1,1.36017200,0.00509774
1622137883755000,0,0.08600781,0.00510574
1622138075510000,0,1.30000000,0.00510565
1622138075510000,0,0.75251600,0.00510688
1622138655189000,1,1.30000000,0.00510410
1622138655189000,1,12.50624679,0.00510409
1622138655189000,1,0.48000000,0.00510221
1622138655189000,1,63.27226277,0.00510201
1622139541478000,1,2.75784819,0.00508090
1622139541487000,1,9.83396506,0.00508090
1622139862214000,0,4.69447995,0.00509181
1622140353847000,1,0.00000001,0.00508090
1622140353847000,1,1.29999999,0.00507841
1622140368581000,1,1.30000000,0.00507365
1622140369862000,1,11.55000000,0.00507365
1622141120015000,1,1.30000000,0.00507853
1622141120015000,1,0.64800000,0.00507852
1622141556655000,1,2.59000000,0.00507652
1622141556713000,1,0.00150808,0.00507652
1622141877255000,1,0.25003000,0.00507440
1622141983272000,1,1.00000000,0.00508270
1622142036566000,1,6.12875809,0.00507342
1622142037657000,1,12.58469780,0.00507462
1622142142508000,1,0.00000178,0.00506371
1622142152687000,1,6.18384693,0.00504271
1622142152687000,1,20.57300000,0.00504270
1622142169721000,1,6.19110000,0.00503604
1622142171862000,0,0.43199999,0.00504077
1622142175938000,1,1.30000000,0.00503779
1622142175938000,1,0.51000000,0.00503664
1622142176550000,1,40.21654543,0.00503646
1622142241551000,1,6.19250007,0.00503672
1622142241551000,1,15.48194993,0.00503672
1622142254444000,1,6.19620000,0.00503613
1622142256505000,1,6.20068000,0.00503303
1622142262408000,1,15.52843077,0.00502601
1622142262408000,1,6.21078856,0.00502601
1622142262408000,1,50.84397087,0.00502600
1622142262408000,1,2.01580980,0.00502416
1622142262731000,1,52.85978000,0.00502601
1622142262731000,1,0.50000000,0.00502531
1622142263041000,1,6.20879040,0.00502512
1622142263041000,1,15.52256854,0.00502512
1622142263835000,1,12.75395695,0.00502607
1622142263835000,1,0.51000000,0.00502530
1622142340561000,0,10.86100000,0.00504834
1622142505733000,1,6.17669000,0.00505484
1622142915686000,1,0.24261900,0.00507568
1622143042885000,0,0.72855600,0.00507871
1622144080612000,1,1.30000000,0.00506590
1622144080612000,1,0.51000000,0.00506589
1622144080612000,1,8.59850000,0.00506565
1622144513851000,1,0.08457600,0.00506142
1622144539449000,1,0.43466700,0.00506142
1622145017308000,1,12.71071000,0.00507484
1622145189238000,0,1.04839645,0.00508624
1622145418855000,0,4.09641000,0.00508317
1622145419640000,0,0.00000331,0.00508317
1622145857627000,1,4.00000000,0.00507561
1622146006481000,1,2.00950400,0.00506527
1622146578310000,0,3.51328935,0.00506705
1622146719217000,1,0.14440300,0.00504661
1622147142379000,1,15.00000000,0.00504926
1622147372027000,0,1.03536800,0.00504714
1622147817832000,0,0.50000000,0.00504906
1622147817832000,0,3.45643960,0.00504999
1622147822831000,0,3.95927773,0.00504638
1622147827964000,0,3.95727023,0.00504894
1622147833184000,0,3.95728591,0.00504892
1622147838605000,0,3.95728591,0.00504892
1622147843605000,0,3.95729374,0.00504891
1622147850259000,0,3.95728000,0.00504892
1622147855301000,0,3.95727807,0.00504893
1622147860265000,0,1.30000000,0.00504763
1622147865300000,0,2.65829000,0.00504763
1622147870318000,0,0.49000000,0.00504855
1622147870318000,0,3.46730158,0.00504888
1622147875311000,0,3.95978777,0.00504573
1622147880669000,0,3.95981132,0.00504570
1622147885892000,0,3.95725455,0.00504896
1622147950413000,0,3.95956020,0.00504602
1622148044846000,0,0.49000000,0.00503690
1622148044846000,0,7.51025041,0.00503763
1622148044846000,0,12.83756643,0.00503767
1622148286886000,1,15.00000000,0.00504342
1622148292641000,1,0.51000000,0.00504329
1622148316954000,1,1.30000000,0.00504085
1622148316954000,1,0.50000000,0.00504085
1622148316954000,1,0.50000000,0.00504084
1622148316954000,1,7.64910004,0.00504075
1622148316954000,1,1.02924896,0.00504026
1622148515666000,0,1.30000000,0.00502456
1622148515666000,0,3.41480000,0.00502457
1622149249247000,1,9.98280330,0.00500497
1622149249247000,1,0.76176453,0.00500497
1622149249248000,1,2.20990758,0.00500497
1622149249248000,1,1.30000000,0.00500456
1622149249248000,1,0.49000000,0.00500391
1622149249249000,1,0.48000000,0.00500270
1622149249249000,1,9.50280330,0.00500183
1622149336993000,1,1.30000000,0.00499285
1622149336993000,1,100.90833764,0.00499236
1622149336993000,1,6.35628274,0.00499235
1622149336993000,1,13.05603992,0.00499231
1622149336993000,1,36.54500000,0.00499231
1622149336993000,1,13.03480742,0.00499116
1622149336993000,1,0.49000000,0.00499108
1622149336993000,1,20.19389053,0.00499087
1622149342230000,0,0.50000000,0.00500022
1622149385791000,1,23.00000000,0.00499588
1622149385975000,1,28.28758000,0.00499588
1622149386081000,1,2.65210300,0.00499588
1622150127267000,1,13.11000000,0.00500910
1622150195754000,0,10.40937800,0.00500349
1622150374734000,0,0.25000000,0.00501000
1622150495886000,1,0.44658100,0.00500156
1622151077769000,0,5.00000000,0.00502889
1622151154210000,1,0.41282000,0.00502771
1622151315449000,1,6.33000000,0.00501920
1622151346060000,1,9.49913631,0.00501922
1622151346060000,1,0.00086369,0.00501920
1622151505847000,1,0.00195229,0.00501920
1622151673033000,0,0.69856300,0.00502865
1622151676220000,1,0.51000000,0.00502505
1622151676220000,1,0.50000000,0.00502505
1622151676220000,1,3.06931423,0.00502413
1622151687780000,1,0.35100000,0.00503000
1622151727961000,1,0.00062900,0.00503000
1622151748172000,0,95.89182152,0.00503260
1622151991670000,1,1.59102031,0.00505006
1622151992265000,1,0.82097972,0.00505006
1622152350758000,1,5.98365258,0.00504381
1622152351174000,1,1.86441961,0.00504381
1622152428308000,0,0.85131270,0.00504912
1622153444872000,0,0.30000000,0.00505000
1622153543973000,0,0.62566200,0.00506205
1622154600498000,1,0.34800000,0.00506205
1622154600622000,1,30.36283718,0.00506205
1622154655717000,1,12.94443000,0.00504857
1622155283820000,1,1.00043000,0.00503002
1622155474427000,0,1.30000000,0.00504132
1622155474427000,0,1.04346400,0.00504133
1622155705453000,0,0.70000000,0.00502000
1622155705518000,0,7.28035700,0.00502000
1622156582575000,0,15.61775854,0.00505065
1622156626411000,1,0.15453400,0.00505090
1622156710414000,1,0.70000000,0.00506027
1622156905664000,1,0.25000000,0.00505561
1622156989383000,1,6.22540114,0.00505014
1622156989383000,1,15.56444691,0.00505014
1622156989383000,1,8.21015195,0.00505008
1622157294910000,0,12.85799176,0.00503569
1622157294910000,0,0.50000000,0.00503636
1622157294999000,1,12.85799176,0.00503652
1622157295047000,1,128.64218822,0.00503652
1622157295120000,1,26.25182826,0.00503652
1622157489458000,0,0.70000000,0.00502563
1622157605669000,0,0.43199999,0.00501738
1622157609447000,0,1.42883913,0.00501646
1622157641280000,0,1.19932008,0.00501622
1622158181999000,1,6.30444492,0.00501769
1622158777723000,1,0.70000000,0.00503000
1622158777732000,1,1.07455700,0.00503000
1622158954152000,1,1.00000000,0.00503149
1622160177753000,0,14.71978556,0.00501783
1622160642616000,0,0.50000000,0.00506228
1622160642616000,0,0.19171653,0.00506331
1622160702882000,1,0.13154919,0.00509138
1622161280048000,1,1.30000000,0.00509726
1622161280048000,1,7.22970964,0.00509725
1622161290599000,1,13.70015080,0.00509389
1622161290599000,1,8.08885920,0.00509372
1622161295869000,0,0.38158600,0.00510241
1622161334944000,0,0.76378800,0.00510320
1622161414920000,0,0.67880659,0.00510146
1622161548617000,0,3.13281500,0.00509197
1622161899074000,0,0.70000000,0.00504849
1622161968827000,1,0.88929900,0.00505675
1622162106924000,1,6.27094537,0.00504254
1622162106924000,1,6.27115463,0.00504254
1622162426961000,0,0.48000000,0.00504738
1622162426961000,0,0.21537546,0.00504755
1622162499051000,0,0.27800353,0.00505128
1622162798566000,1,0.63292640,0.00503084
1622162840494000,0,0.98417800,0.00503447
1622163171271000,0,0.61047200,0.00503577
1622163616197000,0,0.51000000,0.00501310
1622163616197000,0,1.30000000,0.00501416
1622163616197000,0,24.84811077,0.00501416
1622163657286000,1,0.48000000,0.00498743
1622163657286000,1,3.90740477,0.00498696
1622163657291000,1,1.85599152,0.00498696
1622163657303000,1,0.66049497,0.00498696
1622163657303000,1,9.35367210,0.00498637
1622163788837000,0,0.09313699,0.00500121
1622164061845000,1,0.50000000,0.00501145
1622164061845000,1,0.57598900,0.00501097
1622164791684000,0,6.35179000,0.00503576
1622164791883000,0,0.00000662,0.00503576
1622164791883000,0,6.35255338,0.00503578
1622164918843000,0,0.06358200,0.00504000
1622165275299000,0,1.06884800,0.00504150
1622165405869000,1,1.41683292,0.00505001
1622165488510000,1,4.50300000,0.00504448
1622165592862000,1,1.30000000,0.00505200
1622165592862000,1,0.29029291,0.00505199
1622165961947000,0,6.28471040,0.00506647
1622165961947000,0,12.91384827,0.00506649
1622165961947000,0,0.48000000,0.00506698
1622165961947000,0,6.97947233,0.00506838
1622166506455000,1,0.53332902,0.00504063
1622166942268000,0,0.12903500,0.00504257
1622167054772000,1,0.17000000,0.00503240
1622167524009000,0,0.22969481,0.00506662
1622167664342000,0,0.86253400,0.00506525
1622168011897000,1,0.48000000,0.00506890
1622168011897000,1,0.29359800,0.00506801
1622168053602000,0,5.74602300,0.00507959
1622168370210000,0,1.61058000,0.00507959
1622168370302000,0,0.00000596,0.00507959
1622169458328000,0,0.09907071,0.00506600
1622170850365000,0,0.97265100,0.00507000
1622171111188000,0,0.23741800,0.00506961
1622171776328000,1,6.30722251,0.00506970
1622171776328000,1,13.69277749,0.00506835
1622172058078000,0,1.30000000,0.00507726
1622172058078000,0,12.93237700,0.00507727
1622172166391000,0,0.36624300,0.00507293
1622172430494000,1,15.83095000,0.00506296
1622172430753000,1,0.00000870,0.00506296
1622172434559000,1,41.17999512,0.00506165
1622172503948000,0,4.41073000,0.00506165
1622172505863000,0,0.00000844,0.00506165
1622173240118000,1,1.04435000,0.00506970
1622173612072000,1,0.70000000,0.00507404
1622173612773000,1,5.58712000,0.00507404
1622173612884000,1,0.00000530,0.00507404
1622173613024000,1,3.50000000,0.00507396
1622173685986000,1,41.02260659,0.00506249
1622173928141000,1,1.24438000,0.00504878
1622174414668000,1,15.67962000,0.00506540
1622175048752000,1,6.33246000,0.00505569
1622175050042000,1,0.00000982,0.00505569
1622175056325000,1,15.00000000,0.00505346
1622175062862000,0,15.00000000,0.00505430
1622175120736000,1,6.64188529,0.00505333
1622175709712000,1,15.00000000,0.00506139
1622175905175000,1,4.69980404,0.00505250
1622175905222000,1,1.67704291,0.00505250
1622175905222000,1,1.32295709,0.00505248
1622176076612000,1,0.18164100,0.00505039
1622176917586000,1,13.20162765,0.00504082
1622176917586000,1,0.69863435,0.00504061
1622177089666000,0,0.43199999,0.00501569
1622177152017000,1,6.48598000,0.00501171
1622177152282000,1,21.06284000,0.00501024
1622177310806000,1,2.49946079,0.00502596
1622177395836000,1,0.19685600,0.00503000
1622177427576000,0,1.30000000,0.00503705
1622177427576000,0,6.45528661,0.00503706
1622177427576000,0,72.44872125,0.00503808
1622177566035000,0,6.46283397,0.00502909
1622177566035000,0,0.49000000,0.00502910
1622177566035000,0,1.30000000,0.00502982
1622177566035000,0,2.62404903,0.00502997
1622177578255000,1,1.50000000,0.00502294
1622177908596000,0,3.99222600,0.00502687
1622177951210000,0,0.88114300,0.00502866
1622178036810000,0,0.07054800,0.00501372
1622178039075000,0,1.25999997,0.00500678
1622178039682000,0,0.56700003,0.00500576
1622178040848000,0,0.44100000,0.00500108
1622178189469000,1,6.46345049,0.00502243
1622178191567000,1,42.01909950,0.00502002
1622178485044000,0,0.04581781,0.00502364
1622178806189000,0,3.62922900,0.00503844
1622178825099000,0,1.61857000,0.00503963
1622178829283000,1,0.50000000,0.00504251
1622178829283000,1,1.09341914,0.00504195
1622178829782000,1,0.50000000,0.00504275
1622178829782000,1,0.22592278,0.00504195
1622179038636000,0,0.99000356,0.00504195
1622179044071000,1,0.43369144,0.00504484
1622179060135000,0,0.08160600,0.00504524
1622179060270000,0,0.09104200,0.00504524
1622179175941000,1,1.11857000,0.00503000
1622179176526000,1,12.48471700,0.00503000
1622179479606000,0,0.10987500,0.00503053
1622179614782000,1,0.11317300,0.00504000
1622179894888000,1,0.06190000,0.00503000
1622179894888000,1,0.50444300,0.00503000
1622179972921000,0,1.40000000,0.00501798
1622179972921000,0,0.29476600,0.00501801
1622180103759000,1,13.31658137,0.00501538
1622180103759000,1,0.50000000,0.00501530
1622180103759000,1,0.50000000,0.00501410
1622180103759000,1,1.40000000,0.00501332
1622180103759000,1,28.57328669,0.00501292
1622180109228000,1,0.89534802,0.00501830
1622180316938000,0,0.48480900,0.00501674
1622180408298000,0,5.80656800,0.00500854
1622180491154000,0,0.48000000,0.00499005
1622180491154000,0,0.40199999,0.00499130
1622180493280000,0,0.50000000,0.00498124
1622180507976000,0,0.20000000,0.00497955
1622180579276000,1,5.21596282,0.00497803
1622180598854000,1,21.98105767,0.00498884
1622180642556000,1,0.49000000,0.00496248
1622180654114000,0,0.47000000,0.00495709
1622180654114000,0,1.44000000,0.00495833
1622180670431000,0,0.49000000,0.00494495
1622180670431000,0,0.50000000,0.00494545
1622180670431000,0,1.01000000,0.00494742
1622180680388000,0,19.50000000,0.00494391
1622180680515000,0,13.37646062,0.00494390
1622180680515000,0,123.17704731,0.00494392
1622180680591000,0,60.82295269,0.00494392
1622180694262000,0,1.61807392,0.00494415
1622180702132000,0,161.50000000,0.00494415
1622180702196000,0,25.28792608,0.00494415
1622180746480000,1,0.50000000,0.00495247
1622180753951000,1,0.49000000,0.00495123
1622180753951000,1,0.37511900,0.00495000
1622180769936000,0,0.44125004,0.00494175
1622180773977000,0,0.49000000,0.00494183
1622180773977000,0,1.40000000,0.00494201
1622180773977000,0,0.51000000,0.00494350
1622180773977000,0,0.50000000,0.00494474
1622180773977000,0,1.80031300,0.00494479
1622180847387000,1,5.50285000,0.00496000
1622180848671000,1,0.00000800,0.00496000
1622181088919000,1,0.49000000,0.00492484
1622181088919000,1,0.50000000,0.00492383
1622181088919000,1,18.99918351,0.00492239
1622181177353000,0,0.05682700,0.00491952
1622181182185000,0,9.94317000,0.00491952
1622181182579000,0,0.00000300,0.00491952
1622181201376000,1,0.48000000,0.00491841
1622181201376000,1,1.04528332,0.00491776
1622181318288000,1,6.67822537,0.00492934
1622181318288000,1,0.51000000,0.00492933
1622181318288000,1,16.69668477,0.00492805
1622181318288000,1,1.40000000,0.00492749
1622181318288000,1,5.42592704,0.00492657
1622181434524000,0,0.13349269,0.00493983
1622181785122000,0,0.34421300,0.00493820
1622181923742000,0,0.51000000,0.00493514
1622181923742000,0,1.83576600,0.00493627
1622181945696000,0,0.12417400,0.00493239
1622181946481000,0,0.48338900,0.00493238
1622181980910000,0,137.19347050,0.00493047
1622181981549000,0,13.50000000,0.00493047
1622182071049000,1,6.70023901,0.00492225
1622182071049000,1,3.45114800,0.00492222
1622182071060000,1,13.29109594,0.00492222
1622182071303000,1,43.55278090,0.00492119
1622182071556000,1,16.74598194,0.00491988
1622182071556000,1,6.69832014,0.00491988
1622182071556000,1,0.48000000,0.00491697
1622182105693000,1,6.71367000,0.00489744
1622182109577000,0,13.82462271,0.00490336
1622182140275000,0,5.25838000,0.00490282
1622182140275000,0,4.83384099,0.00490302
1622182161321000,0,2.74077500,0.00490589
1622182218615000,1,8.61992079,0.00489694
1622182270558000,1,1.84568900,0.00489030
1622182285148000,0,0.48000000,0.00490050
1622182285148000,0,18.94200000,0.00490153
1622182298876000,0,1.19480200,0.00490596
1622182380868000,1,0.04147239,0.00489000
1622182429301000,0,0.62669200,0.00489512
1622182459875000,0,0.10802399,0.00489247
1622182486313000,0,0.13862300,0.00489855
1622182612508000,1,41.25029000,0.00489855
1622182612633000,1,0.00000625,0.00489855
1622182615028000,0,0.50000000,0.00489983
1622182615028000,0,0.12849200,0.00489998
1622182656262000,0,1.76216000,0.00489721
1622182682213000,1,3.27868852,0.00488000
1622182689679000,1,0.20600000,0.00487600
1622182805775000,0,2.69927000,0.00483774
1622182808882000,0,1.40000000,0.00483187
1622182808882000,0,0.48000000,0.00483187
1622182808882000,0,0.51000000,0.00483532
1622182808882000,0,0.50000000,0.00483533
1622182808882000,0,31.40214913,0.00483554
1622182822473000,1,0.74758592,0.00481550
1622182875466000,0,0.42555085,0.00481952
1622182875466000,0,3.22777415,0.00481954
1622182879610000,0,21.50000000,0.00481953
1622182879710000,0,10.50176000,0.00481953
1622182880882000,0,0.00000466,0.00481953
1622182899395000,0,1.40000000,0.00483928
1622182899395000,0,0.85425300,0.00483999
1622182901726000,0,1.30848400,0.00483995
1622182921064000,1,6.32618000,0.00484000
1622183021875000,1,69.29044478,0.00483774
1622183021875000,1,25.13554545,0.00483772
1622183024802000,1,21.23450453,0.00483772
1622183106222000,0,0.99341000,0.00484364
1622183106653000,0,20.52511000,0.00484364
1622183107160000,0,0.00000529,0.00484364
1622183292656000,1,0.50000000,0.00484406
1622183292656000,1,1.23632352,0.00484164
1622183320064000,1,0.50000000,0.00485160
1622183320064000,1,4.33613056,0.00484988
1622183356015000,1,0.48000000,0.00485695
1622183546762000,0,0.40000000,0.00483000
1622183562691000,0,17.18915658,0.00483845
1622183580639000,1,0.06447300,0.00484000
1622183612779000,1,26.50000000,0.00483248
1622183612868000,1,18.16697000,0.00483248
1622183613361000,1,0.00000656,0.00483248
1622183628782000,1,13.59789000,0.00482445
1622183644564000,0,0.49000000,0.00482381
1622183644564000,0,7.65896700,0.00482391
1622183661626000,1,0.50000000,0.00480340
1622183661626000,1,0.49000000,0.00480260
1622183705494000,0,1.48000000,0.00482010
1622183706091000,0,26.52000000,0.00482010
1622183706103000,0,1.48000000,0.00482010
1622183746988000,0,13.58212069,0.00483802
1622183746988000,0,0.50000000,0.00483972
1622183790075000,1,0.50000000,0.00483731
1622183790075000,1,1.40000000,0.00483576
1622183790075000,1,0.51000000,0.00483365
1622183790075000,1,0.50000000,0.00483365
1622183790075000,1,8.55576186,0.00483349
1622183790075000,1,0.49000000,0.00483256
1622183790075000,1,1.51313414,0.00483219
1622183854157000,0,0.65185600,0.00486356
1622183859466000,0,0.50000000,0.00486320
1622183859466000,0,0.65485800,0.00486321
1622183891492000,0,2.07734000,0.00486772
1622183895051000,1,0.43199999,0.00486420
1622183895842000,1,0.45899999,0.00486558
1622183896512000,1,0.05100001,0.00486558
1622183896512000,1,1.40000000,0.00486535
1622183896512000,1,0.20043903,0.00486518
1622184027697000,1,14.06230000,0.00486658
1622184122676000,1,13.94024366,0.00486579
1622184209687000,0,13.90890766,0.00487520
1622184209687000,0,0.48000000,0.00487627
1622184226396000,0,13.90827766,0.00487569
1622184236333000,0,5.34154000,0.00487568
1622184236333000,0,13.90827766,0.00487569
1622184264112000,1,0.06473200,0.00488000
1622184269336000,1,0.14112900,0.00488000
1622184270712000,1,0.22862600,0.00488000
1622184270712000,1,0.18145300,0.00488000
1622184281763000,0,24.22556534,0.00487999
1622184284691000,0,0.49000000,0.00487935
1622184309723000,0,5.59320689,0.00488607
1622184314737000,1,2.00144000,0.00489000
1622184317490000,1,0.00000900,0.00489000
1622184335254000,0,9.17689100,0.00488999
1622184344987000,0,13.85277960,0.00488794
1622184349396000,0,14.25339574,0.00488999
1622184349396000,0,13.85649700,0.00489020
1622184357182000,0,7.68043600,0.00489782
1622184404050000,1,0.70000000,0.00491000
1622184404058000,1,0.43806600,0.00491000
1622184503436000,0,2.57927500,0.00490858
1622184520559000,0,5.27636600,0.00490397
1622184548771000,0,0.05218000,0.00490748
1622184571677000,0,0.48000000,0.00490521
1622184571677000,0,7.06091600,0.00490549
1622184602584000,0,5.66719539,0.00490294
1622184713906000,1,1.40000000,0.00488075
1622184714803000,0,42.95912992,0.00488000
1622184754041000,1,1.40000000,0.00487812
1622184754041000,1,0.51000000,0.00487811
1622184754041000,1,7.20910200,0.00487794
1622184819581000,0,1.01265300,0.00487960
1622184822610000,1,13.51943000,0.00487151
1622184862286000,0,6.34354300,0.00487466
1622184931786000,0,2.11492000,0.00487157
1622184931800000,0,0.00000963,0.00487157
1622184944427000,0,2.11492963,0.00488637
1622184944427000,0,0.48000000,0.00488638
1622184944427000,0,2.40779508,0.00488644
1622185017677000,0,0.12452400,0.00489366
1622185034599000,0,9.12138700,0.00488980
1622185073750000,0,1.33700700,0.00489723
1622185174503000,0,2.26784310,0.00488192
1622185236422000,1,0.39351200,0.00487094
1622185286713000,1,1.40000000,0.00486285
1622185290865000,0,0.63259700,0.00486914
1622185328778000,1,14.18122542,0.00485787
1622185328778000,1,8.49711235,0.00485719
1622185328778000,1,1.40000000,0.00485712
1622185328778000,1,0.49000000,0.00485689
1622185332288000,0,0.63404000,0.00486497
1622185350063000,0,1.20675200,0.00486414
1622185368342000,0,0.05241200,0.00485977
1622185370869000,1,0.50000000,0.00484993
1622185370869000,1,1.40000000,0.00484960
1622185373479000,1,1.40000000,0.00485212
1622185373479000,1,0.50000000,0.00485211
1622185373479000,1,36.12286034,0.00485109
1622185373479000,1,13.98924703,0.00485107
1622185373479000,1,0.01000000,0.00485084
1622185379938000,1,1.40000000,0.00485031
1622185379938000,1,0.49000000,0.00484911
1622185379938000,1,13.98440100,0.00484858
1622185379938000,1,11.24779034,0.00484840
1622185384322000,1,13.95350087,0.00485447
1622185385642000,0,0.70000000,0.00485997
1622185387698000,0,2.97080596,0.00485997
1622185390396000,0,10.13520200,0.00486322
1622185395318000,1,12.68144000,0.00486033
1622185625039000,0,2.32666251,0.00485291
1622185625339000,0,33.87313749,0.00485291
1622185671766000,1,0.03815800,0.00486581
1622185702658000,0,3.46541000,0.00486581
1622185702674000,0,0.00000376,0.00486581
1622185791584000,0,1.40000000,0.00487350
1622185810631000,0,35.02638000,0.00487703
1622185810832000,0,1.07362000,0.00487703
1622185810832000,0,8.43565140,0.00487765
1622185810832000,0,0.48000000,0.00487868
1622185842234000,0,1.11476400,0.00488244
1622185907773000,0,0.24905700,0.00487930
1622185914983000,1,1.40000000,0.00487606
1622185995827000,0,0.51000000,0.00488971
1622185995827000,0,7.68223300,0.00488999
1622186028821000,1,0.12600000,0.00489000
1622186051645000,0,0.12600000,0.00489651
1622186051650000,0,2.21615566,0.00489651
1622186062443000,0,0.51000000,0.00490911
1622186062443000,0,0.67894069,0.00490994
1622186062443000,0,5.89467231,0.00490995
1622186066579000,1,1.40000000,0.00489774
1622186066579000,1,2.65962642,0.00489774
1622186081641000,0,0.06320800,0.00490994
1622186089637000,1,1.40000000,0.00489969
1622186201395000,1,0.70000000,0.00490000
1622186201530000,1,0.61432000,0.00490000
1622186201530000,1,11.25163000,0.00490000
1622186221297000,0,0.87962156,0.00490408
1622186221297000,0,0.52438144,0.00490408
1622186221931000,1,0.00000100,0.00490000
1622186264462000,0,0.49000000,0.00490813
1622186264462000,0,0.26885700,0.00490871
1622186350502000,0,1.62402700,0.00490958
1622186365938000,0,20.00000000,0.00491000
1622186491172000,0,0.51000000,0.00490574
1622186491172000,0,0.08758600,0.00490638
1622186533114000,0,0.06752200,0.00490520
1622186542434000,0,0.43782900,0.00490535
1622186569385000,0,1.28037400,0.00490981
1622186591120000,0,1.34362671,0.00490512
1622186591120000,0,3.35892291,0.00490512
1622186591120000,0,13.76106007,0.00490513
1622186591120000,0,1.40000000,0.00490603
1622186591120000,0,0.50000000,0.00490610
1622186591120000,0,4.62021431,0.00490725
1622186596191000,0,0.30662900,0.00490505
1622186634293000,0,0.61810700,0.00490287
1622186636178000,1,1.39999999,0.00489528
1622186636181000,1,0.00000001,0.00489528
1622186636182000,1,6.70311878,0.00489467
1622186636182000,1,0.49000000,0.00489466
1622186645434000,1,6.76194310,0.00489276
1622186645438000,1,0.37265597,0.00489276
1622186682037000,1,1.40000000,0.00489792
1622186682037000,1,0.49000000,0.00489791
1622186682037000,1,11.82311555,0.00489684
1622186741361000,0,0.93558700,0.00489548
1622186851802000,0,1.81159512,0.00489354
1622186851802000,0,0.50000000,0.00489355
1622186851802000,0,4.52732588,0.00489420
1622186851802000,0,0.44810900,0.00489421
1622186873617000,1,6.73804000,0.00488530
1622186888226000,1,0.00000717,0.00488530
1622186896092000,0,0.42017800,0.00488996
1622186897659000,0,1.38249183,0.00488996
1622186897659000,0,1.13585017,0.00488997
1622186963391000,0,0.71740200,0.00489271
1622187056559000,1,0.18454900,0.00490000
1622187132307000,0,4.61957000,0.00488835
1622187161768000,0,0.70000000,0.00488000
1622187161772000,0,3.42778800,0.00488000
1622187175830000,1,0.70000000,0.00490000
1622187175894000,1,11.91526400,0.00490000
1622187201645000,0,11.80023000,0.00489998
1622187206780000,0,0.00000824,0.00489998
1622187303845000,0,6.02835100,0.00490839
1622187326995000,0,2.50968100,0.00489998
1622187354058000,0,0.05634200,0.00489449
1622187454911000,0,1.98928800,0.00488948
1622187483765000,0,1.03675300,0.00488999
1622187507192000,0,0.63231000,0.00488942
1622187523646000,0,0.05058500,0.00488841
1622187531601000,0,0.37738400,0.00488994
1622187596256000,0,0.18924800,0.00488634
1622187620001000,0,1.00604100,0.00489873
1622187662051000,1,1.26435000,0.00489000
1622187662159000,1,0.00000100,0.00489000
1622187686537000,1,1.40000000,0.00489141
1622187773600000,0,0.12627300,0.00489846
1622187810919000,1,1.40000000,0.00489873
1622187814233000,0,0.72546400,0.00490381
1622187927841000,0,0.12637700,0.00490999
1622187950293000,0,2.37742200,0.00490459
1622188022967000,0,1.29573200,0.00490152
1622188387014000,0,6.75471000,0.00491159
1622188389661000,0,0.00000663,0.00491159
1622188389661000,0,31.50087337,0.00491433
1622188390011000,0,12.39741000,0.00491433
1622188390320000,0,0.00000281,0.00491433
1622188477304000,1,6.71323485,0.00492777
1622188477844000,1,6.71323485,0.00492539
1622188477844000,1,16.78363126,0.00492539
1622188477844000,1,1.40000000,0.00492454
1622188489871000,0,0.26377700,0.00493050
1622188502509000,1,6.72257277,0.00492300
1622188502608000,1,6.71988000,0.00492296
1622188502785000,1,0.00000679,0.00492296
1622188531556000,1,5.69278000,0.00493000
1622188531641000,1,0.00000900,0.00493000
1622188605213000,0,1.61943700,0.00492551
1622188731490000,0,0.36625000,0.00493488
1622188842266000,0,0.37584100,0.00490942
1622188848311000,0,2.02831100,0.00490941
1622188915138000,0,1.14815908,0.00489998
1622188949566000,1,0.51000000,0.00488646
1622188951956000,1,0.16000000,0.00487595
1622188952131000,0,0.50000000,0.00488527
1622188952131000,0,0.48576800,0.00488748
1622188953664000,0,0.53681464,0.00488754
1622189010294000,0,0.23329300,0.00489993
1622189030667000,1,0.15399600,0.00490000
1622189030667000,1,1.26630000,0.00490000
1622189084889000,1,0.06746600,0.00491000
1622189086137000,1,0.48000000,0.00490612
1622189086232000,0,8.25902908,0.00490358
1622189086488000,0,11.06937000,0.00490358
1622189087692000,0,0.00000090,0.00490358
1622189201165000,1,0.06283800,0.00492000
1622189262316000,0,1.91441200,0.00491965
1622189262892000,0,0.50214400,0.00491965
1622189307887000,0,0.06281200,0.00491655
1622189321711000,0,0.60000000,0.00491557
1622189328481000,0,0.41492900,0.00491705
1622189415243000,0,1.12779700,0.00491519
1622189427816000,0,6.31202500,0.00491274
1622189436581000,0,1.25616900,0.00491037
1622189452429000,0,0.48836800,0.00490759
1622189522360000,1,2.98952000,0.00490000
1622189525063000,1,0.00000500,0.00490000
1622189581606000,0,0.09437400,0.00489792
1622189663735000,0,0.63101900,0.00489776
1622189680243000,0,11.67039400,0.00489944
1622189836529000,1,1.88151000,0.00492000
1622189881196000,0,0.26119000,0.00491643
1622189916358000,0,5.00000000,0.00491488
1622189946397000,0,0.45419900,0.00491511
1622189968281000,0,0.48000000,0.00491419
1622189968281000,0,0.05182400,0.00491431
1622190127745000,0,0.06301600,0.00489698
1622190127919000,0,0.07448100,0.00489698
1622190205112000,0,0.18937500,0.00490072
1622190247581000,0,1.00894500,0.00488997
1622190351685000,0,0.18923100,0.00490201
1622190397688000,0,0.77387400,0.00490188
1622190606810000,0,1.40000000,0.00490412
1622190606810000,0,1.24677600,0.00490413
1622190668356000,0,1.32884900,0.00491513
1622190690728000,0,2.05471400,0.00491248
1622190742102000,0,0.25324605,0.00491135
1622190761331000,0,15.42495700,0.00491576
1622191069625000,0,1.06434700,0.00491344
1622191112887000,0,0.92188300,0.00491135
1622191132288000,0,0.06318700,0.00491366
1622191178632000,1,6.74008289,0.00490112
1622191178632000,1,16.85481699,0.00490083
1622191178632000,1,0.49000000,0.00490007
1622191178778000,0,0.49000000,0.00490000
1622191200829000,0,0.37719700,0.00489586
1622191257336000,0,0.06490300,0.00490890
1622191527904000,0,0.06284000,0.00490552
1622191569142000,0,0.41663200,0.00489982
1622191569325000,0,0.05418200,0.00489982
1622191992959000,0,0.99162300,0.00489499
1622192095111000,1,2.20838000,0.00488146
1622192103994000,1,0.00000642,0.00488146
1622192122752000,0,6.83363136,0.00488344
1622192129374000,0,0.06365600,0.00488481
1622192179029000,1,0.49000000,0.00487204
1622192179158000,0,0.50000000,0.00487171
1622192179234000,0,0.70000000,0.00487171
1622192179361000,0,4.55230204,0.00487171
1622192192855000,1,0.41121467,0.00486607
1622192198475000,1,0.51000000,0.00485137
1622192199470000,1,0.50000000,0.00485071
1622192199470000,1,5.00000000,0.00485000
1622192200857000,0,0.50062404,0.00484290
1622192208660000,0,0.51000000,0.00482736
1622192208660000,0,5.10744608,0.00482753
1622192209271000,1,0.50000000,0.00481627
1622192209271000,1,124.30000000,0.00481500
1622192209479000,1,63.95575077,0.00481500
1622192210367000,1,0.05485729,0.00480000
1622192210646000,1,22.00000000,0.00481628
1622192211846000,0,0.28071224,0.00481625
1622192220358000,1,0.49000000,0.00480927
1622192220370000,0,1.40000000,0.00480808
1622192220477000,0,16.06545859,0.00480808
1622192222269000,1,0.48000000,0.00481451
1622192222286000,0,27.67046944,0.00481055
1622192224531000,0,26.50000000,0.00482752
1622192226671000,0,0.11709460,0.00484265
1622192279156000,0,0.53104400,0.00485451
1622192309946000,0,0.50000000,0.00487018
1622192309946000,0,0.50000000,0.00487131
1622192309946000,0,0.48000000,0.00487253
1622192309946000,0,1.40000000,0.00487261
1622192309946000,0,1.80639682,0.00487374
1622192436918000,0,0.50000000,0.00487169
1622192436918000,0,4.69290200,0.00487386
1622192479386000,1,0.47608976,0.00484826
1622192620397000,1,0.51000000,0.00486485
1622192620397000,1,0.08758600,0.00486446
1622192623949000,0,15.00000000,0.00487215
1622192641522000,1,0.50000000,0.00486364
1622192681524000,0,6.86568600,0.00487766
1622192796382000,0,0.51000000,0.00488925
1622192796483000,1,0.54200000,0.00489000
1622192796483000,1,0.00065900,0.00489000
1622192815480000,1,0.17170000,0.00487922
1622192832386000,1,13.51544000,0.00487677
1622192846855000,0,0.49000000,0.00487733
1622192846855000,0,1.65969625,0.00487834
1622192883706000,0,0.48000000,0.00487992
1622192883867000,1,0.15800000,0.00488000
1622192883870000,1,0.14405700,0.00488000
1622192970428000,0,0.51000000,0.00487632
1622192970428000,0,0.27493300,0.00487700
1622193060437000,1,0.04847500,0.00488000
1622193107132000,1,0.30600000,0.00487194
1622193107132000,1,0.51000000,0.00487191
1622193107132000,1,0.49000000,0.00487071
1622193107132000,1,8.94965460,0.00487001
1622193107135000,1,10.25565459,0.00487001
1622193107140000,1,8.23663496,0.00487001
1622193107141000,1,10.25565460,0.00487001
1622193107148000,1,10.25565459,0.00487001
1622193125202000,0,1.50816500,0.00488022
1622193147695000,1,13.70006000,0.00486796
1622193176024000,0,0.06608100,0.00486504
1622193191430000,1,14.13474000,0.00485003
1622193193877000,0,0.45000000,0.00485624
1622193232549000,0,0.49000000,0.00485596
1622193232549000,0,2.53797800,0.00485796
1622193238115000,0,0.07842300,0.00485081
1622193255358000,0,0.12931400,0.00485315
1622193256931000,0,0.45000000,0.00485062
1622193258805000,0,0.06601200,0.00485258
1622193278313000,0,0.41445300,0.00485979
1622193318520000,0,0.78397700,0.00486337
1622193330871000,1,1.35987200,0.00486000
1622193341061000,0,0.70000000,0.00485808
1622193343237000,0,0.06593700,0.00486170
1622193377686000,1,0.51000000,0.00485185
1622193377686000,1,0.51000000,0.00485046
1622193377686000,1,0.78881000,0.00485018
1622193396866000,1,1.40000000,0.00485249
1622193396866000,1,4.50000627,0.00485248
1622193405733000,1,14.34171803,0.00485548
1622193405733000,1,0.48000000,0.00485353
1622193405733000,1,1.40000000,0.00485252
1622193405733000,1,11.65566577,0.00485251
1622193405733000,1,2.93043625,0.00485249
1622193486947000,0,0.50000000,0.00486022
1622193486947000,0,0.23104900,0.00486042
1622193505671000,0,17.55895000,0.00486042
1622193530962000,0,0.50000000,0.00486812
1622193530962000,0,1.27938100,0.00486890
1622193540126000,1,0.21600000,0.00487000
1622193540242000,1,0.00057900,0.00487000
1622193552306000,0,0.40152200,0.00486813
1622193570368000,0,0.49000000,0.00486324
1622193570368000,0,0.19345800,0.00486396
1622193581497000,0,0.39243600,0.00486119
1622193587359000,1,14.30276000,0.00485001
1622193621712000,0,0.39317600,0.00484827
1622193627434000,0,0.10569900,0.00484833
1622193663134000,0,0.81601600,0.00484632
1622193706645000,0,0.50000000,0.00484902
1622193706645000,0,8.18695500,0.00484940
1622193734505000,0,1.00381200,0.00484620
1622193761228000,1,0.49000000,0.00482718
1622193761228000,1,1.40000000,0.00482602
1622193761228000,1,0.50000000,0.00482601
1622193761228000,1,14.22963362,0.00482553
1622193761228000,1,4.63090471,0.00482552
1622193796634000,0,0.33625400,0.00483016
1622193823870000,1,0.50000000,0.00481230
1622193823870000,1,0.51000000,0.00481111
1622193823870000,1,1.40000000,0.00481017
1622193823978000,0,0.21600000,0.00481000
1622193823989000,0,1.87400000,0.00481000
1622193924156000,1,0.68612000,0.00482000
1622193924156000,1,0.06666500,0.00482000
1622193932405000,0,14.32551000,0.00482321
1622193970042000,0,0.34169130,0.00482400
1622193987245000,1,0.08543700,0.00482000
1622193996089000,0,0.31709500,0.00481909
1622194007732000,0,0.69978800,0.00481847
1622194059926000,1,0.51000000,0.00480272
1622194061875000,1,13.63245539,0.00480033
1622194082667000,0,0.48000000,0.00480545
1622194082667000,0,1.90795300,0.00480567
1622194125006000,0,3.89031100,0.00479971
1622194244897000,1,0.20521200,0.00478845
1622194253379000,0,13.20306000,0.00479937
1622194346495000,1,0.11647300,0.00480670
1622194417219000,0,1.92181000,0.00481000
1622194461889000,0,2.25444000,0.00481000
1622194462354000,0,0.00000600,0.00481000
1622194510637000,0,0.49000000,0.00482336
1622194510637000,0,1.51000000,0.00482357
1622194587773000,0,0.12377600,0.00482000
1622194600024000,0,3.97520800,0.00482903
1622194772398000,0,0.13292400,0.00482323
1622194817518000,0,4.70156700,0.00482999
1622194846088000,0,5.14670000,0.00483675
1622194852239000,0,0.00000417,0.00483675
1622194886097000,0,1.55010300,0.00484429
1622194949720000,0,1.19964100,0.00484204
1622195199529000,1,0.49000000,0.00486256
1622195199529000,1,0.39200001,0.00486215
1622195200517000,1,0.50000000,0.00486578
1622195200517000,1,0.32809959,0.00486459
1622195225286000,0,0.78604600,0.00487013
1622195315215000,0,0.50000000,0.00487046
1622195315215000,0,0.48000000,0.00487289
1622195315215000,0,0.00771600,0.00487289
1622195343748000,0,1.40000000,0.00487171
1622195343748000,0,0.51000000,0.00487172
1622195343748000,0,0.50000000,0.00487415
1622195343748000,0,0.49000000,0.00487416
1622195343748000,0,2.10000000,0.00487470
1622195344240000,1,0.48000000,0.00486822
1622195383304000,0,3.88189200,0.00486652
1622195405211000,0,1.51893800,0.00486964
1622195672242000,0,12.07311800,0.00485262
1622195672386000,0,1.30311100,0.00485262
1622195679254000,0,0.07578700,0.00484711
1622195712144000,0,1.40000000,0.00484901
1622195712144000,0,17.38911844,0.00484902
1622195712144000,0,14.33282001,0.00484904
1622195712144000,0,99.39742055,0.00485000
1622195771679000,0,5.00000000,0.00484469
1622195798588000,0,1.30525000,0.00484998
1622195835672000,0,0.39973300,0.00484996
1622195843141000,0,0.70182800,0.00484974
1622195884622000,0,4.23209666,0.00484997
1622196138851000,0,7.02162473,0.00482723
1622196138851000,0,11.97837527,0.00482723
1622196138944000,0,5.57475000,0.00482723
1622196140932000,0,0.00000911,0.00482723
1622196250819000,0,0.13117100,0.00483994
1622196299556000,1,0.06548700,0.00484000
1622196479554000,0,0.13859600,0.00482626
1622196537076000,0,1.40000000,0.00483493
1622196537076000,0,1.95586500,0.00483493
1622196732217000,0,0.51000000,0.00485995
1622196732217000,0,7.32557600,0.00485999
1622196782795000,1,14.22255000,0.00485043
1622196935634000,0,15.13022000,0.00486169
1622196942640000,0,1.60422367,0.00486169
1622197066393000,0,13.12842600,0.00487515
1622197144751000,0,14.12180116,0.00487467
1622197189378000,1,0.48000000,0.00487369
1622197189378000,1,6.98286031,0.00487339
1622197306744000,0,1.09040200,0.00486764
1622197393367000,0,5.81126000,0.00486129
1622197592124000,1,0.11600000,0.00486000
1622197595605000,1,0.00048100,0.00486000
1622197658340000,0,0.59600000,0.00486294
1622197694933000,0,3.14819764,0.00486294
1622197717615000,0,5.02962157,0.00486294
1622197740894000,0,4.15238800,0.00486865
1622197901908000,1,0.50000000,0.00485022
1622197901908000,1,3.03757045,0.00485003
1622198015822000,0,1.86882400,0.00485166
1622198147878000,0,1.40000000,0.00484339
1622198147878000,0,4.06059100,0.00484340
1622198147878000,0,2.85767912,0.00484341
1622198147878000,0,5.59648988,0.00484352
1622198357825000,0,4.12435900,0.00484742
1622198410974000,0,0.32277700,0.00485000
1622198526056000,0,0.20723783,0.00485610
1622198742567000,0,12.87643400,0.00484915
1622198781757000,0,2.02570900,0.00484546
1622198803428000,0,1.00000000,0.00484591
1622198826287000,0,1.91068900,0.00484304
1622198919645000,0,0.10686000,0.00483627
1622199057337000,0,6.96619797,0.00484685
1622199098399000,1,6.97504922,0.00483465
1622199098399000,1,0.02495078,0.00483465
1622199201301000,1,12.59272000,0.00484622
1622199203905000,1,0.00000330,0.00484622
1622199285645000,1,6.95570000,0.00483760
1622199298915000,0,1.01873700,0.00484214
1622199300151000,1,0.00000150,0.00483760
1622199349653000,1,10.00000000,0.00483597
1622199407250000,0,1.40000000,0.00485040
1622199407250000,0,2.51653600,0.00485097
1622199428676000,0,30.74631241,0.00484785
1622199428676000,0,6.96871741,0.00484786
1622199428676000,0,0.49000000,0.00484787
1622199428676000,0,1.60393818,0.00484815
1622199661507000,0,1.25637300,0.00483156
1622199755028000,0,6.55589000,0.00484785
1622199830868000,0,0.65287300,0.00485347
1622199966755000,0,1.40000000,0.00484925
1622199966755000,0,0.18037700,0.00484926
1622200061415000,0,1.30494900,0.00484237
1622200303463000,0,0.78873400,0.00482000
1622200307023000,0,1.40000000,0.00481998
1622200307023000,0,0.25975106,0.00481999
1622200307863000,0,1.65975443,0.00482000
1622200375296000,1,0.52504200,0.00482000
1622200424758000,1,1.00845000,0.00482000
1622200425446000,1,0.00000600,0.00482000
1622200440804000,0,0.91572600,0.00482375
1622200441170000,0,0.48427400,0.00482375
1622200441170000,0,1.49290300,0.00482376
1622200507445000,0,0.33951600,0.00482472
1622200737406000,1,0.49000000,0.00484631
1622200737406000,1,0.45616700,0.00484441
1622201019670000,1,0.48000000,0.00479648
1622201019670000,1,14.51873290,0.00479600
1622201019670000,1,1.40000000,0.00479526
1622201019670000,1,0.02134810,0.00479525
1622201104942000,1,1.40000000,0.00479263
1622201104942000,1,14.30819770,0.00479259
1622201104942000,1,0.49000000,0.00479238
1622201104942000,1,0.50000000,0.00479100
1622201104942000,1,4.00084230,0.00479030
1622201138173000,1,0.39811200,0.00480000
1622201169277000,1,19.24020400,0.00479640
1622201273493000,0,7.08712628,0.00479838
1622201393527000,1,3.70603357,0.00478116
1622201531220000,0,13.96841000,0.00479902
1622201654979000,1,5.88357500,0.00480092
1622201711040000,0,0.33537900,0.00481234
1622202014583000,0,4.86533100,0.00478467
1622202063784000,0,0.42763400,0.00477713
1622202075123000,1,5.00000000,0.00477000
1622202079295000,0,0.08126900,0.00477116
1622202117130000,1,29.50000000,0.00475611
1622202144799000,1,4.38721322,0.00475100
1622202144803000,1,4.76157213,0.00475100
1622202144805000,1,10.51799416,0.00475100
1622202144806000,1,10.51799416,0.00475100
1622202145042000,1,9.35474626,0.00475100
1622202145665000,1,25.00000000,0.00475000
1622202237220000,0,4.95436311,0.00475642
1622202283534000,0,1.47235399,0.00474932
1622202294970000,0,1.40000000,0.00476194
1622202464810000,1,14.62669000,0.00473366
1622202533374000,1,14.07629000,0.00471859
1622202533510000,1,1.00000000,0.00471522
1622202541863000,1,5.00000000,0.00470000
1622202541863000,1,20.00000000,0.00470000
1622202541918000,1,4.22292945,0.00470000
1622202541919000,1,0.77707055,0.00470000
1622202542240000,1,0.47000000,0.00469061
1622202542240000,1,1.53000000,0.00468910
1622202578164000,0,0.28591900,0.00470733
1622202639470000,1,0.20519700,0.00473000
1622202711770000,0,0.39440400,0.00472764
1622202779850000,0,0.51000000,0.00473747
1622202779850000,0,0.50915400,0.00473904
1622202907801000,0,0.49000000,0.00473658
1622202907893000,0,50.88000000,0.00473800
1622202948440000,0,4.99000000,0.00474221
1622203173019000,0,2.03860300,0.00473987
1622203178659000,0,0.32942831,0.00473720
1622203178659000,0,0.11211269,0.00473990
1622203186458000,1,0.51000000,0.00473514
1622203186458000,1,0.48000000,0.00473440
1622203186458000,1,0.51000000,0.00473379
1622203186464000,1,1.50000000,0.00473362
1622203186477000,1,10.54959017,0.00473252
1622203186484000,1,2.72599634,0.00473252
1622203213965000,1,1.50000000,0.00472548
1622203213965000,1,2.95000000,0.00472546
1622203219652000,1,11.34391000,0.00472546
1622203275329000,0,5.00000000,0.00474517
1622203289599000,1,0.51000000,0.00474610
1622203289599000,1,0.49000000,0.00474489
1622203289599000,1,0.48000000,0.00474379
1622203289599000,1,0.50000000,0.00474379
1622203289599000,1,1.50419894,0.00474142
1622203289599000,1,0.50000000,0.00474142
1622203289599000,1,0.50000000,0.00474141
1622203289599000,1,40.51056758,0.00474057
1622203289599000,1,14.68778454,0.00474056
1622203289599000,1,0.50000000,0.00474054
1622203289599000,1,0.50000000,0.00474053
1622203289599000,1,34.27794894,0.00474000
1622203301315000,0,13.93074040,0.00475584
1622203301315000,0,5.73217857,0.00475585
1622203411592000,1,0.06537100,0.00476456
1622203581681000,1,1.68318999,0.00477413
1622203582227000,1,1.63631550,0.00477413
1622203641810000,0,0.51000000,0.00478461
1622203641810000,0,7.64340000,0.00478588
1622203873329000,1,0.89275049,0.00477737
1622203873329000,1,0.15356051,0.00477725
1622203992087000,1,0.50000000,0.00478908
1622204007489000,0,29.00000000,0.00478870
1622204214717000,0,0.49000000,0.00478760
1622204214717000,0,0.51000000,0.00478915
1622204214717000,0,3.31995500,0.00478981
1622204236927000,0,2.00000000,0.00478954
1622204366449000,0,5.00000000,0.00477776
1622204531182000,0,0.78825300,0.00479234
1622204534349000,0,4.53989000,0.00478990
1622204537356000,0,0.00000200,0.00478990
1622204538715000,0,23.85826000,0.00479264
1622204538813000,0,21.45855000,0.00479264
1622204756489000,0,0.51000000,0.00481754
1622204756489000,0,0.33977200,0.00481810
1622204883956000,0,0.08468200,0.00480454
1622205135601000,1,0.70000000,0.00481006
1622205136831000,1,6.18264000,0.00481006
1622205137171000,1,0.00000168,0.00481006
1622205137171000,1,6.88249832,0.00481002
1622205152117000,0,3.45012000,0.00481000
1622205219875000,1,1.66549075,0.00482084
1622205276524000,1,17.25558867,0.00481511
1622205276775000,1,8.44017103,0.00481282
1622205285922000,1,10.40312399,0.00480065
1622205285927000,1,1.01911541,0.00480065
1622205286610000,1,6.92531000,0.00480064
1622205413910000,0,0.47000000,0.00479572
1622205413910000,0,2.85986800,0.00479584
1622205444797000,1,25.50000000,0.00478745
1622205445209000,1,19.61133632,0.00478745
1622205445209000,1,5.88866368,0.00478745
1622205461409000,0,0.49000000,0.00478941
1622205461409000,0,0.79643500,0.00478963
1622205565770000,1,6.93283000,0.00479670
1622205565982000,1,6.93072000,0.00479666
1622205566543000,1,0.00000324,0.00479666
1622205635323000,1,13.74640000,0.00479688
1622205804355000,0,0.37183500,0.00478999
1622206081396000,0,0.21485200,0.00479415
1622206560806000,1,0.07759500,0.00483000
1622206561552000,1,13.42260000,0.00482770
1622206565581000,1,1.20659100,0.00482160
1622206672988000,1,3.99692800,0.00482329
1622206730110000,1,1.40000000,0.00483097
1622206730110000,1,0.33756300,0.00483096
1622207077196000,1,2.75933000,0.00485492
1622207668298000,0,17.04630000,0.00482515
1622207668969000,0,0.00000765,0.00482515
1622207668969000,0,44.31340235,0.00482615
1622207671687000,0,0.00001647,0.00482615
1622207686972000,1,0.49000000,0.00483000
1622207687025000,1,4.66334900,0.00483000
1622208026208000,0,0.19202100,0.00481827
1622208067106000,1,3.00000000,0.00481000
1622208067482000,1,0.63973700,0.00481000
1622208353486000,0,1.40000000,0.00478468
1622208353486000,0,0.27199957,0.00478468
1622208354341000,0,1.40000000,0.00478371
1622208354341000,0,0.27234217,0.00478372
1622208408850000,0,6.89004000,0.00478386
1622208409281000,0,6.89228000,0.00478452
1622208415032000,0,0.00000448,0.00478452
1622208572173000,0,0.70000000,0.00478577
1622208573008000,0,19.29000000,0.00478577
1622208643808000,0,0.07701000,0.00479376
1622208664970000,0,0.07682400,0.00479377
1622208924199000,1,0.65200000,0.00481000
1622209034050000,1,0.04800000,0.00481829
1622209406922000,1,0.06205600,0.00481829
1622209427561000,1,0.00006872,0.00481829
1622209441207000,0,1.40000000,0.00481790
1622209441207000,0,0.50853200,0.00481791
1622209446612000,0,1.67613700,0.00481782
1622209446862000,0,0.10978900,0.00481782
1622209462958000,0,14.04134374,0.00481606
1622209462958000,0,2.29371126,0.00481804
1622209489791000,0,0.04997600,0.00481716
1622209570424000,0,0.30786100,0.00481161
1622209701258000,1,1.66265202,0.00483145
1622209703072000,1,0.45000000,0.00483495
1622209807166000,0,0.74223600,0.00482636
1622209942269000,1,0.50000000,0.00481439
1622210062712000,0,0.06379100,0.00482311
1622210062825000,0,0.04474100,0.00482311
1622210083689000,0,0.05089700,0.00482524
1622210225198000,1,6.80362128,0.00480919
1622210225198000,1,17.00940754,0.00480919
1622210225198000,1,13.98912382,0.00480917
1622210225198000,1,6.62846436,0.00480809
1622210533824000,0,0.06601400,0.00481401
1622211046257000,0,0.20870400,0.00482909
1622211129836000,1,0.08412000,0.00481710
1622211173898000,1,1.40000000,0.00482059
1622211173898000,1,8.29342086,0.00482058
1622211173898000,1,6.81026947,0.00482057
1622211173898000,1,8.49630967,0.00482041
1622211195995000,0,1.40000000,0.00482584
1622211195995000,0,2.43698700,0.00482592
1622211215205000,0,0.09331900,0.00482402
1622211239825000,0,0.66404200,0.00482372
1622211253458000,1,0.15918821,0.00481488
1622211473402000,0,3.55188651,0.00483113
1622211536996000,0,0.06415900,0.00482481
1622211770381000,1,1.97191300,0.00483360
1622212000587000,0,93.83705496,0.00483567
1622212000587000,0,14.15401923,0.00483569
1622212000587000,0,1.40000000,0.00483573
1622212000672000,1,51.60892581,0.00483580
1622212417305000,1,0.45899999,0.00486521
1622212417880000,1,0.77268973,0.00486522
1622212778812000,0,0.46971500,0.00483400
1622212812156000,0,0.48000000,0.00484602
1622212812156000,0,6.83322751,0.00484617
1622212812156000,0,3.01657620,0.00484713
1622212812156000,0,10.32980372,0.00484713
1622212926486000,1,0.99000000,0.00485576
1622213118537000,1,0.06121776,0.00485263
1622213245621000,0,1.54343200,0.00485459
1622213513119000,0,1.27440900,0.00486212
1622213560301000,1,0.06681800,0.00487000
1622213585686000,1,0.70322475,0.00486879
1622213585693000,1,6.05372645,0.00486879
1622213585693000,1,4.21049498,0.00486878
1622213585694000,1,9.68432763,0.00486878
1622213661173000,0,1.40000000,0.00487239
1622213661173000,0,1.28596700,0.00487380
1622213720314000,0,0.05000000,0.00486000
1622213720908000,0,0.00025400,0.00486000
1622213804168000,1,0.05000000,0.00488000
1622213808080000,1,1.50424000,0.00488000
1622213808398000,1,0.00000100,0.00488000
1622213832878000,0,1.40000000,0.00488393
1622213832878000,0,0.49000000,0.00488394
1622213832878000,0,0.01700900,0.00488394
1622213914223000,0,0.15632800,0.00488316
1622214030446000,0,7.65578400,0.00489164
1622214084514000,0,6.83337561,0.00487161
1622214084514000,0,6.87912687,0.00487161
1622214805442000,0,0.09758000,0.00486870
1622215208274000,0,0.76413500,0.00487906
1622215988158000,1,13.23077000,0.00486681
1622215988729000,1,0.00000664,0.00486681
1622216260211000,1,2.30040000,0.00487000
1622216260248000,1,0.00000800,0.00487000
1622216366831000,0,0.43559839,0.00486168
1622216883988000,1,5.00000000,0.00488445
1622217250249000,0,1.27765500,0.00488262
1622217555832000,0,0.65744189,0.00488107
1622217768429000,1,13.38996000,0.00487000
1622217845082000,1,23.05330000,0.00488000
1622218351915000,0,0.51000000,0.00484031
1622218351915000,0,0.37199999,0.00484169
1622218423078000,1,6.96762325,0.00481255
1622218423078000,1,0.51000000,0.00481235
1622218423078000,1,2.59884707,0.00481044
1622218423082000,1,10.38179803,0.00481044
1622218429057000,1,6.96459810,0.00481427
1622218452417000,1,0.51000000,0.00481913
1622218452417000,1,0.92000211,0.00481867
1622218621618000,1,0.39611048,0.00483502
1622218748422000,1,6.97637585,0.00481130
1622218767998000,0,0.50000000,0.00480519
1622218767998000,0,0.48000000,0.00480583
1622218953561000,0,0.70000000,0.00482000
1622218953577000,0,5.74000000,0.00482000
1622219317118000,1,11.20366700,0.00483297
1622219566125000,1,17.47161921,0.00481455
1622219584402000,1,0.22483900,0.00481146
1622219584562000,1,0.25516100,0.00481146
1622219584562000,1,1.20176500,0.00481109
1622220178029000,1,0.05765700,0.00482345
1622220349083000,0,6.95454000,0.00483408
1622220352142000,0,0.00000455,0.00483408
1622220726135000,0,0.07814200,0.00484584
1622220810451000,1,5.15689000,0.00483157
1622220906221000,0,2.42057800,0.00484526
1622221011625000,1,7.01522862,0.00482689
1622221011625000,1,0.51000000,0.00482684
1622221284706000,1,0.50000000,0.00482838
1622221300349000,1,20.00000000,0.00482663
1622221302773000,1,29.14418617,0.00482663
1622221369501000,1,0.50000000,0.00483177
1622221535665000,1,0.57950322,0.00485616
1622221541736000,0,13.47939000,0.00486105
1622221542764000,0,0.00000319,0.00486105
1622221946080000,1,0.08961100,0.00485000
1622222097486000,1,12.36457000,0.00484084
1622222203716000,1,2.39030300,0.00484742
1622222319006000,0,0.19624200,0.00486866
1622222499429000,0,0.38451080,0.00486918
1622222585995000,0,1.40000000,0.00486648
1622222585995000,0,15.29280610,0.00486648
1622222585995000,0,3.61566278,0.00486649
1622222585995000,0,23.50097242,0.00486649
1622222585995000,0,9.03893680,0.00486649
1622222585995000,0,14.27607762,0.00486653
1622222585995000,0,0.51000000,0.00486712
1622222585995000,0,0.50000000,0.00486861
1622222585995000,0,9.91780228,0.00486887
1622223412940000,1,0.10000000,0.00486153
1622223453967000,0,1.40000000,0.00486114
1622223453967000,0,1.46425430,0.00486115
1622223932297000,1,13.30980000,0.00486125
1622223989505000,0,0.26302000,0.00486070
1622224172823000,0,7.98240089,0.00485926
1622224172823000,0,6.24029791,0.00485926
1622224172823000,0,0.51000000,0.00485946
1622224172823000,0,10.29913997,0.00486052
1622224269244000,0,4.68671178,0.00487345
1622224269279000,0,3.70000000,0.00487345
1622224269301000,0,5.73917177,0.00487345
1622224823959000,0,8.69562924,0.00490000
1622224866809000,1,0.70000000,0.00491002
1622224919232000,0,6.86735000,0.00491994
1622225245848000,0,1.07114338,0.00493467
1622225958260000,0,42.63195000,0.00491065
1622225972628000,1,0.13349269,0.00490003
1622225996588000,0,14.31199000,0.00490238
1622226020464000,0,30.63436000,0.00491225
1622226022609000,0,0.00000271,0.00491225
1622226305138000,0,7.49667800,0.00491362
1622226654762000,1,0.40040700,0.00494057
1622226674621000,1,0.04818000,0.00494008
1622226699078000,0,5.00000000,0.00495000
1622226743136000,1,6.82773649,0.00494306
1622226798002000,1,0.04465700,0.00494146
1622227005635000,1,1.00000000,0.00494091
1622227019465000,1,43.22586449,0.00494091
1622227104547000,0,6.77311263,0.00495622
1622227104547000,0,0.51000000,0.00495625
1622227104547000,0,2.81457586,0.00495695
1622227104581000,0,3.95769038,0.00495695
1622227104601000,0,10.09768849,0.00495819
1622227105067000,0,0.70000000,0.00495819
1622227123336000,0,1.40000000,0.00496997
1622227123336000,0,8.67006778,0.00496998
1622227123351000,0,8.21778768,0.00496998
1622227123351000,0,1.85228010,0.00496998
1622227123384000,0,4.01814212,0.00496998
1622227151588000,0,13.14687673,0.00498459
1622227156411000,1,0.70000000,0.00499218
1622227242973000,0,6.73677000,0.00497993
1622227243165000,0,0.04111200,0.00498000
1622227243481000,0,6.73307000,0.00498172
1622227304794000,0,1.40000000,0.00498227
1622227304794000,0,4.29542100,0.00498228
1622227326060000,0,13.34242000,0.00498694
1622227455704000,0,0.04816484,0.00500000
1622227642213000,0,1.14105088,0.00499866
1622227643489000,0,12.97517896,0.00500182
1622227644094000,0,29.00000000,0.00500290
1622228062751000,1,0.26548100,0.00498385
1622228426616000,1,1.75397692,0.00497377
1622228592037000,0,6.77829000,0.00497013
1622228592551000,0,0.00000958,0.00497013
1622228613823000,0,1.40000000,0.00497762
1622228613823000,0,2.80640200,0.00497763
1622228933742000,0,13.78979778,0.00497372
1622228944851000,1,100.00000000,0.00498000
1622228965265000,0,6.74307299,0.00497878
1622228965265000,0,3.25692701,0.00497880
1622229097770000,0,6.73370712,0.00499528
1622229097770000,0,16.83433715,0.00499529
1622229097770000,0,43.76248738,0.00499588
1622229097770000,0,1.40000000,0.00499589
1622229097770000,0,8.37286403,0.00499626
1622229097770000,0,13.82926682,0.00499634
1622229097770000,0,0.51000000,0.00499657
1622229097770000,0,8.55733750,0.00499750
