timestamp ms,type,amount,price
1622073682145000,0,10.00000000,0.00507851
1622073762196000,0,0.99000000,0.00507859
1622073768448000,0,0.10000000,0.00508900
1622073835449000,0,124.41420617,0.00512413
1622073835953000,0,105.46715206,0.00512413
1622073837805000,0,35.16200000,0.00513434
1622073868423000,0,15.11104838,0.00514800
1622073928002000,1,15.00000000,0.00514785
1622073943475000,0,271.65000000,0.00515000
1622073943518000,0,271.65000000,0.00515000
1622073960757000,1,7.53000000,0.00513848
1622074007692000,1,0.58542300,0.00511989
1622074019717000,1,1.30000000,0.00511960
1622074019717000,1,1.15576127,0.00511959
1622074047326000,1,6.09684000,0.00511208
1622074108358000,0,0.92952600,0.00511919
1622074216839000,0,0.97620300,0.00513548
1622074392452000,0,70.00000000,0.00517000
1622074395307000,0,5.00000000,0.00517400
1622074405670000,0,3.19672131,0.00518000
1622074407206000,1,0.57329000,0.00517591
1622074413671000,1,1.30000000,0.00518133
1622074413671000,1,3.28560000,0.00518132
1622074440759000,1,6.00884000,0.00517496
1622074475086000,1,6.02703000,0.00516315
1622074489356000,1,12.63236000,0.00515975
1622074532710000,0,1.33870300,0.00515998
1622074580514000,1,1.74691610,0.00515549
1622074665333000,0,0.97817900,0.00514329
1622075091640000,0,0.50256600,0.00511955
1622075249341000,1,1.50000000,0.00509745
1622075302950000,0,1.30000000,0.00509702
1622075302950000,0,33.14213800,0.00509732
1622075369143000,0,0.50000000,0.00507994
1622075477513000,0,1.30000000,0.00505999
1622075477513000,0,0.28102770,0.00506000
1622075477824000,1,0.82564944,0.00505091
1622075478059000,0,1.58102770,0.00505998
1622075626695000,0,1.30000000,0.00503244
1622075680469000,0,4.68820000,0.00501100
1622075754747000,0,51.18800000,0.00502643
1622075769965000,0,28.78499000,0.00503244
1622075770186000,0,0.00000536,0.00503244
1622076117563000,0,0.70000000,0.00501634
1622076475573000,1,12.31639000,0.00502926
1622076941316000,1,6.25145394,0.00502482
1622077329926000,1,0.65966800,0.00501810
1622077470430000,1,0.50000000,0.00503336
1622077473120000,1,0.24893300,0.00503614
1622077687485000,0,6.28413000,0.00501963
1622077812025000,0,6.30000000,0.00501545
1622077912050000,0,12.84000000,0.00500385
1622077919053000,0,0.33471300,0.00499000
1622078068501000,1,13.85517000,0.00498065
1622078107122000,0,13.94000000,0.00499244
1622078107226000,0,0.00738816,0.00499244
1622078352925000,1,0.58964900,0.00497185
1622078470137000,1,2.44341749,0.00496900
1622078499026000,1,6.39000000,0.00496796
1622078511704000,1,0.00375584,0.00496796
1622078563914000,1,90.95779000,0.00494072
1622078564196000,1,6.43704005,0.00494071
1622078564526000,1,41.89171880,0.00493725
1622078576297000,1,6.45703000,0.00492707
1622078603556000,1,37.10600000,0.00493020
1622078603862000,1,6.45598000,0.00492521
1622078604020000,1,0.00000222,0.00492521
1622078604020000,1,6.45598222,0.00492520
1622078617923000,1,16.00000000,0.00493116
1622078665482000,1,0.07133300,0.00494000
1622078667404000,1,1.00000000,0.00493425
1622078877822000,1,42.07151800,0.00490616
1622078878050000,1,42.07151800,0.00490427
1622078878050000,1,50.75813910,0.00490001
1622078878050000,1,0.08067551,0.00490000
1622078878068000,1,7.53823456,0.00489596
1622078904839000,0,37.13200000,0.00492864
1622078948171000,0,14.08000000,0.00493098
1622078948264000,0,0.00243727,0.00493098
1622079063038000,0,4.10000000,0.00492660
1622079063363000,0,12.09000000,0.00492660
1622079063649000,0,0.00034567,0.00492660
1622079155564000,0,6.46608137,0.00492472
1622079155564000,0,16.16088137,0.00492472
1622079223995000,1,6.49000000,0.00490310
1622079224068000,1,0.00146576,0.00490310
1622079224538000,1,13.68703000,0.00490182
1622079465031000,0,0.99000000,0.00492664
1622079479714000,0,1.02000000,0.00493063
1622079481027000,0,0.97000000,0.00493071
1622079555989000,0,45.55666700,0.00494117
1622079567075000,0,0.98000000,0.00494387
1622079656015000,0,48.34454049,0.00494999
1622079656015000,0,19.22545951,0.00495000
1622079726352000,0,0.46033200,0.00494513
1622079995879000,0,17.23000000,0.00494513
1622079995948000,0,0.00155999,0.00494513
1622080332941000,1,13.87000000,0.00491641
1622080349324000,1,0.50000000,0.00491321
1622080394064000,0,0.98000000,0.00489189
1622080413622000,1,1.02000000,0.00489346
1622080413622000,1,0.13000000,0.00489327
1622080437113000,1,0.00795516,0.00489327
1622080437302000,0,9.99204484,0.00489300
1622080471602000,1,0.12568713,0.00488246
1622080482047000,1,3.27000000,0.00488000
1622080483447000,1,0.00868852,0.00488000
1622080507258000,0,41.99000000,0.00488000
1622080529102000,0,13.94680000,0.00489269
1622080609375000,1,51.03426940,0.00487002
1622080609375000,1,38.14400000,0.00486905
1622080617338000,0,0.97000000,0.00486759
1622080629748000,1,0.98000000,0.00483893
1622080629748000,1,0.07000000,0.00483772
1622080630461000,1,1.02000000,0.00483893
1622080630656000,0,0.34033281,0.00485756
1622080630656000,0,0.32748277,0.00486056
1622080646230000,1,0.25535098,0.00483742
1622080650379000,1,20.05800000,0.00483497
1622080650379000,1,0.99000000,0.00483486
1622080650379000,1,5.81629076,0.00483477
1622080661868000,0,0.94000000,0.00485198
1622080704903000,0,0.97000000,0.00485958
1622080704906000,1,0.98000000,0.00486000
1622080704968000,1,0.70000000,0.00486000
1622080704970000,1,9.76393000,0.00486000
1622080715936000,1,5.15896619,0.00485693
1622080715956000,1,1.02000000,0.00485680
1622080716335000,1,6.66120578,0.00485482
1622080727132000,1,6.67900000,0.00483960
1622080727218000,1,0.00000019,0.00483960
1622080748455000,0,0.40000000,0.00485000
1622080965626000,1,1.64554871,0.00488420
1622080966437000,1,0.98000000,0.00488416
1622080966437000,1,0.53650669,0.00488302
1622081033212000,1,37.59800000,0.00490797
1622081168632000,0,11.74000000,0.00492170
1622081168731000,0,0.00503254,0.00492170
1622081185749000,1,12.91825112,0.00490697
1622081192092000,1,12.18515000,0.00490504
1622081207428000,1,14.82000000,0.00490578
1622081207529000,1,0.00181803,0.00490578
1622081404191000,1,0.30138500,0.00489497
1622081431657000,0,1.01000000,0.00491288
1622081630151000,0,13.75000000,0.00492492
1622081779078000,1,1.06080700,0.00490502
1622082034557000,0,1.00000000,0.00491862
1622082034557000,0,1.00000000,0.00492023
1622082034557000,0,4.71647132,0.00492049
1622082248885000,1,13.77937609,0.00490326
1622082248885000,1,0.99062391,0.00490322
1622082248911000,1,0.00937609,0.00490322
1622082349655000,1,51.30000000,0.00489312
1622082349755000,1,0.00747918,0.00489312
1622082440602000,1,1.40000000,0.00490506
1622082440602000,1,2.05553308,0.00490506
1622082953724000,0,42.88000000,0.00490064
1622082956638000,0,0.00700994,0.00490064
1622082958162000,0,12.94000000,0.00490326
1622083068676000,1,1.43804300,0.00491022
1622083106068000,0,2.12498100,0.00492375
1622083196679000,1,13.81847472,0.00490770
1622083196679000,1,0.95152528,0.00490768
1622083214615000,1,88.22558248,0.00489573
1622083214615000,1,96.49441752,0.00489572
1622083328835000,0,0.85166400,0.00489146
1622083370796000,0,13.86000000,0.00489919
1622083384533000,1,0.96000000,0.00489825
1622083384533000,1,3.52517822,0.00489720
1622083471635000,1,13.23000000,0.00489405
1622083608201000,1,1.11913500,0.00490308
1622083941977000,1,7.37170000,0.00489200
1622083942059000,1,0.00000867,0.00489200
1622084068287000,0,0.98959300,0.00487738
1622084185832000,1,0.37167000,0.00490000
1622084255369000,1,0.96493000,0.00490000
1622084916650000,0,0.70000000,0.00486320
1622084917468000,0,0.59575137,0.00486320
1622084925510000,0,6.98000000,0.00485635
1622084925545000,0,0.00100000,0.00485635
1622085238100000,1,2.18780219,0.00486717
1622085350514000,0,1.00000000,0.00488872
1622085350716000,0,6.65000000,0.00488976
1622085350920000,0,0.00139153,0.00488976
1622085441913000,1,1.01000000,0.00486964
1622085441913000,1,46.20444676,0.00486931
1622085441913000,1,1.39555324,0.00486885
1622085474858000,1,43.51000000,0.00486198
1622085474871000,1,0.00169321,0.00486198
1622085476122000,1,43.52000000,0.00486001
1622085476175000,1,0.00448210,0.00486001
1622085573723000,0,93.90000000,0.00486427
1622085576640000,0,0.00121396,0.00486427
1622085576640000,0,1.39878604,0.00486499
1622085576828000,0,0.00121396,0.00486499
1622085576828000,0,11.05557686,0.00486560
1622085588219000,0,6.69000000,0.00487516
1622085588227000,0,0.00828589,0.00487516
1622085589625000,0,14.33000000,0.00487662
1622085784920000,1,1.57614667,0.00489644
1622085913149000,1,0.58113100,0.00489725
1622086051600000,1,93.90000000,0.00489720
1622086054204000,1,0.00121396,0.00489720
1622086054791000,1,1.03000000,0.00489617
1622086104597000,1,6.63727916,0.00487879
1622086104597000,1,16.60192684,0.00487879
1622086107262000,1,8.30000000,0.00487809
1622086108957000,1,0.00754407,0.00487809
1622086108957000,1,0.98245593,0.00487671
1622086111158000,1,1.53000000,0.00487532
1622086111188000,1,6.71879161,0.00487532
1622086112859000,1,13.67000000,0.00487520
1622086144702000,0,37.30000000,0.00488108
1622086144985000,0,5.90000000,0.00488108
1622086145005000,0,0.00881117,0.00488108
1622086146817000,0,75.00000000,0.00488369
1622086148088000,0,43.18000000,0.00488481
1622086150024000,0,0.00515824,0.00488481
1622086170614000,0,0.96000000,0.00488884
1622086174025000,0,93.90000000,0.00488999
1622086181653000,0,8.15000000,0.00489260
1622086190654000,1,16.56000000,0.00488413
1622086190655000,1,0.00826661,0.00488413
1622086194704000,1,43.10000000,0.00488016
1622086197243000,1,0.00912699,0.00488016
1622086211693000,0,0.61685000,0.00488000
1622086211877000,0,0.00000400,0.00488000
1622086216630000,0,6.62000000,0.00489124
1622086221063000,0,0.00843397,0.00489124
1622086221063000,0,0.96000000,0.00489386
1622086221063000,0,1.06000000,0.00489607
1622086221063000,0,6.61143686,0.00489818
1622086221063000,0,1.58165988,0.00489818
1622086221067000,0,10.22153071,0.00489818
1622086221078000,0,4.72475690,0.00489818
1622086221078000,0,5.49677381,0.00489818
1622086221078000,0,10.22153071,0.00489818
1622086221084000,0,10.22153071,0.00489818
1622086221087000,0,4.30657181,0.00489818
1622086236950000,0,13.15823000,0.00490448
1622086248561000,0,1.00000000,0.00490603
1622086248561000,0,0.99000000,0.00490727
1622086248561000,0,2.90940336,0.00490960
1622086289945000,0,14.10889000,0.00491152
1622086302599000,1,1.40000000,0.00490878
1622086304431000,1,0.99000000,0.00490777
1622086310293000,1,0.33562400,0.00490683
1622086319257000,1,1.40000000,0.00490932
1622086321976000,1,1.40000000,0.00490932
1622086321976000,1,6.57959450,0.00490706
1622086321976000,1,0.98000000,0.00490705
1622086321976000,1,13.54503930,0.00490701
1622086321976000,1,8.06069897,0.00490613
1622086321976000,1,15.05790123,0.00490563
1622086461491000,0,0.00200000,0.00491564
1622086461506000,0,14.12000000,0.00491766
1622086461538000,0,0.00193590,0.00491766
1622086461613000,0,1.00000000,0.00491797
1622086630924000,0,12.94000000,0.00490351
1622086747777000,0,6.59114607,0.00490342
1622086747777000,0,0.00885393,0.00490342
1622086789624000,1,1.01000000,0.00489225
1622086810374000,1,12.97733277,0.00488868
1622086810374000,1,6.59266723,0.00488866
1622086811490000,1,0.00900318,0.00488866
1622086898458000,0,0.15888600,0.00488383
1622086947904000,0,12.05000000,0.00487344
1622086947904000,0,0.00473220,0.00487344
1622086951610000,1,16.59000000,0.00487216
1622086979342000,1,0.00869285,0.00487216
1622086979636000,1,43.16000000,0.00487071
1622086989642000,1,43.16000000,0.00487069
1622087127642000,0,1.01000000,0.00487591
1622087127642000,0,6.64453089,0.00487742
1622087132645000,0,13.33000000,0.00487901
1622087374226000,0,10.35000000,0.00488000
1622087374461000,0,0.00678865,0.00488000
1622087448632000,1,6.63000000,0.00486749
1622087600809000,0,42.00000000,0.00487407
1622087620924000,1,6.86055000,0.00486303
1622087704083000,0,2.62334900,0.00486909
1622087924678000,0,0.11999300,0.00489300
1622088120201000,0,0.98000000,0.00488815
1622088120201000,0,10.32402500,0.00488835
1622088136112000,1,1.00000000,0.00487575
1622088136112000,1,1.21893903,0.00487447
1622088211744000,1,1.34000000,0.00488000
1622088211796000,1,0.00407500,0.00488000
1622088253291000,1,0.26015500,0.00486630
1622088566199000,0,30.00000000,0.00490271
1622088566925000,0,7.97100000,0.00490271
1622088727077000,0,48.06016000,0.00489813
1622089046146000,0,0.61940200,0.00488560
1622089046348000,0,0.78059800,0.00488560
1622089046348000,0,3.00618900,0.00488561
1622089156523000,0,1.25260600,0.00488136
1622089249793000,1,0.70000000,0.00490000
1622089249800000,1,2.43161400,0.00490000
1622089420518000,1,36.94000000,0.00490001
1622089420567000,1,40.43218894,0.00490001
1622089420567000,1,9.77781106,0.00490000
1622089421686000,1,279.73000000,0.00490000
1622089439338000,0,0.53366800,0.00490467
1622089644453000,0,1.40000000,0.00488976
1622089644453000,0,10.99097900,0.00488977
1622089817390000,0,13.03000000,0.00489368
1622089910310000,0,4.78235395,0.00490778
1622089910311000,0,1.82198894,0.00490778
1622089910311000,0,8.37349081,0.00490779
1622089910312000,0,0.57743867,0.00490779
1622090077632000,0,1.40000000,0.00490062
1622090077632000,0,1.00000000,0.00490115
1622090287341000,0,0.29334900,0.00488542
1622090681718000,0,1.40000000,0.00490042
1622090681718000,0,0.78831143,0.00490120
1622090731856000,1,6.59250901,0.00489372
1622090731856000,1,0.99000000,0.00489371
1622090731856000,1,8.01372763,0.00489314
1622091271388000,0,1.89552500,0.00489914
1622091353672000,0,8.51806500,0.00492018
1622091403598000,1,13.27000000,0.00491001
1622091444660000,0,1.06085300,0.00491929
1622091523624000,0,13.84495429,0.00493232
1622091523624000,0,1.03000000,0.00493274
1622091523624000,0,19.78504571,0.00493300
1622091764637000,0,18.32000000,0.00492039
1622091813065000,0,0.14205680,0.00491687
1622091834453000,1,12.83789000,0.00490449
1622091935480000,1,0.47782300,0.00490936
1622092193193000,0,0.06151400,0.00490762
1622092202866000,0,1.10729000,0.00490749
1622092283530000,0,1.21538596,0.00489483
1622092324459000,0,0.07409800,0.00489227
1622092333988000,0,7.40708400,0.00489238
1622092494576000,0,6.62343000,0.00489249
1622092494631000,0,0.00000028,0.00489249
1622092986982000,0,1.40000000,0.00492301
1622092986982000,0,2.28255600,0.00492358
1622093006561000,0,0.06124000,0.00492356
1622093018718000,0,15.73647624,0.00492356
1622093137179000,0,0.06866300,0.00491036
1622093181778000,0,0.36934100,0.00490998
1622093223116000,0,0.36925800,0.00491312
1622093244701000,0,1.11075900,0.00491612
1622093284031000,0,0.63501500,0.00490835
1622093300488000,0,1.10488200,0.00490832
1622093310282000,0,6.59185000,0.00491330
1622093610519000,1,0.77710000,0.00491172
1622093708752000,1,14.16000000,0.00490630
1622093708895000,1,4.53796200,0.00490630
1622093733017000,0,13.53473159,0.00490820
1622093733017000,0,33.34190490,0.00490987
1622093940832000,1,1.23296200,0.00490000
1622094008795000,0,1.39296100,0.00489871
1622094028638000,0,3.18537797,0.00489686
1622094030972000,0,0.32350000,0.00489876
1622094076206000,0,0.46258000,0.00489996
1622094092930000,1,2.07353000,0.00490000
1622094093040000,1,0.00000500,0.00490000
1622094120564000,1,1.14836000,0.00490000
1622094120644000,1,0.00000300,0.00490000
1622094222698000,0,0.40974400,0.00490661
1622094245228000,0,1.87593600,0.00490959
1622094292239000,1,0.11939700,0.00490478
1622094352120000,0,0.55176700,0.00490634
1622094374197000,0,0.55151700,0.00490743
1622094424375000,0,1.44085500,0.00490997
1622094424599000,0,1.53597700,0.00490996
1622094463162000,1,0.39000000,0.00492000
1622094475022000,1,0.00434100,0.00492000
1622094511633000,0,1.40000000,0.00491657
1622094511633000,0,1.00000000,0.00491658
1622094511633000,0,1.32021400,0.00491758
1622094546096000,0,0.73157200,0.00491840
1622094567646000,0,0.13077600,0.00491999
1622094567776000,0,0.05107800,0.00491998
1622094571733000,0,0.29767200,0.00491992
1622094591431000,0,0.06453800,0.00492513
1622094592222000,0,3.30137000,0.00492520
1622094593008000,0,0.00000400,0.00492520
1622094595306000,1,2.60325000,0.00493000
1622094596789000,1,0.00000300,0.00493000
1622094599454000,0,58.04600000,0.00492707
1622094599673000,0,6.48232000,0.00492989
1622094804865000,1,1.01000000,0.00492812
1622094804865000,1,59.00000000,0.00492792
1622094912117000,1,2.17445000,0.00494000
1622094914594000,1,0.00000400,0.00494000
1622095084967000,0,1.07068900,0.00494288
1622095115095000,0,6.45025143,0.00494485
1622095115095000,0,16.12560372,0.00494487
1622095239048000,0,5.28737130,0.00494451
1622095239048000,0,1.40000000,0.00494532
1622095239048000,0,7.84021294,0.00494736
1622095239048000,0,1.00000000,0.00494758
1622095239048000,0,5.28350347,0.00494761
1622095239048000,0,3.68493429,0.00494828
1622095323007000,0,0.53950200,0.00493749
1622095344876000,0,1.40000000,0.00493877
1622095344876000,0,10.84995700,0.00493948
1622095450358000,0,1.40000000,0.00493429
1622095450358000,0,0.45067800,0.00493430
1622095642870000,0,1.40000000,0.00493959
1622095642936000,1,2.23748000,0.00494000
1622095646459000,1,0.00000600,0.00494000
1622095769690000,0,4.43253700,0.00493811
1622095809104000,1,5.65000000,0.00493008
1622095920155000,1,0.31394700,0.00493000
1622096302821000,0,1.40000000,0.00494418
1622096302821000,0,2.28297700,0.00494430
1622096398013000,0,0.38603000,0.00493446
1622096488635000,1,0.98000000,0.00494000
1622096507907000,1,0.00391100,0.00494000
1622096674187000,0,1.40000000,0.00493993
1622096674187000,0,5.13611600,0.00493999
1622096758106000,0,0.16102800,0.00493497
1622096779567000,1,0.29998000,0.00492858
1622096829598000,0,0.17611200,0.00493987
1622097021699000,0,0.80253500,0.00493649
1622097039307000,0,0.18217600,0.00493304
1622097076522000,0,0.33372100,0.00492716
1622097076701000,0,1.06627900,0.00492716
1622097076701000,0,0.70809700,0.00492717
1622097083051000,0,0.36360100,0.00492716
1622097108535000,1,0.38000000,0.00492389
1622097108663000,0,4.55647000,0.00492920
1622097131138000,1,0.36000000,0.00493000
1622097131226000,1,0.00452400,0.00493000
1622097198681000,0,0.36391800,0.00492842
1622097240851000,0,0.58292800,0.00492997
1622097438469000,0,0.36361300,0.00492998
1622097537519000,0,0.08963900,0.00493248
1622097623425000,0,1.40000000,0.00493710
1622097632564000,0,0.40028100,0.00493995
1622097670925000,1,0.14634653,0.00494015
1622097671285000,1,3.19030566,0.00493744
1622097671378000,1,3.26957993,0.00493744
1622097671868000,1,3.09410678,0.00493295
1622097671917000,1,0.26930900,0.00493295
1622097671975000,1,0.99149689,0.00493295
1622097672036000,1,2.10497292,0.00493295
1622097697824000,0,0.15647700,0.00493863
1622097781794000,0,0.16334700,0.00493679
1622097803646000,0,2.74674500,0.00493852
1622097855787000,0,2.16000000,0.00494500
1622097864704000,0,0.00235437,0.00494500
1622098132112000,0,0.47887500,0.00493531
1622098238590000,0,0.19499500,0.00495379
1622098279415000,0,3.89783900,0.00495460
1622098301221000,1,1.63024000,0.00494656
1622098316991000,0,0.36260900,0.00495492
1622098473516000,0,0.77820300,0.00494407
1622098777865000,0,1.40000000,0.00494839
1622098777865000,0,2.63970262,0.00494959
1622098777865000,0,17.62007838,0.00494996
1622098863675000,0,0.82413600,0.00494680
1622098968523000,0,0.17388900,0.00494602
1622099166982000,1,1.02000000,0.00493345
1622099166982000,1,0.77441400,0.00493318
1622099251902000,0,0.79437800,0.00494040
1622099393834000,0,0.64175100,0.00493490
1622099549816000,1,0.15758600,0.00493000
1622099849287000,0,5.44987500,0.00492830
1622100014798000,0,4.35272479,0.00492830
1622100223540000,0,0.60490300,0.00493329
1622100258022000,0,0.04733000,0.00492999
1622100299479000,0,0.18808500,0.00492847
1622100384822000,0,1.61003900,0.00494220
1622100405821000,0,0.06058700,0.00493688
1622100438189000,0,0.18165900,0.00493031
1622100658248000,0,0.29173700,0.00493817
1622100714599000,1,0.75000000,0.00494000
1622100765904000,0,7.98035700,0.00494697
1622100786477000,1,16.07619000,0.00494111
1622100786599000,1,0.00000255,0.00494111
1622100846412000,0,1.81248500,0.00494632
1622100860793000,1,6.00000000,0.00494088
1622100937732000,1,6.00000000,0.00494001
1622100937732000,1,0.16000000,0.00494000
1622100937820000,1,0.00555300,0.00494000
1622100944211000,0,0.70000000,0.00494088
1622100973720000,0,0.66000000,0.00494088
1622101200912000,1,0.70000000,0.00494351
1622101204870000,1,6.41000000,0.00494141
1622101246644000,1,6.00000000,0.00494027
1622101278691000,0,0.09664400,0.00494557
1622101361767000,0,1.82170800,0.00494953
1622101390013000,1,2.00000000,0.00493994
1622101429851000,0,1.40000000,0.00493990
1622101429851000,0,2.17947900,0.00493990
1622101519672000,0,8.30000000,0.00493990
1622101519952000,0,0.43000000,0.00493990
1622101588526000,0,0.00700165,0.00493990
1622101600611000,1,1.00000000,0.00493704
1622101721624000,0,1.40000000,0.00494481
1622101721624000,0,2.22296800,0.00494583
1622101804823000,0,1.40000000,0.00494426
1622101804823000,0,0.04786500,0.00494427
1622101805023000,0,0.58514000,0.00494426
1622101813653000,1,4.00000000,0.00493700
1622101813653000,1,1.00000000,0.00493697
1622101813653000,1,2.00000000,0.00493695
1622101876596000,1,2.00000000,0.00493294
1622101892822000,0,1.40000000,0.00493425
1622101892822000,0,5.84834500,0.00493626
1622101906127000,0,1.40000000,0.00493579
1622101906127000,0,2.37693100,0.00493774
1622102002275000,1,1.40000000,0.00493271
1622102002275000,1,0.44922800,0.00493270
1622102037157000,0,1.40000000,0.00493989
1622102037157000,0,0.04156136,0.00493989
1622102037974000,1,0.55000000,0.00494000
1622102308650000,1,1.00000000,0.00493185
1622102485864000,1,0.84704300,0.00493147
1622102549590000,1,35.52505271,0.00492929
1622102993226000,1,0.52000000,0.00495000
1622102993435000,1,0.00901900,0.00495000
1622103009764000,0,0.29080201,0.00495050
1622103009764000,0,7.00935799,0.00495051
1622103106638000,0,13.19000000,0.00496703
1622103106913000,0,0.00139617,0.00496703
1622103274177000,0,0.27042250,0.00498531
1622103409101000,0,17.73000000,0.00500000
1622103409123000,0,0.00480156,0.00500000
1622103440851000,1,0.50000000,0.00499141
1622103601481000,0,0.73332600,0.00498904
1622103927634000,0,0.49409100,0.00496935
1622104178382000,0,160.83000000,0.00497000
1622104178397000,0,1.46790000,0.00497000
1622104202602000,1,12.72000000,0.00496520
1622104340768000,0,2.57000000,0.00496520
1622104372133000,0,0.00844335,0.00496520
1622104584755000,0,2.58613217,0.00495868
1622104584755000,0,1.30000000,0.00495874
1622104584755000,0,6.52236983,0.00495877
1622104845585000,0,1.06592500,0.00496465
1622105172760000,0,1.17742000,0.00496314
1622105387214000,1,0.75000000,0.00495468
1622105475315000,0,0.05800800,0.00496721
1622106009089000,0,14.20487000,0.00496270
1622106012184000,0,0.00000411,0.00496270
1622106022352000,0,3.68581400,0.00496998
1622106571673000,0,0.11398500,0.00496400
1622106622051000,0,0.05940000,0.00497400
1622106622203000,0,0.00002200,0.00497400
1622107130889000,0,42.00695000,0.00500099
1622107366747000,1,2.00000000,0.00501084
1622107478732000,1,2.47173611,0.00501422
1622107478790000,1,0.76012212,0.00501422
1622107526644000,0,7.62000000,0.00502550
1622107526651000,0,0.00854253,0.00502550
1622107589858000,1,0.50000000,0.00501320
1622107830607000,1,1.00000000,0.00502651
1622107938246000,1,1.13780700,0.00502100
1622107965419000,0,6.19237622,0.00502362
1622107965419000,0,15.48032852,0.00502362
1622108080993000,1,12.65561565,0.00500391
1622108081086000,1,10.40941268,0.00500391
1622108082333000,1,0.85398777,0.00500092
1622108103633000,0,5.73541641,0.00501739
1622108103633000,0,5.73382897,0.00501739
1622108191403000,1,0.48411300,0.00501297
1622108383619000,1,12.74000000,0.00502257
1622108395599000,1,6.19000000,0.00501915
1622109013347000,1,0.63000000,0.00502000
1622109013357000,1,0.00718200,0.00502000
1622109094827000,0,1.90259100,0.00502236
1622109128611000,0,4.61300000,0.00502358
1622109381972000,1,3.65255000,0.00501008
1622109709153000,1,1.30000000,0.00500135
1622109709153000,1,6.19574621,0.00500134
1622109709153000,1,5.06033179,0.00500134
1622109709678000,0,0.50000000,0.00501145
1622109709706000,0,0.50000000,0.00501145
1622109709724000,0,0.50000000,0.00501145
1622109709838000,0,6.18946231,0.00501146
1622109709838000,0,40.22498877,0.00501479
1622109709858000,0,0.50000000,0.00501146
1622110275897000,0,13.41617000,0.00501000
1622110276044000,0,0.00000800,0.00501000
1622110302415000,0,0.15229673,0.00501607
1622110310737000,0,5.00000000,0.00501000
1622111013034000,1,6.19537001,0.00500004
1622111013034000,1,15.48773921,0.00500004
1622111013034000,1,2.74685378,0.00500003
1622111171535000,1,4.20341206,0.00500640
1622111210097000,0,2.08235300,0.00501342
1622112038876000,0,0.32485800,0.00501417
1622112154813000,1,0.96493000,0.00501000
1622112297053000,1,1.30000000,0.00500703
1622112297123000,0,0.63200000,0.00500703
1622112297246000,0,0.00019000,0.00500703
1622112468064000,1,0.61873300,0.00500084
1622112857117000,0,0.41638800,0.00501472
1622112947510000,1,72.88248200,0.00501001
1622112947510000,1,1.39350000,0.00501000
1622113146477000,1,1.30000000,0.00501009
1622113146537000,0,2.90240000,0.00501009
1622113310220000,0,8.68818000,0.00500000
1622113310306000,0,0.00000100,0.00500000
1622113451354000,1,0.16526116,0.00500168
1622113451354000,1,6.17756443,0.00500038
1622113451354000,1,2.11023835,0.00500037
1622113542722000,1,0.61118000,0.00500475
1622114153263000,0,0.09238324,0.00502059
1622114178396000,1,0.63200000,0.00502317
1622114267855000,1,6.11440408,0.00502409
1622114267855000,1,6.11204511,0.00502409
1622114267855000,1,39.72829320,0.00502409
1622114267855000,1,12.51393245,0.00502408
1622114267855000,1,15.63132516,0.00502408
1622114268069000,0,0.49000000,0.00502809
1622114301626000,0,0.08662263,0.00503565
1622114301626000,0,1.25014938,0.00503566
1622114301632000,0,0.00000001,0.00503566
1622114325272000,0,12.49799588,0.00503717
1622114325272000,0,0.24004008,0.00503803
1622114553803000,1,28.14525000,0.00502409
1622114620730000,1,6.00000000,0.00501800
1622114647254000,0,0.04380900,0.00503000
1622114768749000,1,17.17000000,0.00503366
1622114768750000,1,2.11000000,0.00503366
1622114769344000,1,1.39000000,0.00503366
1622114769586000,1,19.05000000,0.00503366
1622114769688000,1,0.00083254,0.00503366
1622114973095000,1,0.72192000,0.00503058
1622115277384000,1,12.59459317,0.00501596
1622115277384000,1,1.30000000,0.00501567
1622115277384000,1,8.37540683,0.00501443
1622115499694000,1,1.30000000,0.00502072
1622115499694000,1,6.13889929,0.00502071
1622115499694000,1,6.14273760,0.00502069
1622115499694000,1,3.26550088,0.00502067
1622115658325000,1,0.05000000,0.00502652
1622115693452000,1,0.46000000,0.00502652
1622115693452000,1,0.54000000,0.00502429
1622115906056000,0,37.50000000,0.00502873
1622115907060000,0,6.88600000,0.00502873
1622116019669000,1,1.28079500,0.00502430
1622116160409000,1,1.30000000,0.00503072
1622116160409000,1,14.34060285,0.00503000
1622116284337000,1,0.09995000,0.00502798
1622116477915000,1,35.23200000,0.00501935
1622116487279000,1,35.27400000,0.00501539
1622116582429000,0,1.30000000,0.00502789
1622116582429000,0,0.16356345,0.00502789
1622116582429000,0,2.02383555,0.00502790
1622116737246000,1,15.50000000,0.00501830
1622116737570000,1,178.50000000,0.00501866
1622116737675000,1,11.50000000,0.00501866
1622116738023000,1,45.53000000,0.00501830
1622116738373000,1,125.32820347,0.00501830
1622116738378000,1,5.28000000,0.00501830
1622116738430000,1,2.36179653,0.00501830
1622116751981000,0,0.31226871,0.00501544
1622116766755000,1,20.68000000,0.00501474
1622116766808000,1,38.23310000,0.00501474
1622116766808000,1,58.91310000,0.00501411
1622116775572000,1,58.91000000,0.00501411
1622116776768000,1,0.00310000,0.00501411
1622116806767000,0,3.83878425,0.00501544
1622116983773000,0,15.15146047,0.00504192
1622116983773000,0,0.48853953,0.00504193
1622117349600000,0,0.51000000,0.00504506
1622117383833000,1,1.30000000,0.00503147
1622117383833000,1,6.10012932,0.00503142
1622117383833000,1,2.25883568,0.00503141
1622117432867000,1,0.12538200,0.00503698
1622117511746000,0,1.89426000,0.00504382
1622117617887000,1,1.30000000,0.00505433
1622117617887000,1,1.47568300,0.00505433
1622117711583000,0,12.81000000,0.00505978
1622117789218000,1,6.10739000,0.00504085
1622117789411000,1,0.00000293,0.00504085
1622117789411000,1,6.10767707,0.00504083
1622118009712000,1,1.30000000,0.00502256
1622118009712000,1,7.44818695,0.00502175
1622118016173000,1,1.30000000,0.00502071
1622118016173000,1,13.64078759,0.00502070
1622118016173000,1,12.57866495,0.00502069
1622118016173000,1,7.58085098,0.00502045
1622118016173000,1,7.66869755,0.00501969
1622118016173000,1,18.05469998,0.00501928
1622118209557000,1,1.30000000,0.00502374
1622118314251000,1,1.30000000,0.00502815
1622118314251000,1,7.55995370,0.00502781
1622118314251000,1,7.57859451,0.00502643
1622118314251000,1,6.11651302,0.00502633
1622118314251000,1,15.28908502,0.00502633
1622118314251000,1,32.90000000,0.00502632
1622118314251000,1,12.55090020,0.00502616
1622118314251000,1,16.70495355,0.00502484
1622118379268000,1,0.77715100,0.00502688
1622118639909000,0,29.86000000,0.00504999
1622118834365000,1,1.00000000,0.00506000
1622119227982000,0,2.40431000,0.00505000
1622119228033000,0,0.00000100,0.00505000
1622119408127000,1,15.50000000,0.00503485
1622119457992000,0,0.08500000,0.00503000
1622119460251000,0,0.00095400,0.00503000
1622119519427000,1,0.68890000,0.00502487
1622119695644000,1,5.18181829,0.00503309
1622119743813000,0,12.65000000,0.00504649
1622119784831000,1,0.80296200,0.00504006
1622119827480000,1,0.23082000,0.00503957
1622120153806000,1,0.08500000,0.00505474
1622120183890000,0,5.19036488,0.00505706
1622120255562000,1,6.11468112,0.00504406
1622120255562000,1,1.18926188,0.00504405
1622120255900000,1,3.66000000,0.00504367
1622120364647000,0,0.32651200,0.00503921
1622120410704000,1,1.30000000,0.00502735
1622120410704000,1,4.18102200,0.00502735
1622120452943000,0,6.13703292,0.00504049
1622120522132000,1,0.56685000,0.00505010
1622120555143000,1,0.97140500,0.00504292
1622120762306000,1,2.05861001,0.00504289
1622121020681000,0,0.07067500,0.00504300
1622121020681000,0,1.29932500,0.00504385
1622121020739000,0,0.00067500,0.00504385
1622121262017000,1,6.06613000,0.00506075
1622121336126000,0,0.89668300,0.00505517
1622121724289000,0,0.04033776,0.00510000
1622121724289000,0,0.47966224,0.00510077
1622121756385000,1,0.06519400,0.00510475
1622121766283000,0,0.49000000,0.00511191
1622121766283000,0,1.01157213,0.00511273
1622121835435000,1,1.30000000,0.00513413
1622121835435000,1,0.49000000,0.00513355
1622121835435000,1,0.49000000,0.00513249
1622121835435000,1,3.59662200,0.00513040
1622121851917000,1,0.04030900,0.00513000
1622121883972000,0,12.64000000,0.00513936
1622121945045000,0,0.13977100,0.00514000
1622122017266000,0,0.49000000,0.00514435
1622122033976000,0,0.49000000,0.00514744
1622122037710000,0,0.50000000,0.00514662
1622122040936000,0,0.30678342,0.00514960
1622122169912000,0,3.27868852,0.00518000
1622122169912000,0,0.45000000,0.00518065
1622122176568000,1,5.83645273,0.00516781
1622122176568000,1,14.59173177,0.00516699
1622122176644000,1,0.48000000,0.00516665
1622122176644000,1,37.94033534,0.00516542
1622122180199000,0,5.84364905,0.00517401
1622122204508000,0,1.76932400,0.00517000
1622122204907000,0,12.37805000,0.00517000
1622122227008000,1,5.85037000,0.00515230
1622122233281000,1,0.00000617,0.00515230
1622122233281000,1,5.83317383,0.00515135
1622122234643000,1,0.00001110,0.00515135
1622122234710000,1,38.08954000,0.00515071
1622122235174000,1,0.00000698,0.00515071
1622122299525000,0,1.50383800,0.00516000
1622122308162000,1,1.20000000,0.00515131
1622122310109000,0,5.86171016,0.00516130
1622122310109000,0,14.65992362,0.00516130
1622122310109000,0,28.47836622,0.00516130
1622122314298000,1,0.24960800,0.00515799
1622122392652000,0,5.88521069,0.00514878
1622122392652000,0,14.71206931,0.00514878
1622122430263000,0,12.08657626,0.00514669
1622122430263000,0,1.20000000,0.00514682
1622122430263000,0,1.05097868,0.00514754
1622122430913000,1,12.99020000,0.00514001
1622122437114000,0,5.89921000,0.00514068
1622122437520000,0,0.00000599,0.00514068
1622122437648000,0,14.74748000,0.00514254
1622122446554000,1,0.40937300,0.00513778
1622122610791000,1,0.21300000,0.00514105
1622122610791000,1,1.67957600,0.00513872
1622122611290000,1,1.87709900,0.00513872
1622122659465000,0,0.88812800,0.00514000
1622122659465000,0,0.53281700,0.00514000
1622122751450000,1,3.47690300,0.00513468
1622122758262000,0,38.31862240,0.00515110
1622122758262000,0,14.73998319,0.00515295
1622122759320000,0,2.73146387,0.00515994
1622122760039000,0,103.18489603,0.00515998
1622122760039000,0,17.35668304,0.00515999
1622122760334000,0,368.60000000,0.00515999
1622122760543000,0,0.00135439,0.00515999
1622122851833000,0,7.15821000,0.00515826
1622122974162000,1,0.42077350,0.00513309
1622122974162000,1,12.13339474,0.00513230
1622122974162000,1,4.44583176,0.00513230
1622122999295000,1,0.50050000,0.00513905
1622123051484000,1,0.23903800,0.00512095
1622123052039000,1,1.20000000,0.00512096
1622123052039000,1,5.93060311,0.00512095
1622123052039000,1,8.36939689,0.00512095
1622123154718000,0,0.70000000,0.00513000
1622123154909000,0,0.39000000,0.00513000
1622123155083000,0,0.00136900,0.00513000
1622123172527000,0,5.93422840,0.00513706
1622123225984000,0,0.14790400,0.00513000
1622123225984000,0,0.50000000,0.00513336
1622123225984000,0,1.19209600,0.00513493
1622123226007000,0,0.00790400,0.00513493
1622123237731000,0,12.14000000,0.00513557
1622123237745000,0,0.00510884,0.00513557
1622123239786000,0,1.20000000,0.00513672
1622123255437000,0,2.00000000,0.00513493
1622123255486000,0,0.00940000,0.00513493
1622123258212000,0,12.14000000,0.00513875
1622123258221000,0,0.00102879,0.00513875
1622123259375000,0,12.14000000,0.00513875
1622123259446000,0,0.00102879,0.00513875
1622123287762000,1,0.50000000,0.00513223
1622123298018000,0,12.14652007,0.00513787
1622123298018000,0,7.36529250,0.00513981
1622123298018000,0,1.20000000,0.00514003
1622123298018000,0,0.48000000,0.00514016
1622123298018000,0,12.14274314,0.00514131
1622123298018000,0,0.48000000,0.00514141
1622123298018000,0,30.00000000,0.00514280
1622123298018000,0,8.12753608,0.00514313
1622123340844000,0,9.42000000,0.00513933
1622123340918000,0,2.71277748,0.00513933
1622123350461000,1,1.72800000,0.00513414
1622123350571000,1,1.26490000,0.00513413
1622123350649000,1,2.59600000,0.00513414
1622123350658000,1,0.70000000,0.00513414
1622123350683000,1,0.71100000,0.00513413
1622123351271000,1,2.92538400,0.00513416
1622123354701000,0,12.14000000,0.00513699
1622123369643000,0,0.00563005,0.00513699
1622123369643000,0,12.13436995,0.00513840
1622123381576000,0,12.13000000,0.00514037
1622123392713000,0,0.00392756,0.00514037
1622123392713000,0,12.12607244,0.00514124
1622123392778000,0,0.00569503,0.00514124
1622123395593000,0,11.47000000,0.00514124
1622123395614000,0,0.66176747,0.00514124
1622123425748000,1,1.77167445,0.00514047
1622123425756000,1,2.49780795,0.00514047
1622123425796000,1,0.75998059,0.00514047
1622123425897000,1,0.86787507,0.00514047
1622123465635000,1,4.58978000,0.00513674
1622123465886000,0,10.33290600,0.00514244
1622123509002000,1,0.60581300,0.00513835
1622123531700000,0,12.11000000,0.00514580
1622123533437000,0,0.00819950,0.00514580
1622123533437000,0,12.11180050,0.00514580
1622123533513000,0,0.00639900,0.00514580
1622123535386000,0,1.93000000,0.00514580
1622123535422000,0,10.18819950,0.00514580
1622123537418000,0,1.20000000,0.00514771
1622123537493000,0,1.20000000,0.00514800
1622123537493000,0,12.11000000,0.00514801
1622123541269000,0,12.12000000,0.00514607
1622123541458000,0,0.00000220,0.00514607
1622123561419000,1,1.70115600,0.00514035
1622123565790000,0,12.11000000,0.00514681
1622123565955000,0,0.00964108,0.00514681
1622123568329000,1,5.90288265,0.00514117
1622123568329000,1,12.11921310,0.00514116
1622123568329000,1,5.97790425,0.00514043
1622123576798000,1,3.31714721,0.00514119
1622123596045000,1,5.15589289,0.00514036
1622123596054000,1,2.02342621,0.00514036
1622123651675000,0,12.14156522,0.00514123
1622123651675000,0,1.20000000,0.00514133
1622123651675000,0,12.13843478,0.00514142
1622123652485000,0,12.14000000,0.00514123
1622123653125000,0,0.00156522,0.00514123
1622123653125000,0,1.19843478,0.00514141
1622123653159000,0,0.00156522,0.00514141
1622123653159000,0,0.00153932,0.00514142
1622123703133000,1,0.98297600,0.00512757
1622123708428000,0,0.18137200,0.00513926
1622123846494000,1,5.96682413,0.00512632
1622123864044000,1,5.96331295,0.00513004
1622123864044000,1,13.56751604,0.00513003
1622123864044000,1,50.51900000,0.00513001
1622123866984000,1,5.96401020,0.00512521
1622123867693000,0,1.22000000,0.00512828
1622123880641000,0,1.20000000,0.00513007
1622123961720000,0,13.21000000,0.00513964
1622123978505000,0,2.44000000,0.00513844
1622124025292000,1,5.91941000,0.00515396
1622124041408000,1,0.51000000,0.00516111
1622124041408000,1,4.99000000,0.00516001
1622124048783000,1,35.03376000,0.00516101
1622124049447000,1,14.76955847,0.00515937
1622124049447000,1,5.90758153,0.00515937
1622124091892000,1,1.20000000,0.00514574
1622124091892000,1,0.48907900,0.00514571
1622124119147000,0,34.01900000,0.00514938
1622124163616000,1,1.07494400,0.00515009
1622124187089000,1,5.92103572,0.00514614
1622124187089000,1,5.91650895,0.00514612
1622124204194000,1,1.20000000,0.00514164
1622124204194000,1,0.79081700,0.00514163
1622124214699000,1,0.08527439,0.00514424
1622124303062000,1,6.16145000,0.00514458
1622124303238000,1,0.00000535,0.00514458
1622124303238000,1,2.96899465,0.00514457
1622124308314000,1,0.00000535,0.00514457
1622124376844000,0,37.00000000,0.00514920
1622124420324000,1,0.79093700,0.00514555
1622124463086000,1,8.26867500,0.00514025
1622124540311000,0,5.90578000,0.00514912
1622124540649000,0,0.00000242,0.00514912
1622124540649000,0,6.50999758,0.00514934
1622124540669000,0,1.20000000,0.00514934
1622124746426000,1,4.04549100,0.00514210
1622124898472000,1,0.10416800,0.00513541
1622124980304000,0,7.40023000,0.00516001
1622124980601000,0,0.00000221,0.00516001
1622124980628000,0,5.87934112,0.00516223
1622124980628000,0,5.87780142,0.00516223
1622124980628000,0,0.49000000,0.00516290
1622124980628000,0,30.00000000,0.00516300
1622124980628000,0,38.20159820,0.00516390
1622124980628000,0,0.49000000,0.00516402
1622125112473000,1,0.50000000,0.00515303
1622125112473000,1,1.99575300,0.00515243
1622125565042000,0,0.64917803,0.00515451
1622125569028000,1,0.06051800,0.00514396
1622125570071000,0,3.72104000,0.00515406
1622125604765000,1,0.07149500,0.00515165
1622125813271000,1,5.87952750,0.00514571
1622125813271000,1,1.77243377,0.00514470
1622125814188000,1,36.44000000,0.00514470
1622125819977000,0,0.50000000,0.00514974
1622125819977000,0,0.49000000,0.00514976
1622125819977000,0,0.01000000,0.00514976
1622126000791000,1,0.25502217,0.00512633
1622126244030000,1,3.19151800,0.00513546
1622126315610000,0,5.89176532,0.00514736
1622126315610000,0,2.70000000,0.00514737
1622126408606000,0,15.00000000,0.00516131
1622126432549000,1,1.01471400,0.00515476
1622126539827000,1,12.99000000,0.00515425
1622126546212000,1,12.08609758,0.00515505
1622126546212000,1,0.48000000,0.00515310
1622126546212000,1,1.20000000,0.00515120
1622126546212000,1,10.90022142,0.00515119
1622126572105000,1,12.07000000,0.00515771
1622126592576000,1,0.00429669,0.00515771
1622126617718000,0,0.05000000,0.00515000
1622126627162000,1,16.30000000,0.00514554
1622126688565000,1,7.27335333,0.00514335
1622126688565000,1,58.99664667,0.00514334
1622126781608000,1,19.36000000,0.00512707
1622126781631000,1,0.64000000,0.00512707
1622126805352000,0,0.10000000,0.00513000
1622126805352000,0,0.59000000,0.00513000
1622126805436000,0,0.00119200,0.00513000
1622126846361000,1,0.55699200,0.00513174
1622126945761000,1,0.99900000,0.00512306
1622126995504000,1,0.10166000,0.00512813
1622127000290000,1,0.11469500,0.00512598
1622127030780000,0,0.31199700,0.00513098
1622127285652000,1,0.17533500,0.00514005
1622127671102000,1,2.16609300,0.00514674
1622127699018000,1,0.23034500,0.00514710
1622127806474000,1,2.71649900,0.00514351
1622127910948000,1,0.68535500,0.00513201
1622127974226000,1,1.20000000,0.00512812
1622127974226000,1,5.49218200,0.00512811
1622127984972000,0,1.99769678,0.00513544
1622128167934000,1,0.60909600,0.00511518
1622128189696000,0,0.70000000,0.00511000
1622128190036000,0,1.22000000,0.00511000
1622128190072000,0,0.00822200,0.00511000
1622128513562000,1,2.00000000,0.00510828
1622128552893000,1,5.95503386,0.00510965
1622128552893000,1,14.88496614,0.00510965
1622128574764000,1,5.96569779,0.00509875
1622128574764000,1,5.96430221,0.00509875
1622128575356000,1,0.10000000,0.00509502
1622128617743000,1,0.50000000,0.00509375
1622128794937000,1,0.36397400,0.00508275
1622128860226000,1,0.11630200,0.00509008
1622128881997000,1,0.26391100,0.00509479
1622129035844000,1,4.49896000,0.00507954
1622129035911000,1,0.00000237,0.00507954
1622129035911000,1,0.50000000,0.00507954
1622129036145000,1,11.24000000,0.00507815
1622129036170000,1,0.00802189,0.00507815
1622129106133000,1,0.48000000,0.00508331
1622129106133000,1,0.50950500,0.00508275
1622129117258000,1,0.28464200,0.00508458
1622129120574000,0,13.31000000,0.00509418
1622129120837000,0,0.00571034,0.00509418
1622129130811000,1,0.98960400,0.00509005
1622129186914000,1,0.69172098,0.00509003
1622129194709000,1,25.73950000,0.00508823
1622129291644000,0,3.99000000,0.00510000
1622129291666000,0,0.00200300,0.00510000
1622129352535000,0,0.50000000,0.00510000
1622129352603000,0,2.93128900,0.00510000
1622129459517000,1,3.60369600,0.00511171
1622129459822000,1,1.10076100,0.00511170
1622129480843000,1,1.42222251,0.00511924
1622129480843000,1,2.16614649,0.00511923
1622129502203000,1,3.58636500,0.00511150
1622129554766000,1,1.10094100,0.00511150
1622129565278000,1,0.05748000,0.00511491
1622129565700000,1,0.07122800,0.00511493
1622129715265000,1,1.10474200,0.00510944
1622129868594000,1,12.82000000,0.00511844
1622130056125000,1,1.02000000,0.00511000
1622130061784000,1,0.00189500,0.00511000
1622130080680000,1,0.34776600,0.00510368
1622130131732000,1,1.97521000,0.00509848
1622130131879000,1,0.00000812,0.00509848
1622130132003000,1,34.65200000,0.00509698
1622130132244000,1,3.68710267,0.00509698
1622130132322000,1,1.97521000,0.00509698
1622130132336000,1,28.98768733,0.00509698
1622130159155000,1,1.97000000,0.00509558
1622130178716000,1,1.97000000,0.00509023
1622130178722000,1,0.00841946,0.00509023
1622130298628000,0,0.42493600,0.00511255
1622130313925000,1,0.13000000,0.00510786
1622130414825000,1,3.47967499,0.00510850
1622130414825000,1,0.40816501,0.00510850
1622130485285000,0,1.20000000,0.00512152
1622131006655000,0,4.51936263,0.00510614
1622131006655000,0,4.51886666,0.00510644
1622131006691000,0,0.49000000,0.00510820
1622131088822000,0,0.04157286,0.00510709
1622131215811000,0,1.81000000,0.00512152
1622131216618000,0,0.00135470,0.00512152
1622131216618000,0,0.49864530,0.00512573
1622131475770000,1,1.65669998,0.00508785
1622131475770000,1,1.65655687,0.00508785
1622131475770000,1,1.65649183,0.00508785
1622131675688000,1,1.00000000,0.00510601
1622131716090000,1,0.35365700,0.00510120
1622132010620000,1,5.79166372,0.00508013
1622132010620000,1,0.89101449,0.00508013
1622132010632000,0,0.89124232,0.00508000
1622132012055000,0,0.90000000,0.00507520
1622132015275000,0,0.48000000,0.00507746
1622132088533000,1,2.59931055,0.00507063
1622132088533000,1,1.03973353,0.00507063
1622132107587000,0,6.86000000,0.00508272
1622132112029000,0,6.07000000,0.00508888
1622132112075000,0,0.00908097,0.00508888
1622132168688000,1,1.13511445,0.00509001
1622132168688000,1,2.83854398,0.00508981
1622132298338000,1,34.95700000,0.00508276
1622133276475000,1,1.68918900,0.00509430
1622133404953000,1,0.16464200,0.00509599
1622133537965000,1,57.20708215,0.00507294
1622133539893000,1,1.08000004,0.00507349
1622133824224000,1,2.03961500,0.00506555
1622133852034000,1,0.48930500,0.00506340
1622133866323000,0,0.19974000,0.00507363
1622133952454000,1,12.67119000,0.00506371
1622134138776000,1,1.35817630,0.00507318
1622134138776000,1,0.54326370,0.00507318
1622134139011000,1,0.00000682,0.00507318
1622134139011000,1,3.53124318,0.00507232
1622134213151000,0,15.09866500,0.00507693
1622134410498000,1,15.37741788,0.00506431
1622134410498000,1,6.15668212,0.00506431
1622134432942000,0,1.60290000,0.00506431
1622134440013000,0,0.00000322,0.00506431
1622134723061000,0,12.65204153,0.00508526
1622134723061000,0,6.47972347,0.00508629
1622134967477000,0,1.03617500,0.00509766
1622135691382000,0,1.01008100,0.00509249
1622135758829000,1,0.48791600,0.00508445
1622135835649000,0,7.59000000,0.00509370
1622135863725000,0,0.82136100,0.00509647
1622135994839000,0,0.08583665,0.00510953
1622136330766000,0,5.82580200,0.00509996
1622136901329000,1,1.30000000,0.00509920
1622136901329000,1,0.16656672,0.00509919
1622136913235000,0,0.06977270,0.00510351
1622136956313000,0,40.45000000,0.00509999
1622136956761000,0,29.42848107,0.00509999
1622136956761000,0,173.36151893,0.00510000
1622136956767000,0,160.28000000,0.00510000
1622136956789000,0,287.29000000,0.00510000
1622137029188000,1,0.58023200,0.00509575
1622137085446000,0,25.26340000,0.00510000
1622137086542000,0,0.00000704,0.00510000
1622137144008000,1,0.84195200,0.00509781
1622137649237000,1,1.36017200,0.00509774
1622137883755000,0,0.08600781,0.00510574
1622138075510000,0,1.30000000,0.00510565
1622138075510000,0,0.75251600,0.00510688
1622138655189000,1,1.30000000,0.00510410
1622138655189000,1,12.50624679,0.00510409
1622138655189000,1,0.48000000,0.00510221
1622138655189000,1,63.27226277,0.00510201
1622139541478000,1,2.75784819,0.00508090
1622139541487000,1,9.83396506,0.00508090
1622139862214000,0,4.69447995,0.00509181
1622140353847000,1,0.00000001,0.00508090
1622140353847000,1,1.29999999,0.00507841
1622140368581000,1,1.30000000,0.00507365
1622140369862000,1,11.55000000,0.00507365
1622141120015000,1,1.30000000,0.00507853
1622141120015000,1,0.64800000,0.00507852
1622141556655000,1,2.59000000,0.00507652
1622141556713000,1,0.00150808,0.00507652
1622141877255000,1,0.25003000,0.00507440
1622141983272000,1,1.00000000,0.00508270
1622142036566000,1,6.12875809,0.00507342
1622142037657000,1,12.58469780,0.00507462
1622142142508000,1,0.00000178,0.00506371
1622142152687000,1,6.18384693,0.00504271
1622142152687000,1,20.57300000,0.00504270
1622142169721000,1,6.19110000,0.00503604
1622142171862000,0,0.43199999,0.00504077
1622142175938000,1,1.30000000,0.00503779
1622142175938000,1,0.51000000,0.00503664
1622142176550000,1,40.21654543,0.00503646
1622142241551000,1,6.19250007,0.00503672
1622142241551000,1,15.48194993,0.00503672
1622142254444000,1,6.19620000,0.00503613
1622142256505000,1,6.20068000,0.00503303
1622142262408000,1,15.52843077,0.00502601
1622142262408000,1,6.21078856,0.00502601
1622142262408000,1,50.84397087,0.00502600
1622142262408000,1,2.01580980,0.00502416
1622142262731000,1,52.85978000,0.00502601
1622142262731000,1,0.50000000,0.00502531
1622142263041000,1,6.20879040,0.00502512
1622142263041000,1,15.52256854,0.00502512
1622142263835000,1,12.75395695,0.00502607
1622142263835000,1,0.51000000,0.00502530
1622142340561000,0,10.86100000,0.00504834
1622142505733000,1,6.17669000,0.00505484
1622142915686000,1,0.24261900,0.00507568
1622143042885000,0,0.72855600,0.00507871
1622144080612000,1,1.30000000,0.00506590
1622144080612000,1,0.51000000,0.00506589
1622144080612000,1,8.59850000,0.00506565
1622144513851000,1,0.08457600,0.00506142
1622144539449000,1,0.43466700,0.00506142
1622145017308000,1,12.71071000,0.00507484
1622145189238000,0,1.04839645,0.00508624
1622145418855000,0,4.09641000,0.00508317
1622145419640000,0,0.00000331,0.00508317
1622145857627000,1,4.00000000,0.00507561
1622146006481000,1,2.00950400,0.00506527
1622146578310000,0,3.51328935,0.00506705
1622146719217000,1,0.14440300,0.00504661
1622147142379000,1,15.00000000,0.00504926
1622147372027000,0,1.03536800,0.00504714
1622147817832000,0,0.50000000,0.00504906
1622147817832000,0,3.45643960,0.00504999
1622147822831000,0,3.95927773,0.00504638
1622147827964000,0,3.95727023,0.00504894
1622147833184000,0,3.95728591,0.00504892
1622147838605000,0,3.95728591,0.00504892
1622147843605000,0,3.95729374,0.00504891
1622147850259000,0,3.95728000,0.00504892
1622147855301000,0,3.95727807,0.00504893
1622147860265000,0,1.30000000,0.00504763
1622147865300000,0,2.65829000,0.00504763
1622147870318000,0,0.49000000,0.00504855
1622147870318000,0,3.46730158,0.00504888
1622147875311000,0,3.95978777,0.00504573
1622147880669000,0,3.95981132,0.00504570
1622147885892000,0,3.95725455,0.00504896
1622147950413000,0,3.95956020,0.00504602
1622148044846000,0,0.49000000,0.00503690
1622148044846000,0,7.51025041,0.00503763
1622148044846000,0,12.83756643,0.00503767
1622148286886000,1,15.00000000,0.00504342
1622148292641000,1,0.51000000,0.00504329
1622148316954000,1,1.30000000,0.00504085
1622148316954000,1,0.50000000,0.00504085
1622148316954000,1,0.50000000,0.00504084
1622148316954000,1,7.64910004,0.00504075
1622148316954000,1,1.02924896,0.00504026
1622148515666000,0,1.30000000,0.00502456
1622148515666000,0,3.41480000,0.00502457
1622149249247000,1,9.98280330,0.00500497
1622149249247000,1,0.76176453,0.00500497
1622149249248000,1,2.20990758,0.00500497
1622149249248000,1,1.30000000,0.00500456
1622149249248000,1,0.49000000,0.00500391
1622149249249000,1,0.48000000,0.00500270
1622149249249000,1,9.50280330,0.00500183
1622149336993000,1,1.30000000,0.00499285
1622149336993000,1,100.90833764,0.00499236
1622149336993000,1,6.35628274,0.00499235
1622149336993000,1,13.05603992,0.00499231
1622149336993000,1,36.54500000,0.00499231
1622149336993000,1,13.03480742,0.00499116
1622149336993000,1,0.49000000,0.00499108
1622149336993000,1,20.19389053,0.00499087
1622149342230000,0,0.50000000,0.00500022
1622149385791000,1,23.00000000,0.00499588
1622149385975000,1,28.28758000,0.00499588
1622149386081000,1,2.65210300,0.00499588
1622150127267000,1,13.11000000,0.00500910
1622150195754000,0,10.40937800,0.00500349
1622150374734000,0,0.25000000,0.00501000
1622150495886000,1,0.44658100,0.00500156
1622151077769000,0,5.00000000,0.00502889
1622151154210000,1,0.41282000,0.00502771
1622151315449000,1,6.33000000,0.00501920
1622151346060000,1,9.49913631,0.00501922
1622151346060000,1,0.00086369,0.00501920
1622151505847000,1,0.00195229,0.00501920
1622151673033000,0,0.69856300,0.00502865
1622151676220000,1,0.51000000,0.00502505
1622151676220000,1,0.50000000,0.00502505
1622151676220000,1,3.06931423,0.00502413
1622151687780000,1,0.35100000,0.00503000
1622151727961000,1,0.00062900,0.00503000
1622151748172000,0,95.89182152,0.00503260
1622151991670000,1,1.59102031,0.00505006
1622151992265000,1,0.82097972,0.00505006
1622152350758000,1,5.98365258,0.00504381
1622152351174000,1,1.86441961,0.00504381
1622152428308000,0,0.85131270,0.00504912
1622153444872000,0,0.30000000,0.00505000
1622153543973000,0,0.62566200,0.00506205
1622154600498000,1,0.34800000,0.00506205
1622154600622000,1,30.36283718,0.00506205
1622154655717000,1,12.94443000,0.00504857
1622155283820000,1,1.00043000,0.00503002
1622155474427000,0,1.30000000,0.00504132
1622155474427000,0,1.04346400,0.00504133
1622155705453000,0,0.70000000,0.00502000
1622155705518000,0,7.28035700,0.00502000
1622156582575000,0,15.61775854,0.00505065
1622156626411000,1,0.15453400,0.00505090
1622156710414000,1,0.70000000,0.00506027
1622156905664000,1,0.25000000,0.00505561
1622156989383000,1,6.22540114,0.00505014
1622156989383000,1,15.56444691,0.00505014
1622156989383000,1,8.21015195,0.00505008
1622157294910000,0,12.85799176,0.00503569
1622157294910000,0,0.50000000,0.00503636
1622157294999000,1,12.85799176,0.00503652
1622157295047000,1,128.64218822,0.00503652
1622157295120000,1,26.25182826,0.00503652
1622157489458000,0,0.70000000,0.00502563
1622157605669000,0,0.43199999,0.00501738
1622157609447000,0,1.42883913,0.00501646
1622157641280000,0,1.19932008,0.00501622
1622158181999000,1,6.30444492,0.00501769
1622158777723000,1,0.70000000,0.00503000
1622158777732000,1,1.07455700,0.00503000
