timestamp ms,type,amount,price
1625616040561000,1,2.82000000,138.7000
1625616085433000,1,1.48785218,138.7500
1625616085467000,1,0.03036433,138.7500
1625616101251000,1,2.44076286,138.7200
1625616101343000,1,2.06046761,138.7200
1625616101387000,1,1.98046858,138.7200
1625616101842000,0,7.19680000,138.7000
1625616101842000,0,0.50765217,138.7100
1625616194871000,1,1.36261304,138.5700
1625616212903000,1,36.14830000,138.6400
1625616215610000,1,0.00003879,138.6400
1625616215610000,1,2.18385240,138.6400
1625616215629000,1,3.15106816,138.6400
1625616216222000,0,7.21000000,138.6600
1625616216281000,0,0.00627572,138.6600
1625616221392000,1,2.67390000,138.6400
1625616221425000,1,8.47200000,138.6400
1625616221427000,1,58.70140000,138.6400
1625616221484000,1,1.17470000,138.6400
1625616221588000,1,33.84994809,138.6400
1625616227505000,1,3.11943305,138.4800
1625616274894000,1,6.06938415,138.6900
1625616277331000,0,1.17470000,138.7000
1625616277433000,0,1.48069112,138.7000
1625616282613000,1,3.11940000,138.8500
1625616282678000,1,8.47200000,138.8500
1625616282700000,1,1.06950000,138.8500
1625616282777000,1,1.24940000,138.8500
1625616283827000,1,1.07620000,138.8500
1625616283831000,1,1.86788515,138.8500
1625616283848000,1,1.01810000,138.8500
1625616283918000,1,1.07630000,138.8500
1625616283933000,1,10.69500291,138.8500
1625616283935000,1,1.05970000,138.8500
1625616284141000,1,1.01470000,138.8500
1625616284994000,1,10.39293563,138.8500
1625616284996000,1,12.34764554,138.8500
1625616342729000,0,7.56390000,139.0800
1625616421020000,0,0.23563178,139.0600
1625616448559000,0,8.50114000,139.1400
1625616448732000,0,0.00000156,139.1400
1625616555546000,0,20.00000000,139.4100
1625616597227000,0,5.30000000,139.7200
1625616597227000,0,0.99620000,139.7400
1625616745030000,1,0.93586903,139.5900
1625616766852000,0,0.19286144,139.6200
1625616807179000,0,1.46546000,139.6300
1625616807847000,0,1.18670000,139.6200
1625616809070000,0,1.28569000,139.6100
1625616809070000,0,0.00000286,139.6100
1625616809736000,0,0.00009341,139.6200
1625616809736000,0,0.93475659,139.6200
1625616920375000,0,0.00001146,139.6200
1625616920888000,0,0.00000970,139.6300
1625616940716000,1,0.36387453,139.6600
1625617480308000,1,2.01811847,138.9700
1625618202938000,0,7.24993968,138.0100
1625618202938000,0,0.14744782,138.0200
1625618745147000,0,7.23930060,138.2000
1625618779756000,0,7.23000000,138.3100
1625618782305000,0,0.00484803,138.3100
1625618903396000,1,26.68000000,138.1100
1625618934564000,0,0.44038972,138.1500
1625618957582000,0,7.24276000,138.1300
1625618957671000,0,0.00000864,138.1300
1625619216661000,1,1.04590453,138.2600
1625619292058000,1,7.22912072,138.2800
1625619292058000,1,16.77087928,138.2800
1625619292309000,1,7.22912072,138.2800
1625619297501000,1,13.65044428,138.2400
1625619297501000,1,7.22955572,138.2400
1625619306891000,1,0.00098657,138.2400
1625619306891000,1,56.60400000,138.1900
1625619306891000,1,15.04600000,138.1900
1625619306891000,1,7.22901343,138.1900
1625619306918000,1,0.00321992,138.1900
1625619361963000,1,0.58050164,138.1100
1625619468273000,0,0.73057000,138.5600
1625619468308000,0,0.00000763,138.5600
1625619472211000,0,0.73000000,138.6500
1625619499100000,1,18.44000000,138.5200
1625619516632000,1,7.21850000,138.4500
1625619516730000,1,0.00008164,138.4500
1625619544487000,0,0.17899152,138.6400
1625619544643000,0,0.00365289,138.6400
1625619544643000,0,0.00057763,138.6500
1625619586637000,0,0.87928996,138.6900
1625619737956000,1,5.12580000,139.0000
1625619739411000,1,1.21349726,138.9300
1625619740229000,1,18.78000000,138.9300
1625619963610000,0,13.70018014,139.1000
1625619963610000,0,7.18981986,139.1000
1625620022165000,1,24.00000000,138.9700
1625620022219000,1,29.68689000,138.9700
1625620022268000,1,0.28011000,138.9700
1625620022268000,1,14.34500000,138.9700
1625620078872000,0,0.31513841,138.7800
1625620107010000,0,7.19340000,138.8500
1625620228381000,1,1.58760000,138.9400
1625620609421000,1,7.16947046,139.4200
1625620621292000,1,3.30000000,139.3700
1625620629356000,1,7.17000000,139.3700
1625620689023000,0,7.16500000,139.4400
1625620696657000,0,10.84934000,139.4600
1625620803931000,1,15.64215150,139.4000
1625620810277000,1,0.00185315,139.3700
1625620970824000,1,10.09890000,139.3200
1625620971736000,1,0.20197800,139.3200
1625621159160000,1,22.65000000,139.5700
1625621161283000,1,7.48900000,139.5700
1625621161283000,1,19.26100000,139.5700
1625621216966000,1,0.00800000,139.5700
1625621385258000,0,1.00000000,139.8000
1625621505069000,1,7.11850000,139.6400
1625621505069000,1,20.00000000,139.6400
1625621505069000,1,2.20000000,139.6400
1625621505069000,1,2.64474907,139.6400
1625621505069000,1,1.95383280,139.6300
1625621791859000,1,7.16431168,139.5300
1625621791859000,1,20.00000000,139.5200
1625621792780000,1,2.70000000,139.4900
1625621829170000,1,2.74835000,139.2200
1625621829170000,1,6.87043006,139.2200
1625621888582000,1,1.00000000,139.0000
1625621888874000,1,9.64083722,139.0000
1625621889013000,1,0.19675178,139.0000
1625621895279000,1,140.10738000,138.8800
1625621896261000,1,16.00000000,138.8800
1625621896303000,1,74.13410000,138.8800
1625621896323000,1,7.62702000,138.8800
1625621909825000,0,1.74212741,138.7600
1625621910032000,0,1.11980000,138.8000
1625621990960000,1,7.20232341,138.7800
1625621990960000,1,4.20245482,138.7500
1625621991274000,1,7.20232341,138.7800
1625621993990000,1,1.11980000,138.6200
1625622058206000,0,7.21570000,138.3500
1625622058894000,0,8.54358545,138.4600
1625622058894000,0,11.45641455,138.4600
1625622198498000,0,7.21118907,138.7700
1625622309488000,0,54.77000000,138.9100
1625622309535000,0,136.93150000,138.9100
1625622418603000,1,16.92754000,138.9000
1625622418930000,1,0.34546000,138.9000
1625622419902000,1,35.07000000,138.8900
1625622542753000,0,7.20978000,138.7700
1625622542803000,0,0.00000940,138.7700
1625622544053000,1,2.67124317,138.7000
1625622544335000,1,2.67124000,138.6900
1625622544398000,1,0.00000317,138.6900
1625622544500000,1,2.67124317,138.6700
1625622544750000,1,2.67124000,138.6100
1625622608302000,0,7.21000000,138.6300
1625622608352000,0,0.00805891,138.6300
1625622609200000,0,7.18640000,138.6800
1625622746206000,1,1.02456063,138.6800
1625622890381000,0,7.21812933,138.6100
1625622903165000,0,8.54153607,138.6600
1625622952923000,1,0.93750000,138.7300
1625622953231000,1,1.14751989,138.6700
1625622953244000,1,2.37000000,138.6700
1625622953250000,1,2.99851743,138.6700
1625623032961000,1,2.32979011,138.6500
1625623032968000,1,0.24508915,138.6500
1625623033254000,1,1.52177327,138.6100
1625623033315000,1,3.77037735,138.6100
1625623070641000,1,2.56389442,138.5100
1625623070641000,1,3.06246100,138.5000
1625623070668000,1,2.66644680,138.5000
1625623070696000,1,1.46879220,138.5000
1625623112572000,0,7.22087752,138.5600
1625623147817000,0,1.00000000,138.6600
1625623147821000,0,6.21591433,138.6600
1625623491180000,1,2.72438348,138.3000
1625623491180000,1,7.19690000,138.2900
1625623491180000,1,6.81198754,138.2800
1625623491180000,1,19.07300000,138.2300
1625623491180000,1,17.71591487,138.2200
1625623491477000,1,6.81377474,138.2200
1625623491477000,1,2.72438348,138.2200
1625623492449000,1,2.72686535,138.1700
1625623493157000,0,2.20000000,138.2500
1625623529445000,1,7.23530000,138.0900
1625623546954000,1,21.88000000,138.0600
1625623547182000,1,12.49000000,138.0600
1625623547184000,1,0.00800000,138.0600
1625623548606000,1,1.00000000,138.0000
1625623548710000,1,3.82214086,138.0000
1625623548733000,1,5.17785914,138.0000
1625623551558000,0,2.20000000,138.0000
1625623551558000,0,20.00000000,138.0100
1625623551558000,0,4.98118972,138.0300
1625623554063000,0,0.69974078,138.0300
1625623576026000,1,1.00000000,138.0800
1625623593468000,1,10.96987653,137.8400
1625623594932000,0,2.20000000,137.8900
1625623595055000,0,2.20000000,137.9100
1625623610473000,1,0.66999999,137.8400
1625623610496000,1,5.29212348,137.8400
1625623624392000,0,7.25819000,137.8700
1625623679596000,0,7.26813000,137.6700
1625623679843000,0,7.23350000,137.6900
1625623742372000,0,7.26588000,137.7100
1625623998309000,1,13.83000000,137.4600
1625623998310000,1,0.00173213,137.4600
1625624020955000,1,20.98900000,137.1700
1625624020955000,1,102.35100000,137.1600
1625624045308000,0,8.61369074,137.2800
1625624045308000,0,7.24309926,137.2800
1625624074605000,0,7.25300000,137.4800
1625624118825000,1,1.00000000,137.2800
1625624144480000,0,7.28380000,137.3800
1625624185221000,0,0.60203470,137.5600
1625624212457000,1,1.60000000,137.5300
1625624233564000,0,7.25610000,137.4800
1625624240093000,1,0.17852546,137.4700
1625624530009000,0,7.27550000,137.4500
1625624544580000,1,7.27000000,137.3300
1625624544745000,1,0.00815284,137.3300
1625624568734000,0,7.27770000,137.1900
1625624651180000,0,7.29172000,137.2400
1625624652879000,0,0.00000125,137.2400
1625624703381000,1,4.69000000,137.0900
1625624766297000,1,7.14881882,137.0300
1625624830577000,1,7.29000000,137.0700
1625624886846000,1,0.45088278,137.0700
1625624886971000,1,0.00000001,137.0700
1625624906165000,1,0.30704084,137.0900
1625625081301000,0,1.52393423,137.4600
1625625097010000,1,7.27712329,137.3700
1625625325814000,0,7.23250000,137.5100
1625625473463000,0,7.25910000,137.5600
1625625548308000,1,2.70000000,137.5500
1625625804353000,0,7.23750000,138.0900
1625625828850000,1,7.09586185,138.0400
1625625828862000,1,0.14481351,138.0400
1625625845777000,0,0.25301385,138.0600
1625625846234000,0,1.64883330,138.1000
1625625861254000,1,7.09619051,138.0400
1625626064145000,0,0.14602000,138.0900
1625626099107000,0,0.19610761,138.2400
1625626099130000,0,0.00400220,138.2400
1625626123063000,1,20.00000000,138.3500
1625626123063000,1,2.20000000,138.3400
1625626123063000,1,5.02127108,138.3400
1625626384317000,1,7.22549259,138.3500
1625626426181000,1,3.32000000,138.2800
1625626579005000,1,4.77028412,138.5600
1625626606405000,1,4.76980712,138.6200
1625626611109000,1,2.20000000,138.6700
1625626611109000,1,18.94757320,138.6700
1625626803300000,1,8.10536445,139.1100
1625626873205000,0,14.63570000,139.7800
1625626925557000,1,6.21000000,139.3800
1625626929776000,1,2.20000000,139.3500
1625627150437000,0,1.09160000,139.4800
1625627150835000,0,8.47554259,139.5000
1625627150835000,0,7.14700000,139.5200
1625627150835000,0,13.56362331,139.5300
1625627163612000,1,2.20000000,139.5100
1625627163612000,1,8.72858188,139.5100
1625627163722000,1,11.27141812,139.5100
1625627163901000,1,7.16466583,139.4700
1625627174741000,1,6.02496000,139.4200
1625627270569000,0,7.18023000,139.3600
1625627902055000,0,0.17808807,139.6500
1625628709296000,0,7.14220292,140.1000
1625628709903000,0,3.55848787,140.2000
1625628739991000,1,1.09160000,140.0800
1625628740032000,1,6.04214386,140.0800
1625628765030000,1,20.00000000,140.2700
1625628782932000,1,7.12000000,140.2300
1625628803833000,1,7.13000000,140.1600
1625628805893000,1,0.00093677,140.1600
1625628805893000,1,7.13361572,140.1000
1625628819341000,1,2.70000000,140.0800
1625628819480000,1,4.43482108,140.0800
1625628992953000,1,20.00000000,140.0600
1625629034345000,1,7.13000000,140.0800
1625629037638000,1,0.00611276,140.0800
1625629037638000,1,7.13388724,140.0800
1625629050908000,1,0.00222552,140.0800
1625629050908000,1,7.12777448,140.0800
1625629051090000,1,0.00833828,140.0800
1625629051090000,1,19.25700000,140.0400
1625629129806000,0,20.00000000,140.2100
1625629242854000,1,20.00000000,140.3000
1625629242854000,1,7.12000000,140.2900
1625629246113000,1,0.00343026,140.2900
1625629246113000,1,3.10656974,140.2900
1625629363551000,1,7.13094262,140.1600
1625629369747000,1,7.13094262,140.1600
1625629369747000,1,19.99905738,140.1600
1625629369938000,1,7.13094262,140.1600
1625629369938000,1,10.84885463,140.1300
1625629369938000,1,35.65356345,140.1200
1625629538390000,1,12.93000000,140.0300
1625629540692000,1,7.13000000,140.0300
1625629542697000,1,0.00691238,140.0300
1625629542697000,1,7.13691238,140.0300
1625629542697000,1,47.32617524,140.0100
1625629711784000,1,7.13915080,140.0100
1625629711784000,1,13.55084920,140.0100
1625629711919000,1,6.44915080,140.0100
1625630319644000,1,7.13000000,140.0500
1625630319767000,1,0.00658452,140.0500
1625630401429000,0,14.25518000,140.0600
1625630485819000,1,7.13000000,140.0800
1625630488800000,1,0.00553078,140.0800
1625630488800000,1,7.13446922,140.0300
1625630488911000,1,0.00334922,140.0300
1625630670076000,1,7.14562592,139.8900
1625630672093000,1,7.14000000,139.8900
1625630674225000,1,0.00562592,139.8900
1625630674225000,1,7.14437408,139.8900
1625630685524000,1,0.00125184,139.8900
1625630685839000,1,7.13990000,139.7700
1625630685839000,1,17.99500000,139.7500
1625630775343000,1,34.84000000,139.8500
1625630828630000,0,20.00000000,139.9800
1625630828630000,0,7.14706487,140.0000
1625631075374000,1,12.87400000,140.0900
1625631090041000,1,0.32406000,140.0200
1625631090041000,1,6.33594000,140.0200
1625631190978000,0,7.13540000,140.0500
1625631190978000,0,7.12230000,140.0500
1625631190978000,0,7.13300000,140.0500
1625631199694000,1,0.00506000,140.0200
1625631199694000,1,19.99494000,140.0200
1625631229043000,1,0.36791186,139.9300
1625631288336000,1,1.00000000,139.9300
1625631288383000,1,0.81392749,139.9300
1625631445946000,1,0.00486065,139.9300
1625631445946000,1,0.19513935,139.9300
1625631725677000,0,63.00000000,140.4300
1625631725677000,0,55.81048678,140.4400
1625631725677000,0,10.67964966,140.4400
1625631725677000,0,47.62986356,140.5100
1625631729871000,0,10.77278543,140.6600
1625631729871000,0,6.48721457,140.6700
1625631733067000,0,2.20000000,140.6600
1625631733067000,0,2.00985000,140.6700
1625631741648000,1,0.32010244,140.5900
1625631761965000,1,0.36469729,140.6200
1625631817742000,0,16.32119173,140.8000
1625632227356000,0,0.93024739,141.0700
1625632336185000,1,2.70000000,141.3500
1625632382967000,1,20.00000000,140.9500
1625632382967000,1,10.11890000,140.9300
1625632382967000,1,30.00000000,140.9300
1625632382967000,1,15.52249536,140.9200
1625632443490000,1,9.91070000,141.0900
1625632443490000,1,15.30309846,141.0900
1625632521015000,1,1.28108000,141.0700
1625632521015000,1,10.26000000,141.0700
1625632521015000,1,1.41383138,141.0600
1625632543002000,1,0.19600000,141.0600
1625632555520000,0,0.20286000,141.0700
1625632555530000,0,0.00414000,141.0700
1625633032460000,0,0.70631549,141.2400
1625633113270000,0,20.00000000,141.2700
1625633113416000,0,10.71276896,141.2800
1625633113416000,0,30.00000000,141.2800
1625633118785000,0,3.73336603,141.2900
1625633126478000,0,16.26000000,141.2900
1625633126695000,0,0.00663397,141.2900
1625633129604000,1,14.00000000,141.2900
1625633346711000,1,0.86774000,141.2400
1625633347492000,1,67.66900000,141.2200
1625633347492000,1,17.98700000,141.2200
1625633470698000,0,2.20000000,141.4000
1625633544482000,0,14.26000000,141.4700
1625633544482000,0,0.00229444,141.4700
1625633626234000,1,35.54000000,141.3000
1625633626269000,1,2.14256485,141.3000
1625633755722000,0,11.56822347,141.6900
1625633755723000,0,20.33827721,141.6900
1625633845530000,1,0.29451940,141.2800
1625633939937000,1,0.16170000,141.3900
1625633948194000,1,0.15053780,141.3900
1625634093899000,1,13.41000000,141.5200
1625634144985000,1,0.00900000,141.5200
1625634205291000,0,0.35000000,141.6800
1625634205424000,0,1.00000000,141.7400
1625634205424000,0,1.16269264,141.7400
1625634205438000,0,1.20920499,141.7400
1625634205446000,0,0.69843525,141.7400
1625634205533000,0,1.20890612,141.7500
1625634205575000,0,2.11670220,141.7500
1625634205664000,0,0.93750000,141.7500
1625634205727000,0,4.08342903,141.7500
1625634239669000,0,0.40863123,142.0000
1625634239669000,0,0.17415266,142.0000
1625634239670000,0,1.82584734,142.0000
1625634276242000,1,0.36200405,141.9200
1625634287089000,0,7.00500000,142.1100
1625634287374000,0,7.00880000,142.1400
1625634303272000,0,21.08600000,142.2500
1625634320288000,0,7.01080000,142.4300
1625634321317000,1,2.30000000,142.4800
1625634330407000,0,0.18224561,142.5000
1625634330672000,0,0.00371930,142.5000
1625634344693000,0,2.16800000,142.5800
1625634345010000,0,6.98210000,142.6700
1625634411369000,1,3.76789000,142.7000
1625634416164000,1,14.62510000,142.7000
1625634479138000,1,0.00001000,142.7000
1625634479138000,1,23.70999000,142.6100
1625634511205000,1,10.38833589,142.6600
1625634511205000,1,5.05801000,142.6100
1625634512201000,1,2.54675178,142.5800
1625634512349000,1,2.97546136,142.5600
1625634512414000,1,3.39144101,142.5600
1625634512851000,1,16.55520000,142.5300
1625634513654000,1,0.48142330,142.4500
1625634513922000,1,25.37489000,142.4500
1625634513989000,1,1.00000000,142.4500
1625634524749000,1,5.31527222,142.2500
1625634524749000,1,6.99940000,142.2300
1625634524749000,1,1.68532778,142.2200
1625634525572000,1,3.02158548,142.2200
1625634527249000,1,6.84110000,142.2200
1625634527629000,1,0.00009723,142.2200
1625634545638000,1,0.54787880,142.0800
1625634594138000,0,2.02010000,142.3100
1625634594139000,0,190.01000000,142.3100
1625634594263000,0,107.96990000,142.3100
1625634992210000,0,20.00000000,142.1900
1625635011344000,0,13.78453484,142.2700
1625635153045000,0,1.31601850,142.2700
1625635158014000,0,3.68000000,142.2700
1625635179218000,0,0.00398150,142.2700
1625635179551000,0,18.37300000,142.3900
1625635179704000,0,6.99690000,142.4300
1625635179704000,0,41.00310000,142.4400
1625635179868000,0,6.99690000,142.4400
1625635334304000,1,11.40000000,142.2900
1625635334360000,1,1.04100000,142.2900
1625635340811000,1,1.47000000,142.2600
1625635340838000,1,45.33300000,142.2600
1625635413432000,1,1.56000000,142.3300
1625635413565000,1,12.29838407,142.3300
1625635493549000,1,20.00000000,142.5300
1625635584637000,1,5.84509291,142.5900
1625635653383000,0,20.00000000,142.7400
1625635653445000,0,1.00000000,142.7500
1625635653454000,0,0.93750000,142.7500
1625635653531000,0,1.51176093,142.7500
1625635653538000,0,3.54233907,142.7500
1625635669499000,0,0.31499849,142.9300
1625635671554000,0,2.00000000,142.9200
1625635726938000,1,5.37489000,142.7700
1625635753192000,1,10.00000000,142.6600
1625635753459000,1,2.61782415,142.5800
1625635791160000,1,1.11500000,142.5600
1625635912540000,1,0.00006000,142.5600
1625635932192000,1,3.17331790,142.3000
1625636002434000,0,0.24992973,142.3200
1625636038805000,0,6.76347027,142.3200
1625636038805000,0,0.73652973,142.3400
1625636067322000,1,0.21442966,142.0000
1625636071002000,1,7.03580000,142.0000
1625636336499000,1,44.35300000,142.1100
1625636336499000,1,15.58300000,142.1100
1625636349412000,1,0.44868201,142.0800
1625636349412000,1,0.55131799,142.0800
1625636351122000,1,0.32978128,142.0900
1625636375356000,1,0.54000000,142.0800
1625636375371000,1,0.00972000,142.0800
1625636417034000,0,7.00780000,142.2600
1625636417034000,0,20.00000000,142.2600
1625636417034000,0,0.70148571,142.2700
1625637082977000,1,42.51000000,142.3200
1625637156054000,1,27.17000000,142.2800
1625637156412000,1,0.00900000,142.2800
1625637274231000,0,13.05699916,142.4900
1625637280630000,1,0.75000000,142.4000
1625637280729000,1,0.00786000,142.4000
1625637458698000,1,1.00000000,142.2800
1625637719730000,0,1.94000000,142.2800
1625637821186000,1,2.02400000,142.2500
1625637832972000,1,36.94589000,142.2400
1625637833864000,1,1.21711000,142.2400
1625637833864000,1,5.97409000,142.2400
1625637836172000,1,7.43390000,142.2400
1625637836227000,1,0.00001000,142.2400
1625638002588000,1,3.56000000,142.1200
1625638002604000,1,9.10000000,142.1200
1625638002604000,1,7.34000000,142.1200
1625638005116000,1,0.52000000,142.1100
1625638005268000,1,0.00750000,142.1100
1625638107676000,1,1.28946845,141.9800
1625638142165000,1,0.64000000,141.9500
1625638144246000,1,0.46000000,141.9600
1625638164235000,1,0.00011797,141.9600
1625638164235000,1,0.00261797,141.9500
1625638294289000,1,2.86475760,141.9500
1625638312855000,0,0.69724822,142.0100
1625638315832000,1,1.00000000,141.9500
1625638327266000,1,4.97889000,141.9500
1625638328299000,1,14.62511000,141.9500
1625638328299000,1,41.82489000,141.9300
1625638328782000,1,0.00811000,141.9300
1625638503115000,1,0.56265720,141.6700
1625638506066000,1,0.01148280,141.6700
1625638506066000,1,7.03170000,141.6100
1625638506066000,1,14.48428441,141.5900
1625638506066000,1,10.49512642,141.5800
1625638506066000,1,27.33800000,141.5800
1625638506066000,1,8.22609701,141.5700
1625638507405000,0,1.34000000,141.7300
1625638514398000,1,3.62646918,141.6500
1625638524753000,1,6.00000000,141.7500
1625638668108000,1,5.37489000,141.5000
1625638668356000,1,13.42110000,141.5000
1625638668366000,1,1.20401000,141.5000
1625639310082000,1,27.50000000,142.0200
1625639312097000,1,0.36000000,142.0200
1625639314694000,1,0.00800000,142.0200
1625639314694000,1,0.52322000,141.9700
1625639314694000,1,8.14878000,141.9700
1625639314847000,1,0.55131637,141.9700
1625639315032000,1,32.30694000,141.9700
1625639315102000,1,0.94885000,141.9700
1625639315313000,1,5.78331749,141.9700
1625639316092000,1,8.84170000,141.9700
1625639334700000,1,0.00009614,141.9700
1625639334700000,1,2.16990386,141.8700
1625639520402000,0,2.63935648,141.8000
1625639558443000,0,0.60000000,141.7200
1625639562446000,1,5.06306200,141.7100
1625639675833000,0,2.63935648,141.9200
1625639768573000,1,0.48000000,141.7900
1625639768628000,1,0.00872000,141.7900
1625640165591000,1,65.59500000,141.7500
1625640165591000,1,17.43500000,141.7500
1625640165661000,1,0.00100000,141.7500
1625640446447000,1,0.50000000,141.7800
1625640698371000,1,19.76448177,141.8200
1625640703319000,1,24.82151823,141.8200
1625640703319000,1,0.25285804,141.8100
1625640707147000,1,0.51000000,141.8100
1625640729294000,1,0.00172196,141.8100
1625640729294000,1,11.85200000,141.8100
1625640732528000,1,20.00000000,141.7200
1625640782083000,1,11.39000000,141.5100
1625640828747000,1,1.00000000,141.5000
1625640843451000,0,17.60000000,141.5300
1625641107720000,1,8.71859330,141.8800
1625641107722000,1,16.20087161,141.8800
1625641339683000,0,0.26100000,141.9900
1625641361585000,1,15.04000000,141.8800
1625641530879000,0,0.00006481,141.9900
1625641530879000,0,9.99993519,141.9900
1625641592610000,0,11.70000000,142.0100
1625641599255000,1,0.72268140,141.8800
1625641687773000,1,0.01474860,141.8800
1625641687773000,1,1.05061520,141.8800
1625641687794000,1,1.06536380,141.8800
1625641692775000,1,13.89128853,141.8800
1625641768004000,1,20.78749739,141.8800
1625641780086000,1,9.81523508,141.8800
1625641780086000,1,22.30155530,141.8800
1625641780387000,1,0.26100000,141.8800
1625641785119000,1,0.38655581,141.8800
1625641787751000,0,8.33161000,141.9800
1625641787830000,0,0.00000205,141.9800
1625642321374000,0,10.46160000,141.8900
1625642321398000,0,0.00002519,141.8900
1625642321842000,0,0.40945948,141.9000
1625642399762000,1,21.19300000,141.7800
1625642407439000,1,18.52289000,141.7400
1625642408680000,1,7.85830000,141.7400
1625642410222000,1,6.76681000,141.7400
1625642946998000,0,7.02210000,141.9300
1625643047625000,0,1.00000000,142.0000
1625643109831000,0,4.05751000,142.0000
1625643109939000,0,0.00000824,142.0000
1625643145470000,1,0.96176613,142.0300
1625643322286000,1,0.90265000,142.0300
1625643369234000,1,0.00000718,142.0300
1625643369234000,1,2.71417954,141.9600
1625643369245000,1,2.71460000,141.9600
1625643505119000,0,0.80000000,141.7500
1625643736973000,1,0.82774661,141.9100
1625643859146000,1,33.01125000,141.9100
1625644031636000,1,44.16000000,142.0200
1625644039476000,1,1.58000000,142.0200
1625644142329000,1,0.00300000,142.0200
1625644142329000,1,24.49700000,142.0100
1625644149633000,1,47.05000000,142.0100
1625644170237000,1,1.00000000,141.9500
1625644172286000,1,0.72000000,141.9500
1625644241023000,0,0.00254998,142.2800
1625644241023000,0,6.99510000,142.3900
1625644241023000,0,10.00000000,142.4000
1625644292921000,1,0.18787580,142.0300
1625644325152000,1,0.00383420,142.0300
1625644325440000,0,3.00000000,142.0100
1625644338621000,0,1.63000000,141.7200
1625644338707000,0,0.00449752,141.7200
1625644382936000,0,3.00000000,141.9200
1625644507880000,0,20.00000000,141.7400
1625644507880000,0,7.04990000,141.7600
1625644507880000,0,14.55986297,141.7600
1625644587177000,1,33.00000000,141.1700
1625644587295000,1,6.40000000,141.1700
1625644593252000,1,3.41040000,141.1300
1625644599204000,0,20.00000000,141.2400
1625644607409000,1,7.04090000,141.0800
1625644610033000,1,18.39016000,141.0600
1625644610335000,1,0.00000862,141.0600
1625644727686000,0,1.00000000,141.0700
1625644727798000,0,9.00000000,141.0700
1625644740703000,0,0.23872800,141.1800
1625644740710000,0,0.00487200,141.1800
1625644850483000,1,0.45000000,141.2800
1625644850506000,1,0.00128000,141.2800
1625644884876000,0,0.36679999,141.5300
1625644898545000,0,8.50434000,141.6100
1625644898600000,0,0.00000941,141.6100
1625644918430000,1,14.59200000,141.7500
1625644927971000,0,0.42253420,141.8700
1625644928205000,0,259.49860000,141.8900
1625644960943000,1,20.00000000,141.8600
1625644960943000,1,7.00910000,141.8400
1625644960943000,1,8.77401537,141.8400
1625644967907000,0,18.92000000,142.0800
1625644968013000,0,0.00800000,142.0800
1625644970393000,0,5.30000000,142.3000
1625644970396000,0,18.92800000,142.3100
1625645148282000,1,1.72000000,142.1900
1625645148352000,1,18.28000000,142.1900
1625645192562000,0,1.00000000,142.4000
1625645216892000,1,46.38000000,142.2500
1625645230517000,1,16.29500000,142.2500
1625645303930000,0,10.00000000,142.4000
1625645375515000,0,5.00000000,142.3700
1625645447531000,1,0.52588745,142.2300
1625645455242000,1,0.30478980,142.2300
1625645460726000,1,0.00622020,142.2300
1625645576331000,1,1.15000000,141.6200
1625645662744000,0,0.51000000,141.7100
1625645662819000,0,0.51000000,141.7100
1625645662866000,0,0.52332000,141.7100
1625645663172000,0,3.60000000,141.7100
1625645663326000,0,0.81000000,141.7100
1625645663428000,0,0.00571832,141.7100
1625645716813000,1,2.04293609,141.9000
1625646189078000,0,0.20461951,141.9300
1625646254729000,1,0.37259000,141.7100
1625646281723000,0,0.25677890,141.7000
1625646338649000,0,20.00000000,141.4800
1625646424839000,0,20.00000000,141.4900
1625646427849000,1,33.00000000,141.4900
1625646716367000,1,0.36931000,141.4200
1625646716367000,1,70.44069000,141.4200
1625646716394000,1,0.00031000,141.4200
1625646719231000,1,0.34300000,141.3200
1625646748894000,1,9.59000000,141.2800
1625646749225000,1,9.13400000,141.2800
1625647449485000,1,0.37700000,141.3600
1625647457733000,0,0.20497837,141.3900
1625647475873000,0,0.20497837,141.3900
1625647606562000,1,0.54731768,141.4000
1625648050927000,1,39.32300000,141.5100
1625648050927000,1,25.14000000,141.5100
1625648100777000,0,0.35159271,141.6200
1625648249475000,1,0.51000000,141.5300
1625648249831000,1,0.00211000,141.5300
1625648559569000,1,7.05279001,141.7100
1625648559824000,1,7.05279001,141.7100
1625648650308000,1,7.05000000,141.5800
1625648650379000,1,0.00949649,141.5800
1625648792406000,0,5.00000000,141.3500
1625648792492000,0,0.00595285,141.3500
1625648797033000,0,9.35000000,141.3600
1625648797064000,0,15.90890798,141.3600
1625648892942000,0,1.00000000,141.3500
1625648920981000,1,0.36474000,141.2800
1625649118398000,1,7.06690000,141.2900
1625649118413000,1,1.00000000,141.2800
1625649118413000,1,1.00000000,141.2800
1625649118413000,1,4.93280000,141.2800
1625649137795000,0,7.07000000,141.3500
1625649141321000,0,0.00540440,141.3500
1625649141321000,0,7.07459560,141.3500
1625649141336000,0,0.00080880,141.3500
1625649234830000,1,16.46000000,141.2900
1625649237698000,1,0.00500000,141.2900
1625649237698000,1,30.59500000,141.2800
1625649237760000,1,11.33420000,141.2800
1625649247626000,0,6.62000000,141.2200
1625649247739000,0,0.46428725,141.2200
1625649301132000,0,20.00000000,141.0600
1625649321558000,0,19.60000000,140.9700
1625649321558000,0,0.40000000,140.9700
1625649321677000,1,3.55848787,140.8500
1625649321722000,1,3.00000000,140.8500
1625649322522000,0,20.00000000,140.9900
1625649322522000,0,13.94041568,141.0000
1625649322522000,0,6.27570647,141.0100
1625649325004000,0,0.82073719,141.0100
1625649326521000,0,19.60000000,141.0400
1625649335817000,0,22.77000000,141.1300
1625649344530000,0,7.08000000,141.1800
1625649354324000,0,21.52200000,141.1700
1625649354324000,0,27.33800000,141.1700
1625649390076000,1,0.33061280,141.0100
1625649390093000,1,0.00674720,141.0100
1625649636941000,0,8.50430000,141.2200
1625649637007000,0,0.00004942,141.2200
1625649637040000,0,2.30000000,141.2300
1625649637518000,0,0.37700000,141.2600
1625649637960000,0,2.23352296,141.2600
1625649637971000,0,4.47433280,141.2600
1625649649821000,0,61.87000000,141.3000
1625649649915000,0,86.24330000,141.3000
1625649650057000,0,3.55020000,141.3100
1625649650693000,0,53.04980000,141.3100
1625649682538000,1,7.07000000,141.2200
1625649727268000,0,35.42102000,141.3200
1625649754475000,1,7.06570000,141.3000
1625649917565000,0,7.06420000,141.3300
1625649966667000,1,7.07000000,141.3100
1625649966775000,1,0.00360582,141.3100
1625650016972000,1,0.33650260,141.2300
1625650069155000,1,0.00686740,141.2300
1625650069155000,1,2.47767876,141.1700
1625650069177000,1,2.07547508,141.1700
1625650069307000,1,2.48454616,141.1700
1625650379647000,1,14.22000000,141.4700
1625650440858000,1,7.06000000,141.4800
1625650440958000,1,0.00493224,141.4800
1625650508610000,1,7.00000000,141.4900
1625650750526000,0,20.00000000,141.7300
1625650760007000,0,20.00000000,141.7000
1625650768851000,0,18.23000000,141.7600
1625650772783000,0,1.77000000,141.7600
1625650777157000,0,20.00000000,141.7800
1625650782518000,0,20.00000000,141.7900
1625650799016000,0,20.00000000,141.7900
1625650801928000,0,2.59357380,141.8300
1625650801944000,0,2.59374893,141.8300
1625650802018000,0,14.81267727,141.8300
1625650839871000,0,20.00000000,141.6900
1625650858163000,0,0.20000000,141.6800
1625650898853000,1,30.20000000,141.8600
1625650930294000,1,0.46000000,141.7200
1625650930307000,1,0.00787000,141.7200
1625650965791000,1,9.80000000,141.6800
1625651103923000,1,12.50000000,141.7200
1625651103932000,1,0.00602840,141.7200
1625651149004000,1,7.07080000,141.3300
1625651149161000,0,1.06313501,141.3300
1625651193926000,0,7.07226086,141.4600
1625651193926000,0,10.53773914,141.4600
1625651524609000,1,0.29313000,141.3000
1625651524609000,1,7.06640000,141.2800
1625651524609000,1,7.24396595,141.2700
1625651706739000,0,11.05000000,141.2700
1625652163440000,1,14.26941097,141.2900
1625652329121000,1,3.00000000,141.2800
1625652330120000,0,7.07000000,141.3300
1625652360651000,1,1.00000000,141.2500
1625652361528000,1,1.58000000,141.2500
1625652364406000,1,3.87349567,141.2100
1625652364406000,1,1.44419051,141.2100
1625652372979000,1,1.23178844,141.2200
1625652372979000,1,2.91821156,141.2200
1625652373012000,1,0.00784773,141.2200
1625652388287000,1,1.03000000,141.2300
1625652388331000,1,0.00217100,141.2300
1625652388331000,1,2.58042750,141.2200
1625652406337000,1,0.91000000,141.2500
1625652406411000,1,0.00355277,141.2500
1625652407022000,1,0.41000000,141.2400
1625652410386000,1,0.90960944,141.2500
1625652410386000,1,0.00039056,141.2400
1625652412213000,1,0.00839944,141.2400
1625652412213000,1,2.27160056,141.2200
1625652412270000,1,0.00242303,141.2200
1625652416563000,1,0.88901799,141.1700
1625652416563000,1,2.21098201,141.1700
1625652416563000,1,0.00019738,141.1700
1625652417277000,1,0.85000000,141.1400
1625652417741000,1,0.00644879,141.1400
1625652417741000,1,0.85644879,141.1300
1625652417741000,1,2.14112199,141.1300
1625652418515000,1,0.85644879,141.1100
1625652418515000,1,19.45355121,141.1000
1625652419203000,1,0.54644879,141.1000
1625652419203000,1,0.85644879,141.1000
1625652419203000,1,0.85644879,141.1000
1625652419203000,1,0.85644879,141.1000
1625652419203000,1,7.08420484,141.0800
1625652442554000,1,0.46000000,141.1600
1625652442605000,1,0.00755626,141.1600
1625652443261000,1,0.46000000,141.1500
1625652443287000,1,0.00755626,141.1500
1625652488151000,1,0.40883127,141.2500
1625652488265000,1,0.00000001,141.2500
1625652488946000,0,0.40883128,141.2300
1625652489347000,1,0.40883127,141.2200
1625652489368000,1,0.00000001,141.2200
1625652496191000,1,0.19992000,141.1600
1625652496691000,1,0.05390524,141.1600
1625652496691000,1,0.63456309,141.1600
1625652496691000,1,1.64153167,141.1600
1625652496764000,1,0.00833236,141.1600
1625652498766000,1,0.21465501,141.1100
1625652499795000,1,0.19515057,141.1100
1625652499795000,1,0.03808943,141.1100
1625652500881000,1,0.48000000,141.1100
1625652501955000,1,0.00538003,141.1100
1625652501955000,1,1.63461997,141.1000
1625652502722000,1,33.99000000,141.1000
1625652502885000,1,13.37538003,141.1000
1625652502885000,1,0.19515057,141.1000
1625652502885000,1,0.18015498,141.1000
1625652502885000,1,0.45038746,141.1000
1625652503607000,1,0.00000118,141.0800
1625652503607000,1,0.18015498,141.0800
1625652503607000,1,0.45038746,141.0800
1625652503607000,1,1.16945638,141.0800
1625652508910000,1,0.16122285,141.0600
1625652508910000,1,0.40305711,141.0600
1625652509170000,1,0.16122285,141.0800
1625652510331000,1,35.42427879,141.0300
1625652510331000,1,0.16122285,141.0300
1625652510331000,1,0.16122285,141.0300
1625652510331000,1,0.40287551,141.0300
1625652510340000,1,0.00018160,141.0300
1625652510695000,1,2.00000000,141.0100
1625652528656000,1,0.64000000,141.0200
1625652528732000,1,0.00158259,141.0200
1625652537190000,1,0.64158259,140.9200
1625652537190000,1,0.23511915,140.9200
1625652537192000,1,0.00000001,140.9200
1625652553533000,1,0.18968049,140.8900
1625652553533000,1,0.49031951,140.8900
1625652553589000,1,0.00284976,140.8900
1625652555364000,1,0.18968049,140.8600
1625652555364000,1,0.49031951,140.8600
1625652556611000,1,0.00284976,140.8600
1625652562060000,1,0.17332523,140.6800
1625652562229000,1,5.77179621,140.6800
1625652567521000,0,3.44416544,140.6500
1625652569096000,0,2.30000000,140.5800
1625652569096000,0,24.71740874,140.5900
1625652569465000,0,0.67543535,140.5800
1625652692983000,1,20.00000000,140.6800
1625652924695000,1,4.52000000,141.2800
1625652943556000,0,1.00000000,141.3500
1625652988765000,0,2.30000000,141.2400
1625652988765000,0,0.20737600,141.2500
1625653472267000,1,0.35704000,141.2500
1625654319698000,1,0.34128000,141.4500
1625654410166000,1,5.30000000,141.2700
1625654737827000,0,1.00000000,141.2100
1625654737965000,0,56.45100000,141.2100
1625654737965000,0,15.27100000,141.2100
1625655464858000,1,0.35600000,140.9300
1625655475125000,1,0.00043000,140.9300
1625655479500000,0,0.71400000,140.8100
1625655479702000,0,0.71400000,140.8100
1625655489391000,0,0.47283000,140.8100
1625655502981000,0,0.00000847,140.8100
1625655735313000,0,49.68600000,140.7000
1625655761758000,0,13.20700000,140.7800
1625655893495000,1,0.41503213,140.8500
1625655913267000,0,3.00000000,141.2100
1625655918299000,0,19.10740000,141.3200
1625655922604000,0,0.00006899,141.3200
1625655945053000,1,7.06670000,141.4100
1625656023381000,1,1.13182000,141.2100
1625656023917000,1,0.00000223,141.2100
1625656023917000,1,0.21015777,141.1800
1625656025909000,1,1.13182000,141.1800
1625656098537000,0,7.07700000,141.3900
1625656098645000,0,0.00007917,141.3900
1625656190313000,0,5.68030000,141.4900
1625656208495000,0,5.81040000,141.6200
1625656221430000,0,9.57416101,141.7000
1625656221430000,0,8.36063899,141.7000
1625656221835000,0,0.00013991,141.7000
1625656236601000,0,6.01700000,141.8400
1625656236619000,0,0.00000506,141.8400
1625656377059000,0,6.01044706,141.9900
1625656377081000,0,6.45255294,141.9900
1625656461613000,1,7.04244000,141.9100
1625656741462000,0,15.63500000,141.7100
1625656741652000,0,0.35600000,141.7200
1625656741955000,0,58.46400000,141.7200
1625656755095000,0,13.00080000,141.9600
1625656817741000,0,18.56782645,141.9700
1625657259632000,0,32.95300000,141.8800
1625657820948000,1,0.54367923,142.0300
1625657884107000,1,23.00000000,142.0300
1625657884163000,1,29.00000000,142.0300
1625657884215000,1,29.00000000,142.0300
1625657884273000,1,27.00000000,142.0300
1625657884326000,1,93.00000000,142.0300
1625657884637000,1,1.00000000,142.0300
1625657932972000,1,35.29495000,142.0300
1625657975779000,1,0.00000529,142.0300
1625658337722000,0,31.15800000,141.7400
1625658338686000,0,63.26000000,141.7500
1625658349465000,1,2.81247000,141.7400
1625658364135000,1,0.00000354,141.7400
1625658528309000,0,4.00000000,141.7700
1625658783885000,0,10.03000000,141.6100
1625658784368000,0,0.00900000,141.6100
1625658784719000,0,37.76500000,141.6500
1625658817457000,1,2.81247354,141.6300
1625658880487000,0,20.00000000,141.8200
1625658899371000,0,7.05480929,141.8300
1625658899694000,0,7.05480929,141.8300
1625658902108000,0,20.00000000,141.8300
1625658902108000,0,7.05480929,141.8300
1625658907526000,0,7.05480929,141.8300
1625658907805000,0,7.05480929,141.8300
1625658910376000,0,7.05480929,141.8300
1625658910693000,0,7.05480929,141.8300
1625658916154000,0,7.01560000,141.8500
1625658916154000,0,20.00000000,141.8500
1625658916154000,0,4.00000000,141.8500
1625658925199000,0,7.05070000,141.8500
1625658925199000,0,21.09400000,141.8600
1625658929082000,1,0.54388007,141.7200
1625658935293000,0,20.00000000,141.8700
1625658980121000,0,0.35070490,141.8300
1625658992028000,1,6.50850424,141.7200
1625658998599000,1,7.05000000,141.7200
1625658998996000,1,0.00238431,141.7200
1625659000299000,1,7.05000000,141.7200
1625659000507000,0,26.00000000,141.7800
1625659210125000,0,0.15700000,141.9700
1625659248543000,1,1.93000000,142.0700
1625659248683000,1,0.00039224,142.0700
1625659291855000,1,3.18400930,141.7600
1625659291855000,1,10.48599070,141.7600
1625659291945000,1,0.00233980,141.7600
1625659339491000,0,34.22400000,142.0600
1625659344742000,0,9.00465000,142.2900
1625659344766000,0,0.00000382,142.2900
1625659357459000,1,7.00160000,142.1900
1625659367855000,0,7.70905256,142.3900
1625659367856000,0,9.14694744,142.3900
1625659373840000,1,18.11374000,142.4400
1625659373909000,1,0.00000805,142.4400
1625659377829000,1,20.00000000,142.3200
1625659382023000,1,17.95978000,142.3300
1625659388921000,1,0.00000529,142.3300
1625659449019000,0,7.03838844,142.1800
1625659449240000,0,10.48186419,142.2600
1625659453321000,0,7.01700000,142.3700
1625659476307000,1,11.41000000,142.5000
1625659476339000,1,1.38768000,142.5000
1625659476555000,1,6.17000000,142.5000
1625659476697000,1,0.00280868,142.5000
1625659480904000,1,2.34262000,142.4100
1625659514851000,1,4.06488808,142.5100
1625659514851000,1,4.35050192,142.5100
1625659518332000,1,0.00000824,142.5100
1625659518332000,1,6.22999176,142.5100
1625659518360000,1,0.00919859,142.5100
1625659575962000,1,4.82072904,142.4100
1625659575962000,1,1.53360231,142.4100
1625659578822000,1,0.45248000,142.3500
1625659578837000,1,0.00000934,142.3500
1625659651808000,0,7.01000000,142.6000
1625659652090000,0,0.00632092,142.6000
1625659665427000,1,6.17000000,142.6400
1625659665557000,1,0.00221527,142.6400
1625659747512000,1,0.72218273,142.6500
1625659747512000,1,5.71931380,142.6500
1625659755186000,1,0.25967739,142.5400
1625659755186000,1,0.17032261,142.5400
1625659802299000,0,13.44000000,142.7400
1625659840990000,1,1.70935430,142.7100
1625659840990000,1,0.47600570,142.7100
1625659841031000,1,0.00000544,142.7100
1625659870668000,1,1.31265160,142.7200
1625659870764000,1,7.00376085,142.7000
1625659907783000,1,0.90000000,142.7200
1625659908030000,1,0.00888180,142.7200
1625659942826000,1,4.31000000,142.6500
1625659942885000,1,0.00172610,142.6500
1625659946910000,1,6.87000000,142.5900
1625659992069000,0,17.63000000,142.6500
1625660033416000,1,12.00000000,142.6400
1625660055634000,0,0.00400000,142.6500
1625660091184000,0,0.84300000,142.7700
1625660091208000,1,2.30000000,142.6900
1625660091208000,1,7.00553545,142.6800
1625660091208000,1,0.33613121,142.6800
1625660098060000,0,49.18522000,142.7800
1625660101704000,0,0.82593752,142.7800
1625660120172000,0,0.17428563,142.7800
1625660138293000,0,0.00355685,142.7800
1625660145321000,0,0.00642854,142.9300
1625660187189000,1,20.00000000,142.7400
1625660293961000,1,6.97180000,142.5500
1625660293961000,1,20.00000000,142.5500
1625660293961000,1,21.49659780,142.5400
1625660428679000,1,11.27651909,142.4500
1625660444936000,0,1.13889863,142.5500
1625660545271000,0,38.32000000,142.3300
1625660545687000,0,0.00100000,142.3300
1625660593800000,0,18.87000000,142.4000
1625660847441000,1,0.69685587,142.1700
1625660847947000,1,5.22230000,142.1300
1625661091058000,0,7.01650000,141.9700
1625661211775000,0,10.61000000,142.0700
1625661211778000,0,22.90000000,142.0700
1625661211832000,0,2.81000000,142.0700
1625661600910000,0,27.63300000,142.2300
1625661627285000,0,43.22000000,142.2600
1625661627386000,0,0.00100000,142.2600
1625661627521000,0,7.03220574,142.3100
1625661627521000,0,13.69699426,142.3100
1625661659168000,0,5.72531133,142.5500
1625661659168000,0,10.66393097,142.5600
1625661707416000,1,4.53500000,142.2400
1625661709623000,1,21.16000000,142.2300
1625661709736000,1,14.09000000,142.2300
1625661709777000,1,0.00989191,142.2300
1625661713618000,1,7.03320000,142.0500
1625661716535000,0,2.10688000,142.0700
1625661723834000,1,13.81000000,141.9000
1625661755901000,0,1.51350000,141.8100
1625661756028000,0,1.41130000,141.8100
1625661756033000,0,1.04620000,141.8100
1625661756170000,0,0.03602322,141.8100
1625661887913000,1,0.18344282,141.5700
1625661887933000,1,0.00374373,141.5700
1625661972489000,1,1.00000000,141.7600
1625661972493000,1,0.37028934,141.7600
1625662069338000,0,12.11000000,141.8300
1625662069400000,0,7.02830000,141.8500
1625662069535000,0,34.46700000,141.8900
1625662309465000,1,1.09312142,141.6200
1625662332917000,0,20.00000000,141.8700
1625662339549000,0,5.53000000,141.9100
1625662339553000,0,11.16000000,141.9100
1625662339596000,0,3.31000000,141.9100
1625662748701000,0,12.15000000,141.9600
1625662748791000,0,7.96400000,141.9600
1625662770606000,0,31.46000000,142.0000
1625662972451000,0,2.02000000,141.9200
1625663077732000,0,13.98000000,141.9600
1625663234512000,1,7.61000000,141.9400
1625663234538000,1,6.47643661,141.9400
1625663330814000,1,0.50274956,141.5900
1625663357478000,0,7.04090000,141.7800
1625663435141000,0,8.35491000,141.6600
1625663435182000,0,0.00000116,141.6600
1625663435371000,0,9.97618000,141.6700
1625663677717000,0,20.68800000,141.9800
1625663677717000,0,55.34200000,141.9900
1625663719559000,1,20.00000000,141.7400
1625663971319000,1,0.23294728,141.4700
1625663971381000,0,1.00000000,141.4700
1625663971387000,0,0.45951169,141.4700
1625664122826000,1,0.27194347,141.5100
1625664246915000,1,1.00000000,141.4100
1625664247279000,1,5.84609322,141.4100
1625664247364000,1,0.20020678,141.4100
1625664270288000,0,15.12793795,141.5500
1625664716033000,1,10.66000000,141.3700
1625664716084000,1,0.00244605,141.3700
1625664761773000,1,80.00000000,141.4500
1625664761868000,1,82.00606000,141.4500
1625664762919000,1,3.97110000,141.4500
1625664764469000,1,13.99990000,141.4500
1625664771648000,0,0.32646209,141.4700
1625664790369000,0,68.03353791,141.4700
1625664790369000,0,33.66899209,141.4700
1625664852886000,1,95.00000000,141.4500
1625664852960000,1,7.00000000,141.4500
1625664853014000,1,68.02294000,141.4500
1625664866824000,0,20.00000000,141.4200
1625664931544000,0,0.00000791,141.4700
1625665636441000,0,14.50200000,141.4900
1625665636441000,0,7.03880000,141.4900
1625665636520000,0,1.00000000,141.5000
1625665687433000,0,43.41100000,141.5600
1625665691765000,0,7.79710000,141.6400
1625665691839000,0,0.00002910,141.6400
1625665694623000,0,20.95338000,141.6400
1625665738138000,0,0.42761999,141.6400
1625665738184000,0,0.00000001,141.6400
1625666271669000,0,40.19000000,142.0000
1625666271737000,0,0.00800000,142.0000
1625666372895000,1,1.92000000,141.9300
1625666372956000,1,0.25186000,141.9300
1625666399195000,1,14.84000000,141.8500
1625666449279000,0,14.12300000,142.0500
1625666484644000,1,13.17000000,142.1300
1625666486291000,1,20.00000000,142.1000
1625666645392000,1,4.89626969,141.7200
1625666763878000,0,8.32835287,141.6800
1625666763878000,0,7.48883713,141.6800
1625666947831000,0,38.66100000,141.6500
1625666947831000,0,10.27700000,141.6500
1625666948072000,1,2.30000000,141.5900
1625666948072000,1,27.33800000,141.5800
1625666948072000,1,20.00000000,141.5700
1625666948072000,1,20.00000000,141.5400
1625666948072000,1,10.60089020,141.5400
1625666948072000,1,32.76110980,141.5300
1625666966204000,1,7.05759922,141.6000
1625666966204000,1,19.01490802,141.5900
1625666988218000,0,7.68818940,141.6600
1625667259050000,1,20.00000000,141.5900
1625667275809000,1,20.00000000,141.5100
1625667519136000,1,19.60000000,141.4000
1625667519204000,1,0.40000000,141.4000
1625667616493000,1,1.00000000,141.4300
1625667619834000,1,29.50000000,141.4400
1625667619834000,1,20.00000000,141.4400
1625667620109000,0,0.50000000,141.4400
1625668097069000,0,4.25000000,141.4700
1625668107335000,1,15.00000000,141.5000
1625668211333000,0,20.00000000,141.2700
1625668214544000,0,2.96510000,141.2900
1625668214544000,0,0.47193921,141.3000
1625668381961000,0,20.00000000,141.3000
1625668393706000,0,20.00000000,141.3200
1625668415105000,1,7.05980000,141.2100
1625668424472000,0,0.94000000,141.2100
1625668492057000,1,7.07794000,141.1700
1625668492153000,1,0.00000962,141.1700
1625668492153000,1,7.06049038,141.1600
1625668492408000,1,0.00000962,141.1600
1625668495816000,1,0.32500000,141.1000
1625668569243000,1,0.00054518,141.1000
1625668569243000,1,3.27311974,140.9800
1625668573893000,1,2.69230542,140.8900
1625668630679000,0,2.12000000,140.9500
1625668697543000,0,8.22000000,140.9600
1625668815140000,0,0.98000000,140.8300
1625668815158000,0,0.02000000,140.8300
1625668973487000,0,7.06670000,140.8600
1625668973529000,0,64.66130000,140.8600
1625668995407000,1,20.00000000,140.7600
1625668995493000,1,7.09963262,140.7500
1625669000668000,0,44.94182000,140.8000
1625669084763000,1,0.15827157,140.3800
1625669085299000,1,2.12700991,140.3600
1625669184318000,1,7.10000000,140.6300
1625669184367000,1,0.00463059,140.6300
1625669184367000,1,7.09536941,140.6300
1625669184399000,1,7.10000000,140.6300
1625669184723000,1,5.80000000,140.6300
1625669185001000,1,0.00463059,140.6300
1625669906851000,0,20.00000000,140.5200
1625669926789000,0,7.08199288,140.5000
1625670002772000,1,7.11140000,140.5400
1625670018630000,0,20.00000000,140.6900
1625670055816000,0,10.00000000,140.5400
1625670242428000,0,32.95245580,140.7800
1625670242521000,0,0.32500000,140.7800
1625670242765000,0,0.67554420,140.7800
1625670242765000,0,21.70700000,140.7800
1625670242973000,0,13.91880000,140.8200
1625670403594000,1,1.45467499,140.6700
1625670416318000,0,4.24012784,140.8000
1625670553457000,1,7.05716000,140.6700
1625670563089000,1,0.00000122,140.6700
1625670835830000,1,1.77730260,140.5400
1625670835949000,1,5.33169000,140.5400
1625670866676000,0,6.80921093,140.6200
1625671001779000,0,0.67900000,140.4200
1625671014445000,1,0.35501128,140.3100
1625671018785000,0,0.94200000,140.3800
1625671025215000,1,1.00000000,140.2700
1625671033781000,0,0.98800000,140.2100
1625671033843000,0,1.00600000,140.2100
1625671034135000,0,5.13060000,140.2100
1625671038744000,0,2.07500000,140.2700
1625671038819000,0,0.64700000,140.2700
1625671040203000,1,1.00000000,140.2500
1625671040307000,1,0.00300000,140.2500
1625671041821000,0,2.21800000,140.2900
1625671042124000,1,1.13000000,140.2500
1625671042173000,1,0.00500000,140.2500
1625671046451000,1,20.00000000,140.1400
1625671046979000,1,20.00000000,140.1100
1625671053721000,0,0.87100000,140.2200
1625671053800000,0,0.99300000,140.2100
1625671074782000,0,0.14195021,140.1900
1625671084738000,0,0.46600000,140.2200
1625671084802000,0,1.62000000,140.2200
1625671085767000,0,0.23500000,140.2300
1625671085829000,0,0.99500000,140.2300
1625671087778000,0,1.80900000,140.2200
1625671087839000,0,1.00300000,140.2200
1625671099742000,0,2.47200000,140.2300
1625671101759000,0,1.32400000,140.2700
1625671101817000,0,0.99900000,140.2700
1625671103761000,0,1.03700000,140.2700
1625671103824000,0,0.59600000,140.2700
1625671105776000,0,1.80000000,140.2800
1625671105840000,0,0.63200000,140.2800
1625671106747000,0,0.99700000,140.2800
1625671106826000,0,1.64800000,140.2800
1625671107773000,0,0.49500000,140.2800
1625671107838000,0,1.00300000,140.2800
1625671108793000,0,0.99400000,140.2700
1625671109788000,0,0.98400000,140.2700
1625671110770000,0,2.19100000,140.2700
1625671110851000,0,0.45400000,140.2700
1625671111789000,0,0.67000000,140.2700
1625671112831000,0,0.99700000,140.2700
1625671118901000,1,1.98000000,140.3500
1625671118901000,1,1.20200000,140.3500
1625671122794000,0,1.39900000,140.3800
1625671127743000,0,0.74400000,140.2800
1625671127816000,0,1.00000000,140.2800
1625671128747000,0,0.17500000,140.2700
1625671128806000,0,0.99800000,140.2700
1625671129729000,0,1.86100000,140.2700
1625671129793000,0,0.99600000,140.2700
1625671130799000,0,0.81500000,140.2700
1625671131786000,0,2.20800000,140.2700
1625671131846000,0,0.36800000,140.2700
1625671132775000,0,0.47700000,140.2800
1625671132852000,0,0.36600000,140.2800
1625671133793000,0,2.44500000,140.2800
1625671137763000,0,0.29500000,140.2800
1625671137838000,0,1.00200000,140.2800
1625671146762000,0,1.82500000,140.3000
1625671147813000,0,2.00000000,140.3000
1625671148781000,0,1.00000000,140.3000
1625671148838000,0,0.99300000,140.3000
1625671157781000,0,1.99900000,140.3000
1625671158720000,0,0.90100000,140.3100
1625671159726000,0,1.09500000,140.3100
1625671160767000,0,0.99500000,140.3100
1625671161782000,0,0.50600000,140.3100
1625671162772000,0,0.72900000,140.3100
1625671163745000,0,1.75800000,140.3100
1625671164772000,0,0.55600000,140.3100
1625671165782000,0,1.43900000,140.3100
1625671165950000,0,0.24896693,140.3100
1625671166786000,0,0.99400000,140.2900
1625671168759000,0,0.41200000,140.2900
1625671169759000,0,1.58600000,140.2900
1625671170790000,0,0.99800000,140.2900
1625671171761000,0,0.70500000,140.2900
1625671173770000,0,1.12000000,140.2900
1625671174785000,0,0.95400000,140.2900
1625671175768000,0,1.37200000,140.2900
1625671176785000,0,0.99800000,140.2900
1625671233704000,0,0.36993000,140.2400
1625671233704000,0,19.99007000,140.2400
1625671233758000,0,0.00993000,140.2400
1625671244829000,0,0.98000000,140.2900
1625671287485000,1,20.00000000,140.2900
1625671287485000,1,1.16000000,140.2900
1625671376210000,0,45.39300000,140.3400
1625671381981000,1,3.05319613,140.2400
1625671428934000,0,20.00000000,140.2000
1625671463223000,1,4.00000000,140.0000
1625671463521000,0,0.91406250,140.0000
1625671463818000,0,0.02343750,140.0000
1625671463818000,0,1.31098400,140.0200
1625671464250000,0,0.37332592,139.9600
1625671464250000,0,2.30000000,139.9700
1625671464250000,0,3.56378297,139.9900
1625671464289000,1,74.11186260,139.8400
1625671464301000,1,1.74263740,139.8400
1625671464301000,1,13.35656830,139.8300
1625671464508000,0,0.93750000,139.8400
1625671464511000,1,0.69355443,139.8500
1625671464593000,1,64.11491624,139.8500
1625671464593000,1,11.68408376,139.8300
1625671464685000,1,17.76111803,139.8300
1625671464740000,1,1.29822991,139.8300
1625671464742000,1,1.55702842,139.8200
1625671464748000,1,16.85000000,139.8200
1625671464762000,1,33.59297158,139.8200
1625671468420000,1,7.11200000,139.7600
1625671468420000,1,0.54638394,139.7500
1625671534702000,0,0.75400000,139.7000
1625671543346000,1,0.26996230,139.6900
1625671543410000,0,0.24600000,139.6900
1625671543418000,0,1.26720460,139.6900
1625671551119000,0,0.00047614,139.7000
1625671725086000,0,0.53292386,140.0200
1625671782982000,1,1.78762960,139.8900
1625671903033000,1,1.78699070,139.9100
1625671933079000,1,7.13780000,139.8400
1625671933114000,1,1.00000000,139.8400
1625671933153000,1,2.71531784,139.8400
1625671933352000,1,10.63000000,139.8300
1625671933399000,1,0.00429633,139.8300
1625671959125000,1,7.13060000,139.6700
1625671959851000,1,35.15470000,139.6500
1625671976133000,0,20.00000000,139.4100
1625672023472000,0,1.78000000,139.6000
1625672023489000,0,0.00699070,139.6000
1625672119601000,0,0.43715685,139.8400
1625672140720000,0,0.32786764,139.9200
1625672143175000,1,1.79083094,139.8700
1625672152716000,0,0.24500000,139.9900
1625672152744000,0,0.00090073,139.9900
1625672263276000,1,1.78737399,140.0200
1625672383462000,1,1.78545922,139.9500
1625672389571000,0,27.32200000,140.1000
1625672389571000,0,7.11620000,140.1000
1625672464382000,0,42.73500000,140.1600
1625672464382000,0,7.10230000,140.1600
1625672522270000,1,5.17000000,140.1100
1625672522337000,1,14.83000000,140.1100
1625672763223000,0,0.33699000,139.9500
1625672763755000,1,2.55000000,139.9500
1625672763820000,1,2.55000000,139.9500
1625672764469000,1,5.56301000,139.9500
1625673191440000,1,1.00000000,139.9500
1625673254608000,1,0.54592546,139.5100
1625673257051000,1,1.75407000,139.5100
1625673260870000,1,7.16250000,139.5000
1625673261046000,1,14.83069000,139.4900
1625673261364000,1,7.15630000,139.4900
1625673262375000,1,7.13580000,139.4800
1625673264440000,1,7.15690000,139.4000
1625673324462000,0,13.83100000,139.9100
1625673344451000,1,7.14170000,139.8900
1625673402813000,0,20.00000000,139.7700
1625673503409000,0,7.12270000,139.8400
1625673503409000,0,47.43000000,139.8400
1625673503409000,0,23.36100000,139.8400
1625673508613000,0,0.34300000,139.8600
1625673579391000,0,0.75500000,140.0300
1625673579448000,0,6.35830000,140.0300
1625673602355000,0,24.89150000,139.9600
1625673602362000,0,0.00005323,139.9600
1625673603247000,0,58.87890000,139.9600
1625673603253000,0,4.99373234,139.9600
1625673604192000,0,20.00000000,140.0700
1625673609339000,0,20.00000000,140.1200
1625673609542000,1,0.37511746,140.0300
1625673609542000,1,2.30000000,140.0300
1625673609613000,0,0.93750000,140.0300
1625673609665000,0,1.01920000,140.0300
1625673609792000,0,17.34180542,140.0300
1625673609792000,0,2.65819458,140.1100
1625673610158000,1,6.08830874,140.0300
1625673624049000,1,20.00000000,140.1100
1625673624328000,0,7.03281613,140.0500
1625673624411000,0,9.72413907,140.0500
1625673624420000,0,0.00000001,140.0500
1625673631669000,0,11.88060000,140.0400
1625673664190000,0,7.67200000,139.7200
1625673668225000,0,0.00008690,139.7200
1625673668225000,0,4.42561310,139.7200
1625673668235000,0,0.21319879,139.7200
1625673691318000,0,3.23000000,139.9400
1625673691742000,0,0.75000000,139.9400
1625673692466000,0,0.00428156,139.9400
1625673692466000,0,2.56311844,139.9400
1625673692569000,0,0.00012655,139.9400
1625673722609000,0,7.69630000,139.8200
1625673728114000,0,0.00008853,139.8200
1625673734102000,0,1.24950000,140.1200
1625673751214000,0,12.51836000,139.8600
1625673751629000,0,0.00000164,139.8600
1625673752078000,0,7.74754000,139.8600
1625673752294000,0,0.00000966,139.8600
1625673774532000,1,5.10000000,139.8900
1625673782317000,0,8.39000000,140.0100
1625673810823000,0,0.00831183,140.0100
1625673812646000,0,7.74270000,140.0200
1625673812928000,0,6.68300000,140.0200
1625673813002000,0,0.00002728,140.0200
1625673859411000,0,3.87130000,139.8700
1625673863455000,0,12.37000000,139.8700
1625673863583000,0,0.00552502,139.8700
1625673871160000,0,20.57473000,139.8200
1625673871308000,0,0.00000830,139.8200
1625673976919000,0,15.23317003,139.7300
1625673976920000,0,1.00218482,139.7300
1625673976922000,0,3.76464515,139.7300
1625674010494000,0,1.93290000,139.8100
1625674212466000,1,7.13400000,139.5600
1625674251043000,0,0.42000000,139.6500
1625674253053000,0,0.00972000,139.6500
1625674253053000,0,13.78028000,139.7100
1625674298335000,0,0.17112786,139.9300
1625674341176000,1,10.99440000,139.9900
1625674424504000,0,103.26500000,140.1400
1625674424504000,0,66.01500000,140.1400
1625674464601000,0,0.00700000,140.1400
1625674490220000,0,0.52000000,140.4100
1625674591409000,0,9.56000000,140.2200
1625674591457000,0,4.41000000,140.2200
1625674727827000,0,0.00421506,140.4100
1625674727827000,0,19.99578494,140.4100
1625674824271000,0,13.57000000,140.5800
1625674824386000,0,0.00611520,140.5800
1625674883353000,0,6.82284039,140.6700
1625674925986000,0,6.41000000,140.7200
1625674925987000,0,12.77200000,140.7200
1625674932793000,0,0.30859968,140.8200
1625674952517000,0,0.23774771,140.9900
1625675271556000,1,1.00000000,140.8600
1625675271799000,1,3.86110000,140.8300
1625675272825000,1,1.01920000,140.7500
1625675273227000,1,3.54582851,140.7500
1625675273427000,1,2.51847149,140.7500
1625675483648000,0,0.61000000,140.5100
1625675483669000,0,0.00926000,140.5100
1625675554671000,1,2.37463800,140.3800
1625675580729000,0,4.00000000,140.4400
1625675581194000,0,2.97000000,140.4700
1625675581412000,0,0.00400000,140.4700
1625675604019000,0,1.25300000,140.5400
1625675604019000,0,0.43999999,140.5400
1625675604022000,0,0.00000001,140.5400
1625675608088000,0,7.07000000,140.6200
1625675608102000,0,4.85000000,140.6200
1625675608309000,0,8.08000000,140.6200
1625675823668000,0,3.40623342,141.0400
1625675823993000,0,7.08280000,141.0800
1625675824242000,1,20.00000000,141.0400
1625675824691000,0,0.93750000,141.0300
1625675892568000,1,0.70000000,141.0300
1625675894867000,1,2.94176000,141.0300
1625675961333000,1,0.00000586,141.0300
1625676049947000,0,0.48000000,141.1000
1625676075043000,1,1.79420000,140.9700
1625676107160000,1,19.00000000,140.8900
1625676107234000,1,1.00000000,140.8900
1625676143521000,1,1.00000000,140.9200
1625676366853000,1,8.50035000,140.8600
1625676367322000,1,0.00000496,140.8600
1625676530254000,0,20.00000000,140.7500
1625676532056000,1,0.44293851,140.7500
1625676532128000,1,2.56100000,140.7500
1625676532635000,1,1.60330000,140.7500
1625676533203000,1,14.00000000,140.7500
1625676534111000,1,5.70146344,140.7500
1625676534393000,1,3.50834028,140.7500
1625676534913000,1,1.00000099,140.7500
1625676534968000,1,1.38922000,140.7500
1625676536798000,1,0.75614000,140.7500
1625676542476000,1,99.03000000,140.7500
1625676543210000,1,0.00759678,140.7500
1625676576046000,1,0.44293851,140.6200
1625676714559000,0,0.70988839,140.6700
1625676746867000,1,4.71721176,140.3900
1625676904953000,0,0.46000000,140.7000
1625676904982000,0,0.00267000,140.7000
1625676970187000,1,7.08980000,140.6200
1625677126286000,1,0.34505800,140.6200
1625677127579000,1,0.00704200,140.6200
1625677219445000,1,7.11800000,140.4300
1625677219479000,1,1.57148660,140.4200
1625677344857000,0,0.53000000,140.4200
1625677381762000,0,0.00354000,140.4200
1625677620483000,0,3.11000000,140.8800
1625677622514000,0,1.06000000,140.8700
1625677622569000,1,0.48429631,140.8000
1625677634056000,1,0.48424789,140.8200
1625677813744000,1,0.64985641,140.7600
1625677993364000,0,0.52698520,140.5900
1625678000165000,0,0.01075480,140.5900
1625678059521000,1,1.02430000,140.7700
1625678062000000,1,1.87000000,140.7700
1625678062048000,1,0.00717048,140.7700
1625678451032000,1,5.04272088,140.2600
1625678472698000,0,0.53000000,140.3300
1625678498728000,0,0.00180000,140.3300
1625678538735000,1,5.36651421,140.3100
1625679101316000,0,0.56000000,140.1300
1625679301407000,0,0.00921000,140.1300
1625679536594000,0,20.00000000,140.3000
1625679566730000,1,0.47000000,140.1600
1625679579462000,1,1.43122295,140.1800
1625679579592000,1,18.56877705,140.1800
1625679579592000,1,0.15175684,140.1700
1625679579592000,1,19.53000000,140.1600
1625679580094000,1,0.37939209,140.1400
1625679580094000,1,0.15175684,140.1400
1625679580677000,1,0.15175684,140.0600
1625679580764000,1,2.04169378,140.0500
1625679580765000,1,1.40608706,140.0500
1625679722175000,0,0.59000000,139.9900
1625679728290000,0,0.00938000,139.9900
1625679733596000,1,1.99062000,139.9900
1625679744255000,0,20.00000000,140.0200
1625679999087000,0,0.30300000,140.0100
1625679999087000,0,0.00070000,140.0100
1625679999087000,0,1.60260000,140.0500
1625680087856000,1,19.00000000,140.3800
1625680125248000,0,1.42000000,140.5000
1625680125287000,0,0.00060264,140.5000
1625680127244000,0,0.69700000,140.5000
1625680127288000,0,0.61607996,140.5000
1625680136325000,0,0.49240000,140.6600
1625680136381000,0,0.00000499,140.6600
1625680282189000,1,0.42600000,140.4600
1625680290706000,0,0.34706000,140.4700
1625680290706000,0,0.32430539,140.5300
1625680328834000,1,0.00067445,140.4600
1625680328970000,1,0.36882281,140.3300
1625680328970000,1,13.63117719,140.3200
1625680413652000,0,7.08920000,140.3800
1625680612663000,0,0.33300000,140.5100
1625680711604000,0,0.00059000,140.5100
1625680711604000,0,1.99941000,140.5100
1625680837826000,1,6.20265028,140.0100
1625680923646000,0,0.29948999,140.2800
1625680923733000,0,0.00000001,140.2800
1625681045368000,0,20.00000000,140.5200
1625681045459000,0,20.00000000,140.5400
1625681045614000,0,19.05000000,140.5500
1625681046728000,0,0.53343874,140.6300
1625681048725000,0,0.53343874,140.7300
1625681049361000,1,7.07730000,140.6000
1625681049869000,1,20.00000000,140.5900
1625681071057000,0,0.26671937,140.6600
1625681079935000,0,0.20003952,140.7500
1625681080340000,0,0.20003952,140.8500
1625681120783000,0,12.86000000,140.6500
1625681120868000,0,1.23127426,140.6500
1625681253774000,0,0.37000000,140.8300
1625681274525000,0,0.00787000,140.8300
1625681277131000,0,0.00095942,140.8700
1625681674610000,0,7.00000000,140.8400
1625681785193000,1,7.06600000,140.6000
1625681807702000,0,0.77475000,140.5300
1625681858949000,0,20.00000000,140.6300
1625681941601000,1,2.09420000,140.5000
1625681965372000,0,3.17000000,140.6000
1625681965378000,0,3.55000000,140.6000
1625681965386000,0,2.93000000,140.6000
1625681965584000,0,10.35000000,140.6000
1625682789174000,0,1.13000000,140.6500
1625682939546000,0,20.00000000,140.5700
1625683101041000,1,7.07950000,140.6000
1625683227201000,0,0.36000000,140.6900
1625683265917000,0,0.00756000,140.6900
1625683320735000,0,0.00742751,140.8800
1625683320735000,0,0.37396999,140.8800
1625683501416000,0,0.00000001,140.8800
1625683501416000,0,4.32990348,140.9200
1625683601683000,0,6.86840000,140.8400
1625683730772000,1,20.00000000,140.7300
1625683730772000,1,7.08810000,140.7200
1625683730772000,1,8.91190000,140.7100
1625683950193000,0,0.69000000,140.7200
1625684060383000,0,0.00460000,140.7200
1625684060383000,0,32.21540000,140.7200
1625684061770000,0,2.68792870,140.7200
1625684062443000,0,23.09000000,140.7200
1625684075882000,1,0.26055941,140.6400
1625684076840000,0,0.60000000,140.7800
1625684286192000,1,8.95923203,140.5000
1625684360048000,1,1.49919531,140.4000
1625684452684000,1,13.05000000,140.2900
1625684506358000,1,2.84000000,140.2400
1625684605544000,0,7.10240000,140.4800
1625684605820000,0,0.28992460,140.5100
1625684605889000,0,0.37106540,140.5100
1625684881089000,0,8.71309667,140.5700
1625684903557000,0,0.36000000,140.5900
1625684920021000,0,0.00260000,140.5900
1625684933457000,0,0.17153389,140.6900
1625684933478000,0,0.00350069,140.6900
1625685234049000,0,0.33381740,140.3200
1625685430289000,1,20.00000000,140.2600
1625685610952000,1,7.09180000,140.1100
1625685610952000,1,11.62129667,140.1100
1625685753599000,0,0.66633000,140.0800
1625685753599000,0,0.33367000,140.0900
1625686087892000,0,0.33495000,140.0900
1625686088584000,0,61.00000000,140.1600
1625686195176000,0,11.90000000,140.1400
1625686428716000,0,0.34927000,140.1700
1625686428716000,0,4.92125864,140.1700
1625686650770000,0,0.33669860,140.1100
1625686688082000,0,0.00687140,140.1100
1625686862893000,0,0.19800000,140.2100
1625686946712000,0,20.00000000,140.2300
1625686973319000,0,0.14619443,140.2000
1625686974335000,0,0.14619443,140.2000
1625686987188000,0,0.06190114,140.2000
1625686987320000,0,11.72000000,140.3100
1625686988606000,0,25.75440000,140.3100
1625687207178000,0,47.00000000,140.4200
1625687269185000,0,0.31947020,140.4800
1625687269845000,0,0.00651980,140.4800
1625687269845000,0,53.99348020,140.5000
1625687338318000,0,1.11000000,140.5500
1625687341260000,0,36.89000000,140.5500
1625687599812000,1,5.00000000,140.3500
1625687827576000,1,7.13310000,139.9900
1625687952467000,0,0.56987000,140.1500
1625687963674000,0,0.01163000,140.1500
1625688073152000,1,18.51270000,140.0600
1625688073238000,1,0.90700000,140.0400
1625688095014000,1,1.00000000,139.9600
1625688107657000,1,7.13970000,139.9000
1625688107657000,1,20.00000000,139.9000
1625688107678000,0,3.12750910,139.9900
1625688257285000,1,0.91000000,139.8600
1625688257387000,1,0.00921480,139.8600
1625688337758000,1,0.72000000,139.8000
1625688368396000,1,0.33209750,139.8500
1625688368396000,1,7.13790250,139.8400
1625688384486000,1,7.14000000,139.8000
1625688559035000,0,0.59950000,139.9400
1625688663042000,0,2.22279979,139.9500
1625688663063000,0,1.22362219,139.9500
1625688663068000,0,0.89847302,139.9500
1625688663076000,0,1.00000000,139.9500
1625688663109000,0,3.07764158,139.9500
1625688795731000,0,0.31465999,139.9000
1625688806542000,0,0.00000001,139.9000
1625688851971000,1,5.93000000,139.9700
1625688851999000,1,1.20987869,139.9700
1625688865114000,1,7.13000000,139.9700
1625688865146000,1,0.00987869,139.9700
1625688865610000,1,7.13000000,139.9700
1625688865661000,1,0.00987869,139.9700
1625688882555000,1,7.13000000,139.9700
1625688882573000,1,0.00987869,139.9700
1625689029302000,0,0.67922354,140.0700
1625689274710000,0,4.72000000,140.0600
1625689281547000,0,13.29000000,140.0500
1625689358217000,1,7.14000000,139.8500
1625689358259000,1,0.00529022,139.8500
1625689406619000,0,0.20024705,139.8500
1625689406619000,0,0.60975295,139.8500
1625689406637000,0,0.00261705,139.8500
1625689802833000,1,7.14313396,139.8800
1625689958338000,1,4.00000000,139.5000
1625689969946000,0,1.81900000,139.3400
1625689970250000,0,0.00000072,139.3400
1625689974279000,0,4.74211903,139.4400
1625689986082000,0,4.74258116,139.4300
1625690009679000,0,0.60666900,139.4300
1625690129132000,0,0.01238100,139.4300
1625690576957000,0,8.45337000,139.6000
1625690663446000,1,7.15929835,139.5900
1625690663446000,1,20.00000000,139.5700
1625690663446000,1,35.79755230,139.5400
1625690663446000,1,2.30000000,139.5400
1625690663684000,1,20.00000000,139.5900
1625690835009000,1,4.15155068,139.5200
1625690835020000,1,15.84844932,139.5200
1625690835187000,1,7.12530000,139.4900
1625690907337000,0,0.39513000,139.8000
1625691534528000,0,3.26000000,139.5900
1625691534548000,0,16.74000000,139.5900
1625691564428000,1,0.35159271,139.5500
1625691564434000,1,0.35070490,139.5500
1625691753475000,0,0.63643456,139.4900
1625691876131000,0,0.63643456,139.5300
1625692015622000,1,1.91485758,139.2900
1625692015622000,1,9.05378795,139.2800
1625692094569000,0,60.00000000,139.6100
1625692100874000,0,11.90000000,139.6900
1625692104325000,0,33.10000000,139.6900
1625692665298000,0,0.20818754,139.2500
1625692681347000,1,1.90244480,139.1400
1625692681347000,1,20.00000000,139.1300
1625692681347000,1,7.18110000,139.1100
1625692681347000,1,4.75597534,139.1000
1625692681347000,1,7.18289405,139.0900
1625692681347000,1,20.54200000,139.0900
1625692681347000,1,12.36634974,139.0800
1625692681347000,1,5.60000000,139.0700
1625692681347000,1,0.46923607,139.0700
1625692693980000,0,19.79181246,139.2500
1625692693980000,0,20.00000000,139.2700
1625692843644000,0,0.37276833,139.4700
1625692849947000,1,20.00000000,139.3400
1625692850091000,1,20.00000000,139.3200
1625692873911000,1,2.00000000,139.0000
1625692874587000,1,41.60000000,138.9300
1625692874587000,1,46.20800000,138.9100
1625692875519000,1,1.79200000,138.9100
1625692875541000,1,14.00000000,138.7600
1625692883028000,1,7.48240000,138.6200
1625692883360000,1,17.92843704,138.6200
1625692883672000,1,1.20964063,138.6200
1625692883976000,1,0.66878895,138.6200
1625692884021000,1,5.38902262,138.6200
1625692884069000,1,8.21308826,138.6200
1625692884384000,1,6.99689625,138.6900
1625692884896000,1,0.00000001,138.6900
1625692910944000,0,17.89190000,138.5800
1625692937040000,0,17.99620000,138.7400
1625693065787000,1,7.19000000,138.8400
1625693065856000,1,0.00665282,138.8400
1625693395995000,1,1.80063382,138.8000
1625693405265000,1,5.39000000,138.8000
1625693636258000,1,1.80115273,138.7400
1625693698640000,1,2.99485130,138.7500
1625693698640000,1,5.39985256,138.7400
1625693698640000,1,9.60529614,138.7100
1625693710338000,1,1.00000000,138.7400
1625693710603000,1,1.34000000,138.7400
1625693710641000,1,3.22000000,138.7400
1625693710668000,1,1.64100529,138.7400
1625693711702000,1,7.20000000,138.7400
1625693711730000,1,0.00100529,138.7400
1625693713715000,1,7.20000000,138.7400
1625693713823000,1,0.00100529,138.7400
1625693716328000,1,7.20000000,138.7400
1625693716506000,1,0.00100529,138.7400
1625693735316000,1,7.06015797,138.6800
1625693735349000,1,0.14408486,138.6800
1625693756479000,1,1.80110500,138.6200
1625693813324000,1,0.55000000,138.5200
1625693813325000,1,0.00940829,138.5200
1625693928626000,1,0.47954111,138.4700
1625693928626000,1,7.21045889,138.4600
1625693928786000,1,0.00736937,138.4600
1625693930727000,1,7.21000000,138.4200
1625693930860000,1,0.00936256,138.4200
1625693936865000,1,0.18130000,138.4300
1625693938325000,1,0.37000000,138.3300
1625693938331000,1,0.00282731,138.3300
1625693939303000,1,7.22275897,138.3200
1625693939303000,1,6.65724103,138.3000
1625693947158000,0,5.00000000,138.3800
1625694162391000,0,14.37000000,138.2800
1625694162522000,0,0.00590141,138.2800
1625694262550000,0,36.34000000,138.5000
1625694262626000,0,1.00000000,138.5000
1625694262993000,0,0.96689987,138.5000
1625694264559000,0,17.69000000,138.5000
1625694356755000,1,1.80063400,138.3700
1625694381580000,0,1.71009905,138.5800
1625694576140000,0,1.71009905,138.5300
1625694813650000,0,0.78518899,138.7800
1625695219271000,1,0.76680000,138.2600
1625695242248000,1,2.30000000,138.3100
1625695242248000,1,2.15502825,138.2900
1625695242248000,1,5.54497175,138.2800
1625695477972000,1,0.00000501,138.2600
1625695477972000,1,0.60920046,138.1400
1625695478055000,1,1.06350496,138.1400
1625695489936000,1,2.09224836,138.2400
1625695489936000,1,7.22706362,138.2200
1625695489936000,1,2.93212221,138.2200
1625695505213000,1,2.14039000,138.1100
1625695505279000,1,0.00000299,138.1100
1625695505703000,1,2.14039299,138.0700
1625695636357000,0,6.26000000,138.5900
1625695638404000,0,0.79000000,138.6500
1625695641483000,1,0.48848571,138.5000
1625695653178000,1,0.40629471,138.3500
1625695757852000,0,1.57458509,138.4400
1625695792724000,0,41.00000000,138.4000
1625695834527000,0,0.48515390,138.3100
1625696036542000,0,36.84000000,138.3700
1625696073265000,0,7.64204000,138.1500
1625696108446000,1,1.00000000,138.0200
1625696109218000,1,1.03586983,138.0000
1625696109222000,1,1.51171866,138.0000
1625696110103000,1,0.88466501,137.9000
1625696110557000,1,1.01000000,137.9000
1625696114441000,0,37.81000000,138.0800
1625696171289000,1,0.74000000,137.9000
1625696171324000,1,0.00645293,137.9000
1625696180850000,1,0.56000000,137.8200
1625696180924000,1,0.00145292,137.8200
1625696191340000,1,0.82577316,137.7200
1625696199466000,1,0.42000000,137.6900
1625696199556000,1,0.00144730,137.6900
1625696210311000,1,0.23793000,137.6200
1625696210922000,1,0.00000220,137.6200
1625696226402000,0,52.00000000,137.7600
1625696378048000,0,29.00000000,137.8800
1625696378118000,0,1.00000000,137.8800
1625696378120000,0,25.00000000,137.8800
1625696378154000,0,7.38192583,137.8800
1625696378195000,0,0.61807417,137.8800
1625696419614000,0,0.84827739,138.0100
1625696482872000,1,6.00000000,138.0100
1625696505580000,0,0.65351982,138.0500
1625696505581000,0,0.00000001,138.0500
1625696521160000,0,0.36025280,138.1100
1625696566094000,0,0.39207514,138.2000
1625696581261000,0,0.22250264,138.2900
1625696614026000,0,0.24039107,138.3400
1625696614945000,0,0.18510797,138.4100
1625696615382000,0,57.82000000,138.4400
1625696814634000,0,0.00661725,138.6500
1625696814634000,0,1.99338275,138.6700
1625696901251000,0,8.18437355,138.8000
1625696990988000,1,13.80358000,138.8900
1625697007100000,1,0.00000557,138.8900
1625697244082000,0,32.42152411,138.8700
1625697467812000,1,14.78948280,138.3500
1625697467812000,1,7.20440000,138.3500
1625697467912000,0,6.24999000,138.3500
1625697475481000,0,0.00000405,138.3500
1625697587610000,0,38.00000000,138.4100
1625697587610000,0,13.71830155,138.4300
1625697620415000,0,1.02345892,138.5400
1625697950104000,0,25.00000000,138.5300
1625698160885000,0,48.02000000,138.3300
1625698909812000,1,0.63000000,137.9700
1625698909855000,1,0.00288733,137.9700
1625698912585000,1,6.47685218,137.8700
1625699001068000,1,14.26754557,137.8700
1625699193496000,1,7.26000000,137.5900
1625699193603000,1,0.00079911,137.5900
1625699194922000,0,4.22338922,137.5900
1625699195444000,1,10.00000000,137.5000
1625699206152000,1,1.00000000,137.3500
1625699206168000,1,0.38499679,137.3500
1625699231056000,0,1.04900000,137.5300
1625699334852000,0,2.70000000,137.5600
1625699372222000,0,14.17000000,137.6300
1625699416804000,0,13.93000000,137.6900
1625699487844000,1,1.39740000,137.2000
1625699488253000,1,1.04900000,137.2000
1625699638225000,1,21.00000000,137.2800
1625699670393000,1,1.51881713,137.0300
1625699670393000,1,5.76248287,137.0200
1625699670449000,0,0.36781661,137.1400
1625699670449000,0,4.41383657,137.1400
1625699670683000,1,1.51880000,137.0000
1625699670722000,1,10.00000000,137.0000
1625699670799000,1,7.29170000,137.0000
1625699670886000,1,6.18950000,137.0000
1625699670886000,1,10.00000000,137.0000
1625699670886000,1,7.29170000,137.0000
1625699670886000,1,1.51870636,136.9400
1625699670886000,1,1.51913357,136.8500
1625699670886000,1,1.19024578,136.8500
1625699670949000,0,7.28130000,137.0100
1625699671034000,0,13.71870000,137.0100
1625699765441000,0,0.23226408,137.4900
1625699765463000,0,0.00474008,137.4900
1625699788374000,0,0.23700000,137.5400
1625699794767000,0,0.00000416,137.5400
1625699798303000,0,34.36000000,137.7600
1625699801207000,0,26.64000000,137.7600
1625699887000000,0,53.54000000,137.9000
1625699950252000,0,39.00000000,138.0400
1625699969731000,0,52.00000000,138.1300
1625700073966000,1,1.46230000,137.9800
1625700074138000,1,1.43669921,137.9700
1625700074138000,1,5.40760079,137.9600
1625700229500000,0,41.85000000,137.7700
1625700231723000,0,4.60000000,137.7700
1625700381454000,0,0.34350923,137.5800
1625700476297000,1,1.26829125,137.3500
1625700476297000,1,0.35000000,137.3500
1625700490806000,1,5.15862134,137.3600
1625700529748000,0,0.35662860,137.5100
1625700617420000,0,21.00000000,137.3100
1625700650012000,0,4.48000000,137.2700
1625700724824000,0,60.00000000,137.3400
1625700744341000,1,4.11000000,137.0700
1625700765599000,0,0.59880092,137.3300
1625700818523000,0,0.37251619,137.3900
1625701060680000,1,14.51872000,137.0600
1625701074302000,1,35.21225406,137.0100
1625701074424000,1,3.27660000,136.9800
1625701078133000,0,5.92284083,137.1200
1625701548627000,1,4.18950000,137.2300
1625701574493000,0,0.76300000,137.4100
1625701604301000,0,35.28000000,137.6800
1625701604694000,0,0.72000000,137.6800
1625702057972000,0,0.80434000,137.0900
1625702058103000,0,0.00000009,137.0900
1625702120619000,1,0.62200000,136.9900
1625702120623000,1,0.00067520,136.9900
1625702137398000,0,1.17339220,137.0300
1625702139592000,0,46.28935155,137.0800
