timestamp ms,type,amount,price
1626048140100000,0,22.00000000,134.0700
1626048140100000,0,7.46238212,134.1200
1626048146289000,0,9.91000000,134.1300
1626048165423000,0,30.00000000,134.0900
1626048209115000,0,11.27767424,134.1500
1626048232671000,0,14.10000000,134.3500
1626048232995000,0,39.00000000,134.3700
1626048272418000,0,21.36000000,134.4600
1626048272539000,0,0.00654002,134.4600
1626048441833000,0,2.40000000,133.9100
1626048567335000,0,7.46730903,134.0300
1626048567457000,0,0.93750000,134.0700
1626048568741000,0,15.00000000,134.1500
1626048580195000,1,43.94600000,134.0400
1626048581513000,1,9.50000000,134.0400
1626048581633000,1,5.94000000,134.0400
1626048601910000,0,2.40000000,134.1500
1626048602061000,0,1.35082242,134.1900
1626048602065000,0,2.12559159,134.1900
1626049139938000,0,12.77380863,134.0900
1626049342671000,1,6.78078701,133.7700
1626050028372000,1,2.40000000,134.8700
1626050028372000,1,2.43585544,134.8700
1626050105814000,1,6.00000000,134.9100
1626050132451000,1,0.31288521,134.9100
1626050405238000,0,7.41113808,135.0200
1626050405238000,0,5.39498027,135.0400
1626050415504000,1,2.87428412,134.9000
1626050415667000,1,4.00609360,134.9000
1626050415673000,1,5.61994872,134.9000
1626050419182000,1,11.12759644,134.9000
1626050419300000,1,9.50000000,134.9000
1626050421824000,1,9.94707712,134.9000
1626050421824000,1,8.52884482,134.9000
1626050514175000,1,10.90000000,134.9000
1626050514215000,1,1.31969192,134.9000
1626050514303000,1,6.79046326,134.9000
1626051146769000,1,12.80611835,134.0600
1626051156725000,0,2.40000000,134.1900
1626051156725000,0,7.45636348,134.2000
1626051156725000,0,2.99061118,134.2000
1626051166396000,0,2.40000000,134.1900
1626051166396000,0,7.23527570,134.2000
1626051720373000,0,1.00000000,134.3300
1626051764619000,1,18.22000000,134.0400
1626051765360000,1,4.89068594,134.0300
1626051765504000,1,7.32265000,134.0300
1626051765644000,1,2.38917743,134.0300
1626051765665000,1,1.00000000,134.0300
1626051765722000,1,1.30000009,134.0300
1626051765739000,1,8.26517996,134.0300
1626051765752000,1,9.90000000,134.0300
1626051765767000,1,1.92530658,134.0300
1626051825082000,1,14.73072808,133.8300
1626051825082000,1,7.46727331,133.8100
1626051889563000,1,2.40000000,133.9700
1626051889563000,1,19.60000000,133.9600
1626051889740000,1,2.40000000,133.9600
1626052350726000,0,7.45750000,133.9500
1626052428417000,1,71.63000000,134.0400
1626052428460000,1,71.63000000,134.0400
1626052428493000,1,21.45750000,134.0400
1626052428509000,1,0.17934000,134.0400
1626052428691000,1,46.86000000,134.0400
1626052428736000,1,34.24966000,134.0400
1626052431426000,1,8.25000000,134.0100
1626052431457000,1,8.25000000,134.0100
1626052454056000,0,7.45440000,134.1300
1626052455895000,1,15.27000000,134.1400
1626052456106000,1,17.62577830,134.1400
1626052456544000,1,19.91000000,134.1400
1626052456863000,1,199.73000000,134.1400
1626052797755000,1,7.45440000,133.9800
1626052798373000,1,0.27276303,133.9800
1626052798420000,1,5.53280000,133.9800
1626052798420000,1,9.15230617,133.9800
1626052798451000,1,9.13952659,133.9800
1626052798528000,1,11.04767878,133.9800
1626052798601000,1,5.06352543,133.9800
1626052798601000,1,12.43196067,133.9800
1626052798659000,1,0.23803933,133.9800
1626052975030000,1,7.42430000,134.0600
1626053595735000,0,7.38710000,134.6200
1626053596121000,0,11.27450000,134.6400
1626053599793000,0,7.39030000,134.7000
1626054057772000,0,7.39626849,134.5300
1626054390815000,1,12.59000000,134.7300
1626054390890000,1,0.00600000,134.7300
1626054390962000,1,35.85000000,134.7200
1626055639173000,1,2.37313071,134.0700
1626056338881000,0,1.47760000,134.7100
1626056338914000,0,1.35480000,134.7100
1626056484755000,0,7.34830000,135.6100
1626056497685000,0,7.33600000,135.6700
1626057634764000,1,7.39220000,135.1300
1626057634834000,1,4.39730000,135.1000
1626057634862000,1,0.93750000,135.1000
1626057634980000,1,1.03131990,135.1000
1626057635014000,1,0.81770877,135.1000
1626057635216000,1,0.82046714,135.0700
1626057635232000,1,6.14548273,135.0700
1626057635232000,1,2.78628133,135.0700
1626057843171000,1,13.83000000,134.9000
1626057843180000,1,0.00344123,134.9000
1626057999609000,0,7.41791351,134.9000
1626057999821000,0,8.80431801,134.9200
1626058000070000,0,0.93750000,134.9900
1626058000312000,0,8.79791704,135.0200
1626058001619000,0,2.00000000,135.0700
1626058012892000,0,13.68743048,135.1700
1626058477314000,1,22.00000000,135.6800
1626058477390000,1,30.00000000,135.6700
1626058477390000,1,2.79262612,135.5900
1626058477390000,1,149.99067388,135.5900
1626058477474000,1,1.70000000,135.6500
1626058477584000,1,1.19668043,135.5700
1626058477634000,1,1.59549291,135.5700
1626058478446000,0,2.40000000,135.3300
1626058478446000,0,40.84006083,135.3400
1626058478509000,0,18.55993917,135.3400
1626058478509000,0,3.44006083,135.3500
1626058478882000,0,2.40000000,135.3300
1626058480667000,1,0.78687423,135.2400
1626058480719000,1,1.61749276,135.2400
1626058480734000,1,1.49193579,135.2400
1626058483813000,0,2.40000000,135.2200
1626058483813000,0,7.39460000,135.2200
1626058521665000,0,7.35500000,135.3400
1626058552476000,1,119.98000000,135.3000
1626058552509000,1,0.42035896,135.3000
1626058594765000,0,0.93750000,135.3700
1626058595791000,1,2.40000000,135.5300
1626058602314000,0,7.36660000,135.6000
1626058602353000,0,8.08290000,135.6400
1626058602360000,0,1.31300000,135.6400
1626058712632000,1,2.75755000,135.7400
1626058712872000,1,6.89368806,135.7100
1626058712872000,1,0.20631194,135.7100
1626058712872000,1,2.55110000,135.7100
1626058804142000,1,2.68135977,135.7500
1626058929418000,0,2.77973827,136.0200
1626059089372000,0,1.00000000,136.1700
1626059089380000,0,13.42146927,136.1700
1626059089559000,0,7.34000000,136.2000
1626059089594000,0,0.00824909,136.2000
1626059217163000,1,2.56360000,136.2500
1626059217174000,1,0.00009941,136.2500
1626059217174000,1,24.84130000,136.2300
1626059217174000,1,6.40924852,136.2100
1626059217174000,1,16.66404616,136.2100
1626059217174000,1,19.14500000,136.2000
1626059217174000,1,7.33912269,136.1600
1626059217174000,1,27.00000000,136.1600
1626059217174000,1,20.88288322,136.1300
1626059217326000,0,0.93750000,136.2000
1626059217326000,0,2.40000000,136.2100
1626059217340000,1,1.62110000,136.2400
1626059217345000,1,0.94259941,136.2400
1626059217345000,1,16.66404616,136.1700
1626059217362000,0,41.79335443,136.1500
1626059217509000,0,2.56369941,136.0900
1626059217524000,0,6.40924852,136.0900
1626059217524000,0,16.66404616,136.0900
1626059217701000,0,2.40000000,136.0800
1626059217706000,1,4.00924852,136.0800
1626059217706000,1,2.56369941,136.0800
1626059217942000,1,2.56369941,136.0400
1626059217942000,1,6.23060415,136.0400
1626059217953000,1,0.17864437,136.0400
1626059218128000,1,2.40000000,135.9600
1626059218210000,1,7.28147473,135.9600
1626059218783000,1,6.64621802,135.9600
1626059218809000,1,1.39565010,135.9600
1626059218817000,1,6.58383188,135.9600
1626059219608000,1,22.00000000,135.8200
1626059221884000,1,1.33153582,135.8400
1626059221890000,1,0.63650421,135.8400
1626059222129000,1,2.08225171,135.8300
1626059225103000,0,2.40000000,135.9100
1626059225199000,0,56.00000000,135.9400
1626059263588000,1,1.98184000,135.9400
1626059263700000,1,0.00000053,135.9400
1626059263700000,1,4.95416434,135.9300
1626059263700000,1,12.88081513,135.9300
1626059263737000,1,0.00001215,135.9300
1626059263792000,1,15.28270000,135.9200
1626059269301000,0,43.00000000,136.0500
1626059277746000,0,12.82000000,136.1000
1626059277790000,0,0.00165563,136.1000
1626059344784000,0,0.93750000,136.0500
1626059439491000,0,0.93750000,135.7400
1626059439550000,1,7.32310000,135.7700
1626059439586000,1,4.41271864,135.7200
1626059439586000,1,1.76477565,135.7200
1626059439586000,1,1.19680571,135.7100
1626059439622000,1,0.41722582,135.7200
1626059439688000,1,59.40000000,135.7200
1626059440961000,1,22.00000000,135.5300
1626059441008000,1,10.63998111,135.5200
1626059441331000,1,0.65096744,135.5400
1626059441331000,1,0.37484511,135.5400
1626059441472000,1,0.78975956,135.5400
1626059453114000,0,8.34491922,135.6700
1626059453146000,0,0.41153115,135.6700
1626059457588000,0,39.13860000,135.6900
1626059469502000,0,7.33080000,135.7000
1626059492726000,0,1.83254751,135.7400
1626059542215000,1,7.34840000,135.5500
1626059547163000,1,1.14000000,135.5000
1626059599917000,0,0.38000000,135.6600
1626059599976000,0,0.00231625,135.6600
1626059600538000,0,0.38000000,135.6600
1626059698649000,1,0.51037975,135.5800
1626059712647000,0,0.93750000,135.6700
1626059712989000,0,38.06000000,135.6700
1626059713038000,0,0.00250000,135.6700
1626059748448000,1,7.32930000,135.6400
1626059748538000,1,1.81438000,135.6200
1626059748553000,1,0.00000794,135.6200
1626059766804000,0,22.00000000,135.7200
1626059767289000,0,42.00000000,135.7300
1626059767449000,0,22.00000000,135.7300
1626059767449000,0,7.37199131,135.7600
1626059769608000,0,7.37000000,135.7600
1626059769612000,0,0.00199131,135.7600
1626059826951000,0,0.93750000,135.7500
1626059884820000,0,22.00000000,135.7200
1626059884820000,0,4.61000000,135.7300
1626059885012000,0,4.61000000,135.7200
1626059885012000,0,11.82000000,135.7300
1626059885079000,0,16.43000000,135.7300
1626059907745000,0,19.40875029,135.7500
1626059948947000,1,0.93750000,135.6300
1626060018068000,0,0.37000000,135.7000
1626060018143000,0,0.00042679,135.7000
1626060026307000,0,0.37000000,135.7000
1626060026545000,0,0.00707887,135.7000
1626060026545000,0,0.36292113,135.7000
1626060099653000,0,34.77128000,135.8300
1626060099732000,0,15.22872000,135.8300
1626060143164000,1,7.32990000,135.6300
1626060187920000,1,0.93750000,135.6400
1626060306058000,0,0.93750000,135.6600
1626060308669000,0,23.00000000,135.6900
1626060308690000,0,1.35230000,135.6900
1626060308714000,0,36.64770000,135.6900
1626060436510000,1,0.37194883,135.7300
1626060436510000,1,0.35623500,135.7100
1626060484883000,0,32.18000000,135.7900
1626060485189000,0,31.82000000,135.7900
1626060531786000,1,0.61054000,135.7800
1626060532528000,1,16.83000000,135.7800
1626060533385000,1,143.40179280,135.7800
1626060776542000,1,2.46000000,135.5600
1626060825192000,0,59.00000000,135.6100
1626060918732000,0,21.37000000,135.5400
1626060919399000,0,22.58100000,135.5400
1626061163013000,1,0.93750000,135.2400
1626061163259000,0,0.37379242,135.3200
1626061163259000,0,0.38620758,135.3400
1626061163303000,0,0.00030622,135.3400
1626061225745000,0,7.38000000,135.4400
1626061269165000,0,37.00000000,135.4500
1626061269218000,0,8.22000000,135.4500
1626061269218000,0,13.78000000,135.4500
1626061312305000,0,22.00000000,135.4700
1626061312305000,0,7.38000000,135.4700
1626061327078000,0,0.00682698,135.4700
1626061390991000,0,0.93750000,135.6100
1626061392030000,0,0.93750000,135.6100
1626061399197000,0,7.37819703,135.6300
1626061566627000,0,0.93750000,135.5000
1626061627692000,1,0.93750000,135.4500
1626061628706000,1,0.93750000,135.4400
1626061642817000,1,0.93750000,135.4300
1626061701140000,0,0.93750000,135.5900
1626061756713000,0,1.39157026,135.7100
1626061780863000,0,14.18000000,135.6900
1626061828719000,0,0.93750000,135.6500
1626061872938000,1,2.11958124,135.6200
1626061985639000,1,0.93750000,135.5400
1626062001046000,1,6.40840000,135.5400
1626062144678000,0,0.93750000,135.6500
1626062158043000,1,1.00000000,135.5300
1626062158622000,1,5.88820423,135.5100
1626062158639000,1,1.46759577,135.5100
1626062349199000,0,22.00000000,135.4700
1626062359360000,0,22.00000000,135.5000
1626062401417000,1,36.87021000,135.6100
1626062401720000,1,0.00000642,135.6100
1626062401720000,1,169.55999358,135.6100
1626062401780000,1,0.00797246,135.6100
1626062412658000,0,7.37000000,135.6600
1626062412876000,0,0.00699834,135.6600
1626062414939000,0,38.00000000,135.6700
1626062427762000,1,7.32590000,135.7000
1626062428076000,1,11.73374000,135.6900
1626062437480000,1,26.35844000,135.7200
1626062499420000,1,22.19467000,135.7000
1626062521740000,1,0.00000023,135.7000
1626062532717000,0,7.37000000,135.7000
1626062534274000,1,17.65148000,135.6900
1626062540517000,1,0.00000409,135.6900
1626062540517000,1,1.99999591,135.6900
1626062542525000,1,0.99409050,135.6900
1626062542585000,1,9.46006762,135.6900
1626062558542000,1,2.58000000,135.6900
1626062558780000,1,0.00842800,135.6900
1626062559623000,1,0.25848000,135.5900
1626062593769000,1,11.14640728,135.6200
1626062593904000,1,3.78845975,135.6200
1626062594371000,1,7.97249378,135.6200
1626062633965000,1,8.11486639,135.5500
1626062647090000,1,8.72000000,135.6200
1626062647140000,1,6.62000000,135.6200
1626062647184000,1,0.36260000,135.6200
1626062647457000,1,2.28000000,135.6200
1626062647555000,1,0.00856913,135.6200
1626062695316000,1,19.98000000,135.6900
1626063046838000,0,7.32720000,136.1100
1626063385486000,1,15.02841395,136.1800
1626063748588000,0,8.70970000,136.3900
1626063830819000,1,7.32040000,135.9600
1626063916916000,0,3.71000000,136.0000
1626063918310000,0,34.20341000,136.0000
1626063918380000,0,7.94759000,136.0000
1626063944814000,1,14.11059247,135.8000
1626064029891000,0,31.14000000,135.8600
1626064492712000,0,14.17655370,135.7800
1626064832817000,1,1.56267053,135.8200
1626064832817000,1,3.90633140,135.8000
1626064832817000,1,10.15722970,135.7700
1626065009584000,1,7.20165541,135.8100
1626065164795000,0,2.77340000,135.9200
1626065729723000,1,4.77243392,136.2500
1626065836535000,0,22.00000000,136.2800
1626066210776000,1,1.05830000,135.8400
1626066210935000,1,0.00002622,135.8400
1626066222148000,1,0.73179867,135.7600
1626066225241000,1,0.73639000,135.7500
1626066380250000,0,27.25000000,135.7500
1626067041412000,1,1.07180000,135.2100
1626067041653000,1,0.00008045,135.2100
1626067041653000,1,7.36631955,135.2000
1626067135194000,0,7.37280000,135.5300
1626067135875000,0,8.75716276,135.6900
1626067135875000,0,21.24283724,135.7000
1626067135936000,0,0.65010339,135.7000
1626067136298000,1,2.40000000,135.7300
1626067136318000,0,1.48390000,135.7300
1626067136336000,0,11.86508344,135.7300
1626067136617000,0,1.07450000,135.8500
1626067140935000,0,0.33299696,135.8700
1626067140935000,0,8.68975021,135.8700
1626067158367000,0,30.00000000,135.8300
1626067158629000,0,7.93555799,135.9000
1626067158705000,0,13.91444231,135.9000
1626067158705000,0,8.74039173,135.9000
1626067164386000,0,0.43678847,136.0900
1626067178856000,1,1.48390000,136.1000
1626067258309000,1,1.31599000,135.8400
1626067401442000,1,1.85927614,135.6900
1626068909022000,1,1.10470000,135.3900
1626068910100000,1,25.30934583,135.3900
1626068911006000,1,0.51000000,135.3900
1626068917320000,1,29.85769312,135.3400
1626068917320000,1,22.00000000,135.3200
1626069042117000,0,14.89612296,135.5300
1626069042117000,0,46.70325474,135.5400
1626069320808000,0,8.50609000,135.7400
1626069342586000,0,0.00000558,135.7400
1626069342586000,0,1.06999442,135.7400
1626069342807000,0,1.69551911,135.7400
1626069376676000,0,60.29048647,135.7400
1626069376676000,0,15.21997027,135.7400
1626069395430000,0,1.51020914,135.7400
1626069395666000,0,0.03082059,135.7400
1626069629410000,1,7.33700000,135.7800
1626069802905000,1,1.88088760,135.6300
1626070088752000,1,2.00000000,135.5600
1626070543019000,1,1.09230000,135.5400
1626070543073000,1,1.16290000,135.5400
1626070543181000,0,8.47200000,135.5400
1626070543255000,1,25.84356046,135.5400
1626070901106000,1,1.68923000,135.2600
1626071283560000,0,0.84380285,135.7600
1626071283567000,0,5.17282809,135.7600
1626071283611000,0,2.72730090,135.7600
1626071283712000,0,21.85890255,135.7800
1626071284066000,0,8.74393184,135.8100
1626071284066000,0,8.74228327,135.8100
1626071284421000,0,25.41604000,135.9000
1626071284447000,0,0.00000463,135.9000
1626071289210000,0,8.72913430,136.0100
1626071289303000,0,0.93750000,135.9700
1626071289307000,0,22.00000000,135.9700
1626071289308000,0,4.50976661,135.9700
1626071289341000,0,6.24490000,136.0200
1626071289393000,0,2.48423430,136.0200
1626071289413000,0,1.84440000,136.0600
1626071289441000,0,1.19880000,136.0600
1626071289455000,1,4.09047245,136.0100
1626071289532000,0,18.77871026,136.0600
1626071289618000,0,8.72379818,136.0900
1626071289681000,0,8.72913430,136.0600
1626071289739000,0,21.82191026,136.0500
1626071290004000,0,8.72363959,136.1400
1626071290004000,0,8.72913430,136.1400
1626071297887000,0,16.26580459,136.4000
1626071302532000,0,9.90000000,136.4700
1626071302877000,0,0.41860264,136.5000
1626071303004000,0,0.19411000,136.5200
1626071303079000,0,0.00000075,136.5200
1626071303238000,1,2.40000000,136.5600
1626071303255000,1,22.00000000,136.5100
1626071303307000,0,0.93750000,136.5600
1626071303327000,0,5.55447000,136.6400
1626071304294000,0,2.40000000,136.3400
1626071304352000,1,2.40000000,136.3700
1626071306858000,0,7.69477253,136.3200
1626071308252000,0,2.40000000,136.2200
1626071308322000,1,23.13395000,136.2200
1626071329167000,0,7.31199999,136.1600
1626071410052000,0,7.30990000,136.1500
1626071478587000,1,21.56000000,136.0900
1626071514518000,1,99.10096296,136.0600
1626071531191000,0,42.00000000,136.2300
1626071531267000,0,11.00000000,136.2300
1626071640324000,1,1.69990000,136.2200
1626071640383000,1,0.93750000,136.1800
1626071640472000,1,0.99106331,136.1800
1626071640472000,1,3.11993669,136.1700
1626071640773000,1,0.74767650,136.1400
1626071640784000,1,1.92856000,136.1400
1626071640823000,1,4.62676350,136.1400
1626071641438000,0,2.40000000,136.1500
1626071685117000,0,7.90368686,136.1700
1626071685117000,0,7.34919146,136.1700
1626071685851000,0,7.92330896,136.2600
1626071709211000,0,15.20000000,136.4800
1626071746837000,0,7.28539999,136.5400
1626071746922000,1,7.28510000,136.5800
1626071747030000,0,2.15718993,136.6200
1626071747052000,0,1.73407238,136.6200
1626071747062000,0,1.65780000,136.6200
1626071747064000,0,1.03916976,136.6200
1626071747613000,0,76.00000000,136.7000
1626071747755000,0,0.00253076,136.7000
1626071748402000,0,0.00430701,136.8200
1626071748402000,0,6.58578215,136.8600
1626071748402000,0,16.45974084,136.8600
1626071748569000,0,6.58578215,136.8900
1626071748569000,0,16.46405508,136.8900
1626071749019000,1,7.91036223,137.0000
1626071749923000,1,7.27170000,137.0400
1626071755563000,0,0.14588957,137.0900
1626071755935000,0,2.23660000,137.2200
1626071755943000,0,1.50700000,137.2200
1626071756006000,0,1.49890000,137.2200
1626071756024000,0,0.31197697,137.2200
1626071757404000,1,7.25710000,137.1100
1626071758630000,1,7.25980000,136.9700
1626071781983000,0,7.27060000,137.0900
1626071782358000,0,3.57746992,137.1400
1626071782612000,0,8.94349000,137.1800
1626071782687000,0,0.00000370,137.1800
1626071782687000,0,3.57676981,137.1800
1626071782687000,0,3.72322649,137.1900
1626071801726000,0,3.60000000,137.2300
1626071801844000,1,0.22619316,137.1200
1626071802639000,0,1.89487000,137.2400
1626071802859000,0,0.00000953,137.2400
1626071803038000,0,0.33508617,137.2500
1626071803038000,0,6.91941383,137.3200
1626071803421000,0,2.12556368,137.3700
1626071803421000,0,5.31382632,137.3700
1626071827511000,0,0.18900000,137.4000
1626071847869000,0,7.23680000,137.5400
1626071847897000,0,1.00000000,137.5400
1626071847945000,0,1.66320000,137.5400
1626071847945000,0,0.25331000,137.5600
1626071848091000,0,1.66320501,137.5600
1626071872125000,0,1.87335000,137.5400
1626071872134000,0,0.00000001,137.5400
1626071872154000,0,7.24300000,137.5600
1626071872398000,0,1.87335001,137.5500
1626071873912000,0,1.87335001,137.7800
1626071873912000,0,1.87348529,137.7800
1626071881273000,1,2.44155000,137.5500
1626071881412000,1,0.00000099,137.5500
1626071891864000,1,2.43143958,137.4600
1626071891970000,1,1.70000000,137.4400
1626071892111000,1,6.07860440,137.4300
1626071892119000,1,2.43280000,137.3800
1626071892205000,1,7.25850000,137.4000
1626071892334000,1,1.44620000,137.4000
1626071892343000,1,2.43281853,137.4000
1626071892409000,1,2.43281853,137.4000
1626071892445000,1,2.77321994,137.4000
1626071892497000,1,0.00001853,137.3800
1626071892576000,1,2.43264166,137.3500
1626071899714000,0,2.14470000,137.3800
1626071912641000,1,2.15850000,137.2200
1626071912807000,1,2.36796137,137.2100
1626071912807000,1,5.43203863,137.1600
1626071912958000,1,1.78000000,137.2000
1626071913015000,1,0.58796137,137.2000
1626071913057000,1,0.48674431,137.1600
1626071921480000,1,0.50678558,137.1000
1626071921480000,1,6.74731442,137.1000
1626071921553000,1,2.31740000,137.0800
1626071921665000,1,0.00000582,137.0800
1626071921665000,1,2.31764234,137.0500
1626071921665000,1,12.74605184,137.0400
1626071921745000,0,1.21790000,137.0500
1626071921754000,1,4.57595242,137.0600
1626071921772000,1,15.06378467,137.0100
1626071921923000,0,2.31740582,136.9700
1626071922098000,0,0.08259418,136.9700
1626071922098000,0,0.93750000,136.9800
1626071926653000,0,2.40000000,136.9400
1626071926759000,0,6.29810000,136.9600
1626071926891000,0,0.00000659,136.9600
1626071926911000,0,3.41660000,136.9900
1626071926945000,0,1.54830000,136.9900
1626071927099000,0,1.33237769,136.9900
1626071927164000,0,6.29810659,137.0100
1626071927164000,0,0.98389341,137.0200
1626071927395000,0,6.29727769,137.0100
1626071927516000,0,1.30180000,137.0200
1626071927551000,0,4.99630659,137.0200
1626071939084000,1,7.25700000,137.0300
1626071939251000,1,1.25491812,136.9600
1626071939251000,1,1.64333884,136.9600
1626071939375000,1,0.93750000,136.9300
1626071939380000,1,13.84369701,136.9300
1626071939477000,1,2.27400047,136.9100
1626071939477000,1,5.68483410,136.9100
1626071939580000,1,2.27400047,136.9100
1626071943173000,1,15.40000000,136.6900
1626071958705000,0,7.32218000,136.7500
1626071969508000,0,7.15552000,136.8300
1626071986631000,0,3.83044519,136.8600
1626071986638000,0,7.27630000,136.8600
1626071986638000,0,6.99433635,136.8600
1626071986639000,0,22.00000000,136.8700
1626071986765000,0,1.03440000,136.9300
1626071986846000,1,0.36875214,136.9200
1626071986866000,0,3.24486718,136.9200
1626071986875000,0,3.38071703,136.9200
1626071986875000,0,0.63068297,136.9300
1626071986891000,0,2.11630000,136.9300
1626071986899000,0,2.24590000,136.9300
1626071986916000,0,11.45171953,136.9300
1626071987203000,0,17.53112732,136.9800
1626071987791000,0,0.31920000,137.2000
1626071993568000,0,1.07754116,137.1600
1626071993578000,0,1.97655858,137.1600
1626071993663000,1,0.93750000,137.2200
1626071993734000,0,3.71460000,137.2200
1626071994444000,0,7.25130000,137.4600
1626072003580000,1,0.93750000,137.3100
1626072003666000,0,10.01370846,137.3500
1626072003666000,0,4.00548338,137.3500
1626072003666000,0,0.83660816,137.3500
1626072003690000,0,3.10319893,137.3500
1626072003698000,0,11.86343946,137.3500
1626072003699000,0,7.61824477,137.3500
1626072003699000,0,2.61415067,137.3500
1626072011132000,0,2.42350000,137.6400
1626072011136000,0,0.00008738,137.6400
1626072011139000,0,6.05993267,137.6700
1626072011225000,0,1.71360000,137.7000
1626072011293000,0,0.93750000,137.7000
1626072011296000,0,3.10400000,137.7000
1626072011350000,0,1.87910000,137.7000
1626072011362000,0,4.39160000,137.7000
1626072011373000,0,3.73049389,137.7000
1626072011438000,0,1.23490000,137.7600
1626072013358000,1,2.40000000,137.7600
1626072013551000,1,2.63841000,137.6800
1626072076122000,0,1.00000000,138.0000
1626072315595000,0,0.38946000,138.0800
1626072366062000,0,0.00000640,138.0800
1626072415976000,1,2.73023000,138.2400
1626072416038000,1,0.00000761,138.2400
1626072416038000,1,15.08569239,138.2300
1626072641011000,1,7.22030000,137.9400
1626072667045000,0,12.05400000,138.0400
1626072683219000,1,1.03791629,137.8100
1626072696732000,0,2.81938031,137.9000
1626072878315000,0,2.81938031,137.6000
1626072936736000,0,7.22680000,137.9100
1626073226835000,0,7.23620000,137.9600
1626073353531000,0,7.20220000,138.1000
1626073761422000,1,0.87141968,137.6500
1626073807511000,0,7.24280000,137.8100
1626073807511000,0,8.82345000,137.8100
1626073909514000,0,16.85800000,137.8500
1626073916622000,0,26.36900000,137.8700
1626073963197000,0,7.22430000,138.1400
1626073968151000,0,2.93570000,138.2900
1626073968314000,0,1.32909834,138.2900
1626073977158000,1,2.38350000,138.1700
1626073977245000,1,38.61650000,138.1700
1626074029714000,0,7.20460000,138.1800
1626074051111000,0,7.23020000,138.2100
1626074074690000,0,7.19470000,138.3800
1626074089112000,0,7.21390000,138.4100
1626074109554000,0,0.14443563,138.4700
1626074110365000,0,48.45091277,138.5700
1626074110365000,0,14.79908723,138.5700
1626074111190000,0,2.59000000,138.6000
1626074111435000,0,0.00156606,138.6000
1626074116003000,1,0.22199199,138.5200
1626074136423000,0,2.06682715,138.7000
1626074136424000,0,5.12107285,138.7000
1626074137109000,1,0.84046634,138.7300
1626074159950000,0,22.00000000,138.7500
1626074406783000,0,7.19900000,138.9000
1626074479003000,1,1.00000000,138.7200
1626074558086000,1,6.00000000,138.7100
1626074562770000,0,2.40000000,138.8400
1626074562770000,0,22.00000000,138.8500
1626074562770000,0,18.23518614,138.8500
1626074562770000,0,30.00000000,138.8500
1626074562770000,0,7.20695788,138.8700
1626074562770000,0,10.71397709,138.8700
1626074562773000,1,10.75488006,138.8700
1626074562830000,1,7.49860000,138.8700
1626074562831000,1,1.70000000,138.8700
1626074562832000,1,0.93750000,138.8700
1626074562833000,1,218.23460000,138.8700
1626074562873000,1,15.31829883,138.8700
1626074635391000,1,4.60000000,138.6200
1626074703400000,0,7.17850000,138.8200
1626074703759000,0,7.18630000,138.8600
1626074703759000,0,52.00000000,138.8700
1626074714360000,1,4.97360000,138.7800
1626074714367000,1,1.78460000,138.8200
1626074714402000,1,5.41380000,138.8200
1626074714402000,1,2.67934898,138.8200
1626074714486000,1,1.72540838,138.7800
1626074714612000,1,17.41777468,138.7200
1626074714612000,1,2.67934898,138.6900
1626074714612000,1,30.90287634,138.6800
1626074714789000,0,2.71565063,138.6900
1626074714790000,0,6.78917845,138.6900
1626074715074000,1,28.73848976,138.7300
1626074716331000,1,2.48718458,138.6100
1626074716339000,1,17.70879415,138.6100
1626074716394000,1,1.80402127,138.6100
1626074716895000,1,9.07604472,138.5500
1626074717240000,1,1.53467832,138.5500
1626074765326000,0,44.00000000,138.3900
1626074775772000,0,2.40000000,138.3000
1626074792267000,1,47.62288425,138.1500
1626074793884000,1,22.00000000,138.1300
1626074822139000,0,28.23520000,138.2700
1626074867547000,0,41.00000000,138.4200
1626074867625000,0,7.20410000,138.4300
1626074899945000,0,7.20330000,138.5300
1626075041357000,0,47.00000000,138.5300
1626075213168000,0,1.00000000,138.3700
1626075260213000,0,57.00000000,138.3100
1626075321781000,1,7.19350000,138.2700
1626075439672000,0,63.00000000,138.3500
1626075505371000,1,22.00000000,138.5000
1626075505559000,1,1.31000000,138.4800
1626075506274000,1,6.24261900,138.4000
1626075506417000,1,2.49697345,138.3900
1626075506444000,1,1.43320127,138.3900
1626075506486000,1,10.57877600,138.3900
1626075514821000,1,22.00000000,138.1800
1626075545121000,1,1.13000000,138.2000
1626075849772000,0,8.50000000,138.2700
1626075876845000,0,0.00609559,138.2700
1626075912871000,0,1.63544000,138.0200
1626075942865000,1,4.60000000,137.9400
1626075943225000,1,2.52040636,137.9200
1626075980431000,1,6.27563000,137.7600
1626075980481000,1,0.00000539,137.7600
1626075984397000,1,2.48086762,137.6800
1626075984710000,1,6.20210000,137.6600
1626075984863000,1,0.00008202,137.6600
1626075984863000,1,2.48072331,137.6600
1626075990810000,0,32.00000000,137.7500
1626075990879000,0,4.00000000,137.7500
1626076000401000,1,2.38352464,137.6500
1626076000737000,0,4.77296762,137.6800
1626076000823000,1,7.23650000,137.6200
1626076027140000,0,38.00000000,137.8200
1626076099803000,0,30.11000000,137.8100
1626076099904000,0,32.89000000,137.8100
1626076167463000,0,3.76000000,137.8900
1626076239755000,0,7.21250000,137.9100
1626076426792000,1,15.66023508,137.8200
1626076570518000,1,1.08000000,137.8100
1626076685641000,0,33.32379000,137.8500
1626076890225000,0,7.24910000,137.7600
1626077176818000,0,4.35108807,137.7000
1626077176818000,0,2.88591193,137.7000
1626077176910000,1,0.93750000,137.7200
1626077176962000,1,8.47000000,137.6900
1626077177311000,0,8.59336911,137.7900
1626077177327000,0,6.70369791,137.7900
1626077177334000,0,6.26648226,137.7900
1626077178692000,0,0.93750000,137.9600
1626077178807000,0,7.00760000,137.9500
1626077178848000,0,1.22390000,137.9500
1626077178955000,0,0.38196630,137.9500
1626077178955000,0,1.32703370,138.0000
1626077179468000,0,8.61020048,138.0400
1626077244040000,1,7.21440000,138.0300
1626077421379000,0,21.45000000,138.0500
1626077570569000,1,1.49220000,138.1000
1626077654185000,1,1.47000000,138.1200
1626077819095000,0,10.90317448,138.2900
1626077819095000,0,44.00000000,138.2900
1626077820316000,0,73.03470000,138.2900
1626077949469000,0,7.16440000,138.8500
1626077949469000,0,11.62345571,138.8600
1626077965761000,0,0.36156847,138.8400
1626077967332000,0,59.00000000,138.9800
1626077973464000,0,0.40000000,139.0000
1626077973464000,0,5.00000000,139.0000
1626077973464000,0,0.25000000,139.0000
1626078013850000,0,7.19200000,138.8900
1626078190811000,0,22.00000000,139.1000
1626078190971000,0,39.00000000,139.1200
1626078272287000,1,7.15230000,138.9500
1626078272427000,1,10.72780000,138.9300
1626078272504000,1,6.14250000,138.9400
1626078272506000,1,1.04410000,138.9400
1626078293939000,0,0.36000000,138.9400
1626078293940000,0,0.00188461,138.9400
1626078294362000,0,0.37000000,138.9400
1626078294403000,0,0.00110386,138.9400
1626078407636000,0,22.00000000,138.9800
1626078409129000,0,3.70000000,138.9800
1626078409173000,0,3.70000000,138.9800
1626078409362000,0,3.57406000,138.9800
1626078409661000,0,0.65660000,138.9800
1626078412219000,0,10.36000000,138.9800
1626078428000000,0,12.12000000,138.9900
1626078428113000,0,5.16000000,138.9900
1626078428139000,0,18.72000000,138.9900
1626078443941000,1,8.45590000,139.0000
1626078444081000,1,75.79900000,139.0000
1626078444175000,1,72.20356000,139.0000
1626078444183000,1,2.08900000,139.0000
1626078444189000,1,75.79900000,139.0000
1626078444307000,1,75.79900000,139.0000
1626078444410000,1,75.79900000,139.0000
1626078444523000,1,75.79900000,139.0000
1626078447487000,1,75.79900000,139.0000
1626078447613000,1,75.79900000,139.0000
1626078447725000,1,75.79900000,139.0000
1626078447948000,1,10.80727509,139.0000
1626078447969000,1,75.79900000,139.0000
1626078448050000,1,75.79900000,139.0000
1626078448096000,1,4.00067907,139.0000
1626078448103000,1,4.00000000,139.0000
1626078448143000,1,0.99999999,139.0000
1626078448146000,1,38.54378207,139.0000
1626078448146000,1,49.45621793,139.0000
1626078448149000,1,1.31090000,139.0000
1626078448155000,1,17.96800000,139.0000
1626078448167000,1,75.79900000,139.0000
1626078448213000,1,0.93750000,139.0000
1626078448217000,1,2.27066000,139.0000
1626078448228000,1,9.49392199,139.0000
1626078448229000,1,2.27026150,139.0000
1626078448232000,1,1.10830000,139.0000
1626078448290000,1,1.38000000,139.0000
1626078448308000,1,6.47920085,139.0000
1626078448481000,1,173.04582909,139.0000
1626078449566000,0,0.33000000,138.9500
1626078449566000,0,7.18650000,138.9600
1626078449566000,0,10.82391883,138.9700
1626078449566000,0,13.67614690,139.0200
1626078449566000,0,10.63043946,139.0300
1626078449566000,0,22.00000000,139.0300
1626078449566000,0,2.40000000,139.0400
1626078449566000,0,7.35894720,139.0600
1626078449566000,0,10.78162076,139.0700
1626078449566000,0,32.39390693,139.0900
1626078449566000,0,0.38815878,139.0900
1626078449566000,0,5.57482114,139.0900
1626078449566000,0,13.93103746,139.1000
1626078449566000,0,10.75587663,139.1100
1626078449566000,0,18.25522696,139.1100
1626078495681000,0,12.27000000,138.9000
1626078495681000,0,9.73000000,138.9000
1626078495681000,0,9.85220570,138.9000
1626078499758000,1,1.92496040,138.7800
1626078503887000,1,2.98837771,138.7300
1626078561577000,0,7.18430000,138.7700
1626078561577000,0,10.94004000,138.7700
1626078562235000,0,2.41920000,138.8200
1626078613148000,0,2.73875681,138.7800
1626078613178000,0,8.01459381,138.7800
1626078613275000,0,0.18500000,138.8200
1626078613403000,0,1.02680000,138.8400
1626078613447000,0,1.41710000,138.8500
1626078738263000,0,0.48218527,138.9300
1626078741332000,1,1.26069950,138.8100
1626078769551000,0,7.16650000,138.9700
1626078804326000,1,0.48218527,138.9500
1626078882409000,1,2.09930000,139.0100
1626078882420000,0,7.15310000,139.0400
1626078882437000,1,51.00000000,139.0000
1626078882532000,1,51.00000000,139.0000
1626078882554000,1,123.00000000,139.0000
1626078882557000,1,119.80000000,139.0000
1626078882603000,1,0.93750000,139.0000
1626078882632000,1,290.60000000,139.0000
1626078882652000,1,18.12434000,139.0000
1626078882664000,1,10.78128049,139.0000
1626078882686000,1,0.79469145,139.0000
1626078882692000,1,0.41528692,139.0000
1626078882703000,1,75.79900000,139.0000
1626078882713000,1,10.44488060,139.0000
1626078882728000,1,10.82991252,139.0000
1626078882735000,1,72.32249485,139.0000
1626078882773000,1,24.24236935,139.0000
1626078882792000,1,17.98278037,139.0000
1626078882795000,1,6.10999999,139.0000
1626078882804000,1,16.93042171,139.0000
1626078882807000,1,0.68153059,139.0000
1626078882807000,1,75.11746941,139.0000
1626078882832000,1,9.69275178,139.0000
1626078882859000,1,8.02128210,139.0000
1626078882867000,1,88.00000000,139.0000
1626078882874000,1,9.83859777,139.0000
1626078882885000,1,26.17256574,139.0000
1626078882894000,1,125.87499003,139.0000
1626078882948000,1,0.89479136,138.9300
1626078882955000,1,1.02019325,138.9300
1626078882955000,1,1.91506723,138.9300
1626078882955000,1,2.27568865,138.9200
1626078883066000,1,37.72431135,138.9200
1626078884180000,1,22.00000000,138.7700
1626078884180000,1,7.16640000,138.7600
1626078905675000,0,7.18610000,138.9800
1626078905848000,0,7.28234688,139.0400
1626078906084000,0,7.28234688,139.0700
1626078906181000,0,7.28234688,139.1000
1626078906736000,0,7.29544546,139.1600
1626078912476000,0,22.00000000,139.3200
1626078912476000,0,7.16720000,139.3200
1626078912476000,0,6.30094918,139.3200
1626078912476000,0,45.73763862,139.3300
1626078912476000,0,7.18645307,139.3300
1626078912476000,0,2.40000000,139.3300
1626078912476000,0,30.00000000,139.3300
1626078912476000,0,4.60000000,139.3500
1626078912476000,0,15.75453276,139.3600
1626078912476000,0,14.44982904,139.3700
1626078912476000,0,10.55766539,139.3800
1626078929840000,1,22.00000000,139.1100
1626078935013000,0,7.15330000,139.2200
1626078952157000,0,15.00000000,139.2400
1626079073770000,0,7.17660000,139.2200
1626079073770000,0,5.80243194,139.2300
1626079073770000,0,1.36877315,139.2400
1626079074117000,1,5.80000000,139.2400
1626079074128000,1,5.03740000,139.2400
1626079074128000,1,0.76260000,139.2400
1626079074152000,0,5.80243194,139.2700
1626079074220000,1,1.58314198,139.2700
1626079131887000,1,22.00000000,139.0500
1626079165447000,1,1.00000000,139.0900
1626079172709000,0,1.00000000,139.1700
1626079278014000,1,54.47224000,138.8500
1626079278090000,1,5.31199043,138.8500
1626079278176000,1,2.37786424,138.8500
1626079281329000,1,12.08835932,138.8500
1626079282326000,1,0.24176719,138.8500
1626079286864000,1,0.00493402,138.8500
1626079295511000,0,5.54418671,138.8500
1626079399840000,1,10.72000000,138.9400
1626079400154000,1,3.48000000,138.9400
1626079400161000,1,0.00929567,138.9400
1626079625029000,1,14.63000000,138.8800
1626079625035000,1,0.00393012,138.8800
1626079643885000,1,0.85750000,138.8000
1626079700931000,0,7.17080000,138.8200
1626079700974000,0,10.77324785,138.8300
1626079701011000,1,0.93750000,138.8200
1626079701022000,0,4.48195117,138.8200
1626079701097000,0,13.54758443,138.8500
1626079701162000,0,5.41945117,138.8500
1626079701273000,0,35.22305438,138.9000
1626079701273000,0,2.30629215,138.9100
1626079701398000,0,2.98853676,138.9000
1626079701411000,0,2.43091441,138.9000
1626079701411000,0,13.54758443,138.9000
1626079739598000,1,7.16450000,138.7400
1626079739803000,1,2.67922077,138.6800
1626079739844000,1,1.52210000,138.6500
1626079739901000,1,2.78690000,138.6500
1626079739920000,1,2.38909483,138.6500
1626079740157000,1,2.67922077,138.6500
1626079740157000,1,2.67922077,138.6400
1626079740157000,1,1.82095846,138.6300
1626079740215000,1,2.14225910,138.6300
1626079740256000,1,2.67922077,138.6300
1626079740288000,1,0.53696167,138.6300
1626079740777000,1,5.35902224,138.6300
1626080118820000,1,0.74758301,138.2100
1626080206851000,1,16.61500000,138.4100
1626080207917000,1,10.88000000,138.3700
1626080208758000,1,3.14000000,138.3700
1626080209501000,1,33.27000000,138.3700
1626080209595000,1,0.00100000,138.3700
1626080914358000,1,0.37920663,138.7200
1626081065567000,1,44.00000000,138.7200
1626081065646000,1,0.72000000,138.7200
1626081101653000,1,11.88700000,138.6400
1626081148726000,0,7.19000000,138.7600
1626081349173000,0,6.64360000,138.6800
1626081455175000,1,4.60000000,138.4100
1626081482362000,1,4.60000000,138.2500
1626081796774000,1,0.26900800,137.9600
1626081799259000,0,2.40000000,138.0300
1626081799304000,0,6.05380495,138.0400
1626081799307000,0,15.94619505,138.0400
1626081799307000,0,10.72623876,138.0400
1626081799307000,0,7.25060249,138.0500
1626081799307000,0,3.84666972,138.0600
1626081799307000,0,1.50000000,138.0600
1626081799307000,0,7.20550000,138.0700
1626081799307000,0,22.00000000,138.0700
1626081799307000,0,9.61547805,138.0700
1626081799307000,0,10.82850521,138.0800
1626081799307000,0,53.41675680,138.0900
1626081799307000,0,17.99335392,138.1100
1626081799394000,0,7.00637577,138.1100
1626081799413000,0,10.99044308,138.1200
1626081800128000,1,2.40000000,138.2200
1626081800317000,1,2.40000000,138.2200
1626081801083000,0,0.23499000,138.3400
1626081801326000,1,10.15480081,138.2100
1626081801697000,1,2.39999999,138.2200
1626081833457000,1,7.21300000,138.2100
1626081833457000,1,30.00000000,138.2100
1626081833679000,1,2.65406053,138.1900
1626081833716000,1,0.00000001,138.1900
1626081938760000,0,13.62000000,138.1900
1626082011342000,1,0.89000000,138.1800
1626082011352000,1,5.43000000,138.1800
1626082011395000,1,10.72400000,138.1800
1626082026996000,1,48.51100000,138.0900
1626082069573000,1,0.88960233,137.9800
1626082095406000,1,22.00000000,138.0600
1626082095442000,1,7.19570000,138.0500
1626082095442000,1,21.25500000,138.0400
1626082096024000,1,2.62752282,137.9500
1626082096024000,1,3.57277868,137.9500
1626082096026000,1,2.99444598,137.9500
1626082096389000,1,2.62752282,137.9100
1626082096389000,1,6.56722466,137.9100
1626082096389000,1,1.59058415,137.9000
1626082096726000,0,2.40000000,137.9800
1626082100772000,1,22.00000000,137.9400
1626082100772000,1,3.00000000,137.9300
1626082113586000,0,1.62785813,138.0900
1626082114277000,0,11.00000000,138.1000
1626082589629000,0,2.40000000,138.0400
1626082589629000,0,22.00000000,138.0500
1626082589629000,0,1.44971938,138.0500
1626082589629000,0,13.68934478,138.0700
1626082589629000,0,30.00000000,138.0700
1626082589629000,0,7.20840000,138.0800
1626082589629000,0,10.84588644,138.0800
1626082589629000,0,192.58360000,138.1100
1626082589629000,0,44.99249650,138.1100
1626082589629000,0,10.91442223,138.1200
1626082589629000,0,7.24764187,138.1200
1626082589629000,0,59.40000000,138.1200
1626082589629000,0,0.38088861,138.1300
1626082589629000,0,1.44503698,138.1400
1626082590038000,0,1.44971938,138.0500
1626082590038000,0,2.40000000,138.0500
1626083051923000,1,0.54009000,137.8500
1626083059414000,1,26.36000000,137.8000
1626083222100000,1,1.14601200,137.9300
1626083440875000,0,8.00000000,138.0000
1626083526164000,1,28.57000000,137.9200
1626083588721000,1,0.00300000,137.9200
1626083589958000,1,27.78444000,137.8800
1626083590885000,1,8.42140000,137.8800
1626083590990000,1,8.48516000,137.8800
1626083596916000,0,2.40000000,137.8400
1626083675198000,1,0.33664960,137.8100
1626083699209000,1,0.00687040,137.8100
1626083750114000,1,20.06825899,137.6100
1626083915164000,1,0.33450029,137.4700
1626083915164000,1,14.59549971,137.4700
1626083935627000,0,1.15431000,137.2900
1626083936380000,0,0.00000832,137.2900
1626084023191000,1,31.00000000,137.0000
1626084023417000,1,154.88000000,137.0000
1626084025423000,1,65.19000000,137.0000
1626084032433000,1,0.00985401,137.0000
1626084032433000,1,21.99014599,137.0000
1626084092272000,1,40.71000000,136.8400
1626084124359000,0,13.43980000,136.8200
1626084179363000,0,1.77130000,136.9100
1626084179497000,0,0.00004925,136.9100
1626084274978000,1,0.36291000,136.8000
1626084387378000,1,7.72234111,136.7300
1626084387409000,1,11.13063854,136.7300
1626084387428000,1,34.66702035,136.7300
1626084390863000,1,14.22000000,136.6500
1626084432410000,1,0.00700000,136.6500
1626084435712000,1,1.01600000,136.4500
1626084448531000,0,4.79344578,136.5000
1626084448933000,0,2.40000000,136.4700
1626084448933000,0,2.39344578,136.4800
1626084691240000,0,22.00000000,137.0500
1626084691240000,0,1.19682860,137.0600
1626084691240000,0,7.30161878,137.0700
1626084691240000,0,4.50155262,137.0700
1626084801502000,1,10.81986877,136.8200
1626084941327000,1,0.35752000,136.6500
1626085249214000,0,7.30142254,137.0800
1626085249214000,0,7.26609746,137.0800
1626085249333000,0,1.00000000,137.0900
1626085249354000,0,0.19665967,137.0900
1626085249499000,0,7.26490000,137.1000
1626085301763000,1,0.40000000,137.0200
1626085396674000,1,20.97800000,137.0200
1626085425668000,1,32.81200000,136.9400
1626085523152000,1,10.12010578,136.8300
1626085605843000,1,7.29940000,136.8500
1626085605843000,1,2.70060000,136.8500
1626085759159000,1,0.16432274,136.8800
1626085788152000,1,0.30679611,136.8800
1626085788177000,1,0.00626115,136.8800
1626085822969000,0,4.90120000,136.6400
1626085823009000,0,0.00000554,136.6400
1626085948886000,0,1.45372196,136.8900
1626086243092000,1,7.26380000,136.8500
1626086421355000,0,10.95748000,136.6600
1626086423386000,1,0.33270020,136.6500
1626086453324000,1,0.00678980,136.6500
1626086483958000,0,10.08193723,136.6900
1626086524206000,1,13.63443639,136.5600
1626086524424000,1,22.86056361,136.5600
1626086524424000,1,23.32943639,136.5600
1626086538640000,0,2.40000000,136.5700
1626086584480000,1,0.00356361,136.5600
1626086716540000,0,6.43120000,136.4500
1626087026718000,1,0.38365717,136.1400
1626087026718000,1,2.40000000,136.1400
1626087026718000,1,0.18025597,136.1300
1626087054780000,1,14.50906585,136.1100
1626087056626000,0,2.40000000,136.1200
1626087056626000,0,2.39999274,136.1200
1626087100326000,1,4.34509654,136.0000
1626087104919000,0,2.40000000,136.1000
1626087104919000,0,2.40046091,136.1100
1626087120997000,1,2.65490000,136.0000
1626087121098000,1,0.00000346,136.0000
1626087121308000,0,4.80094116,136.0600
1626087123323000,0,7.32350000,136.0400
1626087123466000,0,1.16980000,136.0900
1626087123621000,0,0.00003993,136.0900
1626087123724000,0,2.92450000,136.1200
1626087123768000,0,0.00009981,136.1200
1626087123768000,0,1.16970019,136.1400
1626087278473000,0,0.49546000,136.4300
1626087523636000,0,13.39520190,136.6700
1626087523636000,0,17.60479810,136.6700
1626088086854000,1,1.16980000,136.3100
1626088092917000,1,40.14400000,136.2300
1626088092917000,1,13.01904000,136.2300
1626088111833000,1,1.08496000,136.2300
1626088298144000,1,1.11660000,136.1000
1626088298184000,1,47.02386000,136.1000
1626088298220000,1,1.09530000,136.1000
1626088298228000,1,2.07800000,136.1000
1626088298328000,1,1.32110000,136.1000
1626088298341000,1,1.00000000,136.1000
1626088298381000,1,1.41330000,136.1000
1626088298403000,1,1.22820000,136.1000
1626088298426000,1,45.12724029,136.1000
1626088568042000,0,0.59532000,136.2600
1626088568064000,0,0.00000505,136.2600
1626088571774000,1,22.00000000,136.2400
1626088571774000,1,21.00000000,136.2200
1626088571836000,0,1.00000000,136.2200
1626088571844000,0,360.55743679,136.2200
1626088913287000,1,0.46756000,136.4900
1626088942393000,0,3.46401348,136.4400
1626089195761000,0,4.50322486,136.4400
1626089230597000,1,3.37054120,136.3000
1626089407256000,1,0.94388992,136.1400
1626089780340000,1,1.00000000,136.5200
1626090020854000,1,0.37800000,136.2900
1626090086777000,1,0.00020000,136.2900
1626090089373000,1,0.67367934,136.1600
1626090172583000,0,8.25250000,136.2700
1626090172639000,0,17.61993230,136.2700
1626090215507000,1,22.00000000,136.1400
1626090215507000,1,0.48225036,136.1200
1626090431393000,0,31.03313000,136.2400
1626090547782000,0,8.00000000,136.2700
1626091036311000,1,1.54820000,136.2400
1626091036368000,1,0.62200000,136.2400
1626091039616000,1,9.18180000,136.2400
1626091050529000,1,1.05280000,136.2200
1626091050587000,1,41.65420000,136.2200
1626091053726000,1,0.35626000,136.1700
1626091211328000,1,4.60000000,135.8500
1626091251200000,1,22.00000000,135.8800
1626091251200000,1,0.37660368,135.8700
1626091251200000,1,3.53526244,135.8600
1626091339289000,1,14.63000000,135.8700
1626091360445000,1,4.60000000,135.7600
1626091362495000,1,80.38868062,135.7000
1626091380983000,0,22.00000000,135.9400
1626091380983000,0,2.40000000,135.9400
1626091380983000,0,5.60000000,135.9500
1626091399235000,0,2.60100000,135.9800
1626091552373000,1,40.78000000,136.1300
1626091605790000,0,7.32990000,136.2900
1626091673414000,1,2.35200000,136.4100
1626091699418000,1,7.32798074,136.3500
1626091766763000,1,3.00000000,136.3700
1626091921813000,1,0.39304000,136.2400
1626091921813000,1,11.13411142,136.2300
1626091991042000,0,0.84424000,136.2900
1626091991178000,0,0.00000805,136.2900
1626092344355000,1,9.78051848,135.9200
1626092509633000,1,22.00000000,136.1100
1626092509633000,1,2.40000000,136.1100
1626092509695000,0,1.00000000,136.1100
1626092509702000,0,64.60000000,136.1100
1626092793753000,1,0.40298580,135.9500
1626092793769000,1,0.00822420,135.9500
1626093066322000,1,40.52173008,135.6900
1626093066369000,1,40.51921316,135.6900
1626093066726000,1,4.14573227,135.6900
1626093067366000,1,1.00000000,135.6800
1626093067521000,1,14.06500000,135.6800
1626093067672000,1,0.00000108,135.6800
1626093081755000,1,22.00000000,135.6400
1626093081821000,0,1.00000000,135.6400
1626093081822000,0,17.00000000,135.6400
1626093420083000,0,1.00000000,136.0000
1626093970333000,1,0.47577999,135.8500
1626093970346000,1,0.00000001,135.8500
1626094517360000,0,22.00000000,136.6500
1626094517360000,0,7.91831081,136.6600
1626094517360000,0,22.00000000,136.6700
1626094517360000,0,10.89741713,136.6700
1626094517360000,0,7.32271204,136.6800
1626094517360000,0,2.40000000,136.6900
1626094517360000,0,0.37818475,136.7000
1626094517360000,0,46.30471359,136.7000
1626094517418000,1,1.00000000,136.7000
1626094517425000,1,133.23826000,136.7000
1626094517479000,1,7.32271204,136.7000
1626094517481000,1,1.65382716,136.7000
1626094540213000,0,22.00000000,136.7000
1626094764932000,0,7.32000000,136.5200
1626094764976000,0,0.00948378,136.5200
1626094765931000,0,7.32000000,136.5200
1626094765951000,0,0.00948378,136.5200
1626094787111000,0,7.32808416,136.5600
1626094787111000,0,21.99191584,136.5600
1626094787166000,0,0.00808416,136.5600
1626094787215000,0,7.32808416,136.5600
1626094795049000,0,2.10000000,136.5600
1626094797343000,0,5.22000000,136.5600
1626094797467000,0,0.00808416,136.5600
1626094849215000,0,10.98078756,136.3700
1626094924355000,1,1.70000000,136.2200
1626095748171000,1,43.67000000,136.2600
1626095841278000,0,17.12200000,136.4000
1626095841424000,0,34.76300000,136.4100
1626095893091000,1,0.34107920,136.2300
1626095976921000,1,0.00696080,136.2300
1626096004376000,1,5.06000000,136.0300
1626096013105000,1,7.80000000,135.9900
1626096026146000,1,50.70000000,135.9700
1626096141494000,1,11.05000000,135.8500
1626096161333000,1,22.00000000,135.7800
1626096161333000,1,4.60000000,135.7700
1626096774199000,1,22.00000000,135.8100
1626096774266000,0,1.00000000,135.8100
1626096774277000,0,11.00000000,135.8100
1626097137345000,1,1.83850566,136.0900
1626097377527000,1,1.83769479,135.8500
1626097483325000,1,22.00000000,135.7400
1626097483325000,1,10.92014144,135.7400
1626097483325000,1,2.40000000,135.7400
1626097483325000,1,4.60000000,135.7400
1626097483325000,1,1.00572474,135.7300
1626097497593000,1,1.78652703,135.8000
1626097617727000,1,1.77378529,136.0800
1626097617727000,1,0.06309935,136.0800
1626097627881000,1,1.76530918,136.0500
1626097627881000,1,22.00000000,136.0400
1626097627881000,1,2.26389082,136.0300
1626097735449000,0,1.70000000,136.2200
1626097935538000,0,4.27000000,136.2100
1626097935593000,0,17.73000000,136.2100
1626098170508000,0,115.80000000,136.5400
1626098190850000,0,22.00000000,136.6000
1626098376847000,0,7.80000000,136.6000
1626098376998000,0,12.24100000,136.6000
1626098381205000,0,40.68900000,136.6300
1626098401544000,0,36.83880000,136.5700
1626098414672000,1,1.00000000,136.4700
1626098491192000,0,1.00000000,136.5100
1626098491192000,0,19.47398391,136.5100
1626098511903000,1,7.50190000,136.4700
1626098524232000,0,3.87400024,136.4800
1626098524232000,0,22.12599976,136.4800
1626098524299000,0,17.91125000,136.4800
1626098524368000,0,0.00000598,136.4800
1626098552732000,0,99.41563000,136.4800
1626098552745000,0,0.00000925,136.4800
1626098557564000,0,28.96000000,136.4800
1626098558591000,0,48.28000000,136.4800
1626098558713000,0,0.00750008,136.4800
1626098671406000,0,90.52531000,136.5700
1626098672309000,0,0.00000592,136.5700
1626098692122000,1,10.48138080,136.5700
1626098748771000,0,7.29680000,136.6700
1626098834338000,0,0.93750000,136.8200
1626099039182000,0,7.26930000,136.9900
1626099075801000,0,1.00000000,137.0000
1626099120711000,1,8.30337811,136.9400
1626099126593000,1,0.16900000,136.9400
1626099126821000,1,0.00045670,136.9400
1626099372657000,0,22.00000000,136.7200
1626099372657000,0,22.00000000,136.7400
1626099372657000,0,7.28670000,136.7400
1626099372657000,0,2.40000000,136.7500
1626099372657000,0,5.69929079,136.7700
1626099372657000,0,14.43866070,136.7800
1626099372657000,0,6.17534851,136.7800
1626099464227000,1,4.95703827,136.5500
1626099682331000,0,2.00000000,136.7200
1626099682999000,1,3.99900000,136.5900
1626099737872000,0,0.42324000,136.7000
1626099737872000,0,32.91300000,136.7000
1626099737872000,0,21.03376000,136.7000
1626099869761000,1,14.58582789,136.4000
1626099975052000,1,22.00000000,136.5900
1626099975052000,1,30.00000000,136.5800
1626099975052000,1,7.31130000,136.5600
1626099975052000,1,27.33800000,136.5600
1626099975052000,1,1.74652658,136.5400
1626100002059000,0,0.00924000,136.7000
1626100052393000,0,5.00000000,136.7700
1626100320404000,0,0.98744265,136.6400
1626100394499000,1,1.38865992,136.4900
1626100481770000,0,0.50000000,136.5000
1626100919060000,0,0.23813510,136.7000
1626100956553000,0,0.08608490,136.7000
1626100957314000,1,1.00000000,136.6600
1626101132602000,0,0.18620000,136.6600
1626101132825000,0,0.00380000,136.6600
1626101462888000,0,2.60970936,136.7400
1626101497252000,1,0.83100000,136.6600
1626101509245000,1,1.16900000,136.6600
1626102178726000,0,4.79889274,136.1400
1626102178839000,0,2.12449335,136.1400
1626102212073000,1,4.59999999,136.0600
1626102212073000,1,0.00000001,136.0600
1626102212539000,0,2.40000000,136.1000
1626102212550000,1,2.40098952,136.1100
1626102227192000,0,11.09000000,136.2000
1626102227385000,0,3.41007614,136.2000
1626102437285000,0,0.28919800,136.6300
1626102437317000,0,0.00590200,136.6300
1626102646410000,1,13.85190983,136.9500
1626102736034000,0,44.08900000,137.1300
1626102748609000,0,11.71900000,137.3500
1626102750005000,0,1.11749000,137.5800
1626102750044000,0,0.00000292,137.5800
1626102755846000,1,2.26320000,137.9500
1626102755944000,1,62.00000000,137.9500
1626102755950000,1,1.05050000,137.9500
1626102756004000,1,74.88630000,137.9500
1626102771599000,1,2.40000000,138.3500
1626102778102000,0,2.40000000,138.2200
1626102801839000,1,1.60066000,138.6000
1626102801880000,1,0.00000148,138.6000
1626102826350000,1,1.59388050,138.5200
1626102826353000,1,7.63670000,138.5100
1626102826389000,1,6.78742455,138.5100
1626102826418000,1,3.55087545,138.5100
1626102827682000,1,15.00000000,138.3500
1626102827812000,1,17.62006000,138.3700
1626102869731000,0,42.00000000,138.8300
1626102869939000,0,7.17800000,138.8600
1626102884260000,0,1.99485000,139.0000
1626102884484000,0,0.00000130,139.0000
1626102884484000,0,46.69999870,139.0300
1626102914897000,0,8.52212000,139.2400
1626102914993000,0,0.00000712,139.2400
1626102914993000,0,0.99999288,139.2800
1626102929143000,0,26.21499000,139.4400
1626102929211000,0,20.48501000,139.4400
1626102935332000,1,7.15640000,139.3700
1626102935381000,0,0.93750000,139.3600
1626102935452000,1,1.65882454,139.3400
1626102936131000,1,15.00000000,139.2000
1626102965987000,1,22.00000000,139.2600
1626102965987000,1,27.33800000,139.2600
1626102997973000,0,4.80000000,139.4800
1626102998315000,1,1.25348830,139.4800
1626102998358000,0,0.33450000,139.4900
1626102998391000,0,0.00000029,139.4900
1626102998391000,0,0.25000000,139.5000
1626103010072000,0,0.18992000,139.5300
1626103013872000,0,0.00000331,139.5300
1626103016117000,1,1.60696469,139.5400
1626103017296000,1,10.42177584,139.5600
1626103017563000,1,3.95101200,139.5600
1626103034792000,1,30.00000000,139.5600
1626103034792000,1,8.80490000,139.5100
1626103034792000,1,0.38344474,139.4700
1626103034792000,1,1.64065265,139.4600
1626103034792000,1,17.97500000,139.4600
1626103034792000,1,27.33800000,139.4600
1626103034792000,1,4.10187026,139.4600
1626103034792000,1,7.16305024,139.4500
1626103034792000,1,22.00000000,139.4400
1626103034792000,1,2.40000000,139.4400
1626103034864000,0,0.93750000,139.4400
1626103034866000,0,377.25558211,139.4400
1626103050804000,1,19.16527000,139.5800
1626103050859000,1,10.83473000,139.5800
1626103122904000,1,3.84971084,139.6200
1626103124187000,1,15.16669000,139.6200
1626103243936000,1,2.39999999,139.4400
1626103243955000,1,0.00000001,139.4400
1626103306199000,1,2.42916489,139.1100
1626103306386000,1,1.53560000,139.0800
1626103306386000,1,0.00000001,139.0800
1626103306442000,1,0.93750000,139.0500
1626103306447000,1,2.90188617,139.0500
1626103307389000,1,1.53728000,138.9500
1626103307612000,1,42.35639000,138.9700
1626103308208000,1,0.19072000,138.9400
1626103308228000,1,0.00000981,138.9400
1626103308228000,1,2.62178998,138.9300
1626103308243000,1,45.59380000,138.9300
1626103308263000,1,1.78441002,138.9300
1626103348137000,0,0.44000000,138.9400
1626103348140000,0,0.00800000,138.9400
1626103495040000,1,13.13110000,138.4900
1626103577508000,1,0.19000000,138.5500
1626103591668000,0,0.18620000,138.5500
1626103616885000,0,0.00380000,138.5500
1626103616885000,0,0.19000000,138.5500
1626103616885000,0,0.18620000,138.5500
1626103661727000,0,0.00380000,138.5500
1626103661727000,0,0.19000000,138.5500
1626103661727000,0,27.80752000,138.5500
1626103661795000,0,19.63148000,138.5500
1626103661795000,0,23.36500000,138.5500
1626103673967000,1,0.19000000,138.5700
1626103683869000,1,0.19000000,138.6400
1626103693359000,1,0.19000000,138.6800
1626103704773000,1,0.19000000,138.7200
1626103726968000,1,0.19000000,138.8300
1626103743668000,0,0.18620000,138.8300
1626103806002000,1,0.33623554,138.5500
1626103814797000,0,0.18620000,138.5500
1626103814835000,0,0.00380000,138.5500
1626103827272000,0,0.18620000,138.5500
1626103827483000,0,0.00380000,138.5500
1626103835577000,0,0.18620000,138.5500
1626103835594000,0,0.00380000,138.5500
1626103843044000,1,0.19000000,138.6000
1626103852429000,1,0.19000000,138.6500
1626103859753000,0,0.00380000,138.8300
1626103859753000,0,0.19000000,138.8300
1626103859753000,0,0.19000000,138.8300
1626103859753000,0,0.19000000,138.8300
1626103859753000,0,0.19000000,138.8300
1626103859753000,0,0.19000000,138.8300
1626103859753000,0,0.19000000,138.8300
1626103862499000,1,0.19000000,138.7800
1626103871900000,1,0.19000000,138.8400
1626103882284000,1,0.19000000,138.9300
1626103893912000,1,0.19000000,138.9400
1626103904989000,0,0.18620000,138.9400
1626103916626000,0,0.00380000,138.9400
1626103916626000,0,0.18612400,138.9400
1626103916939000,0,0.00387600,138.9400
1626103932300000,1,0.19000000,138.9500
1626103937599000,1,13.04100000,139.0500
1626104138020000,1,10.88410000,139.0600
1626104182757000,1,0.18275469,139.1000
1626104534119000,1,22.00000000,138.9000
1626104534119000,1,2.40000000,138.8900
1626104534119000,1,14.07598962,138.8700
1626104534119000,1,0.38254674,138.8700
1626104534119000,1,0.10446364,138.8600
1626104544128000,0,40.00000000,139.0000
1626104544206000,0,15.84013000,139.0000
1626104544211000,0,0.00000946,139.0000
1626104546987000,0,0.45000000,139.0000
1626104547008000,0,0.00257000,139.0000
1626104591107000,0,13.68000000,139.0800
1626104591154000,0,0.00900000,139.0800
1626104622538000,1,0.19000000,139.1500
1626104623738000,0,1.70000000,139.2700
1626104623950000,0,11.99415000,139.2700
1626104729677000,0,0.19000000,139.2700
1626104729677000,0,0.19000000,139.2700
1626104729677000,0,0.19000000,139.2700
1626104745160000,0,22.00000000,139.4200
1626104764589000,1,15.40210000,139.5200
1626104816511000,1,1.00000000,139.5000
1626104816518000,1,2.17103942,139.5000
1626104872794000,1,15.70100000,139.1800
1626104904363000,0,0.88000000,138.9100
1626104904421000,0,0.00474985,138.9100
1626104912811000,1,0.28499698,138.8600
1626104912934000,1,0.71240000,138.8200
1626104916743000,0,3.93000000,138.9700
1626104916783000,0,3.93000000,138.9700
1626104956467000,0,7.00000000,139.0000
1626104977347000,0,2.03000000,139.1200
1626104977365000,0,22.55000000,139.1200
1626104977367000,0,1.22000000,139.1200
1626104993960000,0,1.89000000,139.1400
1626104994052000,0,28.11000000,139.1400
1626104994052000,0,1.89000000,139.1400
1626104994066000,0,1.89000000,139.1400
1626104997870000,0,1.94000000,139.1400
1626105037592000,1,10.00000069,139.0800
1626105042314000,0,22.00000000,139.2100
1626105138310000,0,17.01000000,139.1100
1626105152126000,1,1.00000000,139.0000
1626105227252000,1,5.00000000,139.1500
1626105303049000,1,7.15960000,139.2700
1626105303049000,1,5.09240000,139.2700
1626105333662000,1,0.32054000,139.0700
1626105333841000,1,0.80136000,139.0400
1626105333953000,1,0.00000543,139.0400
1626105333953000,1,2.08360457,139.0100
1626105512590000,1,0.30367133,138.7500
1626105585390000,0,10.87000000,138.5700
1626105609163000,0,22.00000000,138.4600
1626105624587000,1,1.16535000,138.4300
1626105636568000,1,7.21750000,138.2300
1626105638477000,1,8.47200000,138.1300
1626105642074000,1,0.33133329,137.9900
1626105643483000,1,0.00676190,137.9900
1626105665511000,0,6.86450000,138.3000
1626105711061000,0,8.56140000,138.4800
1626105758408000,0,28.86600000,138.8000
1626105758408000,0,18.45500000,138.8000
1626105794088000,1,1.00000000,138.6000
1626105807049000,1,7.16198000,138.4900
1626105813861000,1,0.00000434,138.4900
1626105813861000,1,7.19419566,138.4500
1626105872257000,1,7.20050000,138.5000
1626105914121000,1,22.00000000,138.3800
1626106032713000,1,0.47702252,138.1700
1626106032713000,1,7.99497748,138.1600
1626106032728000,1,14.00502252,138.1600
1626106032912000,1,1.93622965,138.1500
1626106032918000,1,5.28257035,138.1500
1626106032918000,1,11.01411509,138.1500
1626106032918000,1,1.19255630,138.1500
1626106032918000,1,3.10064639,138.1400
1626106033076000,1,0.66627648,138.1000
1626106033106000,0,0.47702252,138.1100
1626106033107000,0,1.19255630,138.1100
1626106033145000,1,2.49636225,138.1000
1626106033280000,1,1.24633320,138.1000
1626106033320000,1,5.71280921,138.1000
1626106033418000,1,10.96646871,138.0800
1626106034298000,0,2.40000000,138.0300
1626106034298000,0,0.36073964,138.0300
1626106034489000,1,4.92535217,138.0300
1626106041605000,1,0.79863773,137.8000
1626106059641000,0,6.98827714,138.0000
1626106059645000,0,1.60366768,138.0000
1626106079546000,0,0.64000000,138.2100
1626106079845000,0,0.00636000,138.2100
1626106206558000,1,7.22010000,138.0300
1626106242244000,1,1.91170000,137.6400
1626106242322000,1,3.36810000,137.6400
1626106242366000,1,21.63679000,137.6400
1626106242590000,1,2.04620000,137.6500
1626106243866000,1,1.12870000,137.6400
1626106244104000,1,1.23960000,137.6400
1626106244178000,1,1.10350000,137.6400
1626106244216000,1,24.61161000,137.6400
1626106246693000,0,0.38659086,137.5100
1626106253914000,0,10.96819489,137.1500
1626106254092000,1,18.32900000,136.8400
1626106254092000,1,44.64267514,136.8300
1626106254092000,1,14.17718931,136.8300
1626106254092000,1,0.74346620,136.8300
1626106254092000,1,2.10766935,136.8300
1626106254986000,0,8.64899568,137.0700
1626106254986000,0,2.40000000,137.0800
1626106254986000,0,13.35100432,137.0800
1626106255556000,0,1.00000000,137.0900
1626106269613000,0,22.00000000,137.5100
1626106388435000,1,0.98081445,137.1400
1626106388435000,1,22.00000000,137.1400
1626106388435000,1,27.33799555,137.1400
1626106388480000,1,4.00000000,137.1500
1626106388480000,1,7.27580000,137.1300
1626106388767000,1,38.47437000,137.1300
1626106388767000,1,2.45175036,137.1200
1626106419193000,0,15.00000000,137.1500
1626106420184000,0,7.84000000,137.1700
1626106430694000,1,4.91076930,136.9500
1626106430733000,1,2.38183070,136.9500
1626106438729000,1,0.50000000,136.7800
1626106477341000,0,18.27000000,137.0300
1626106492748000,0,4.78667289,136.8800
1626106493221000,0,4.78667289,136.8800
1626106566750000,0,4.79062886,136.6600
1626106574714000,0,4.79109610,136.6400
1626106575262000,0,7.29200000,136.6500
1626106592528000,0,4.79156334,136.6100
1626106596538000,0,21.45000000,136.5100
1626106596823000,0,5.88800000,136.5100
1626106596823000,0,16.48465879,136.5200
1626106605658000,1,0.38762057,136.4400
1626106605658000,1,1.55138845,136.4200
1626106605658000,1,10.83479961,136.4100
1626106614154000,0,1.38437316,136.5600
1626106655981000,0,15.00000000,136.5100
1626106656060000,0,12.33800000,136.5100
1626106764622000,1,7.26850000,136.7400
1626106775020000,1,22.00000000,136.7300
1626106791304000,1,10.81000000,136.6400
1626106796716000,0,13.38287000,136.6900
1626106818680000,0,2.40000000,136.5800
1626106823004000,1,7.31460000,136.3900
1626106823241000,1,2.16500000,136.3300
1626106823711000,0,2.40000000,136.3800
1626106823869000,0,2.40000000,136.4100
1626106824307000,0,10.23958000,136.4300
1626106824832000,0,7.30290000,136.5100
1626106824907000,0,8.69009000,136.5100
1626106830885000,0,8.68946000,136.5000
1626106830972000,0,0.00000273,136.5000
1626106830972000,0,8.68780727,136.5100
1626106834231000,0,8.68589636,136.5200
1626106834231000,0,22.00000000,136.5200
1626106834231000,0,4.11359107,136.5500
1626106834994000,0,8.68589000,136.5400
1626106839653000,0,8.68608131,136.5100
1626106839653000,0,7.29400000,136.5100
1626106840280000,1,8.47200000,136.5200
1626106846102000,0,8.67984000,136.6000
1626106846237000,0,0.00000643,136.6000
1626106846237000,0,14.99999357,136.6100
1626106870258000,0,11.18575000,136.4700
1626106891601000,1,1.38437316,136.4800
1626106914085000,0,6.33653000,136.6600
1626106914315000,0,11.04887000,136.6700
1626106960227000,0,22.00000000,136.6600
1626106964091000,0,11.00717000,136.6700
1626106998524000,0,1.36869832,136.6700
1626107002675000,0,9.55066000,136.6700
1626107034396000,0,11.04338000,136.6700
1626107087397000,0,2.40000000,136.6300
1626107135408000,0,11.06204726,136.6700
1626107256301000,1,7.27570000,136.7500
1626107423594000,0,1.46925650,136.8600
1626107563420000,0,1.70000000,136.7800
1626107620435000,0,0.42000000,136.7300
1626107623647000,0,0.00152000,136.7300
1626107778125000,1,0.38000000,137.0000
1626107786097000,1,0.27300000,136.9800
1626107819041000,1,10.84642360,136.8700
1626107819474000,1,2.30435174,136.8400
1626107819503000,1,3.00782350,136.8400
1626107819567000,1,1.97932476,136.8400
1626107953955000,0,7.31886000,136.7400
1626107954042000,0,0.00000031,136.7400
1626107998509000,0,7.31000000,136.8200
1626108042515000,0,7.31000000,136.8000
1626108042515000,0,0.00466535,136.8000
1626108081243000,0,7.31632097,136.7800
1626108083361000,0,7.31632097,136.7800
1626108083361000,0,11.05014985,136.7900
1626108111821000,0,7.31000000,136.8200
1626108257449000,1,7.29320000,136.3900
1626108281435000,1,7.31050000,136.1800
1626108305593000,0,5.04000000,136.4800
1626108361114000,0,2.40000000,136.2000
1626108380677000,0,7.34651535,136.2500
1626108391952000,1,22.00000000,136.1400
1626108391952000,1,7.33470000,136.1300
1626108391952000,1,1.38358345,136.1200
1626108391952000,1,3.46002507,136.1200
1626108391952000,1,2.40000000,136.1200
1626108391952000,1,13.42169148,136.1100
1626108452901000,0,0.77000000,136.5500
1626108579334000,0,7.32000000,136.6200
1626108586269000,0,0.30930999,136.6900
1626108586303000,0,0.00000001,136.6900
1626108604530000,1,7.30990000,136.5900
1626108604593000,1,13.48234000,136.5800
1626108655028000,1,8.33525901,136.4800
1626108726091000,1,1.40217796,136.4200
1626108726091000,1,13.59782204,136.4100
1626108961888000,1,0.19000000,136.6300
1626108984943000,0,0.19000000,136.6300
1626108984943000,0,0.19000000,136.6300
1626109001749000,0,0.19000000,136.6300
1626109007141000,1,1.82480000,136.5400
1626109007164000,1,0.00003203,136.5400
1626109009402000,1,0.30710000,136.3500
1626109036440000,0,19.77729000,136.3100
1626109037537000,0,8.69777000,136.3400
1626109398747000,0,0.19000000,136.6300
1626109398747000,0,1.27430000,136.6900
1626109398806000,0,0.19001360,136.6900
1626109505373000,0,1.46461393,136.6600
1626109591454000,0,1.46000000,136.6500
1626109591688000,0,1.46420085,136.6900
1626109631781000,0,1.46323942,136.7900
1626109673319000,1,1.16100000,136.6200
1626109673354000,1,6.13670000,136.6200
1626109673458000,1,1.00000000,136.5800
1626109673504000,1,1.83877281,136.5800
1626109786364000,1,1.81340042,136.5300
1626109786427000,1,4.53336834,136.5200
1626109838115000,0,3.05906773,136.4000
1626109899010000,0,0.19000000,136.5200
1626109899010000,0,0.19000000,136.5200
1626110111213000,0,1.00000000,136.3300
1626110145041000,1,7.30550000,136.0500
1626110145041000,1,0.12604974,136.0500
1626110256684000,1,1.00000000,136.0000
1626110256684000,1,8.40791019,136.0000
1626110312721000,0,0.41000000,135.9000
1626110330392000,0,0.00094000,135.9000
1626110330392000,0,0.72906000,135.9400
1626110416358000,1,0.82558970,135.7500
1626110424690000,0,0.81676972,135.8400
1626110429916000,0,0.22084805,135.8400
1626110498601000,0,18.00000000,136.0900
1626110691048000,0,0.27064000,135.8000
1626110752509000,0,22.00000000,135.9200
1626111175439000,0,11.15000000,135.7300
1626111297238000,0,30.00000000,135.4100
1626111297610000,0,130.67000000,135.4200
1626111297610000,0,230.03220000,135.4300
1626111297610000,0,16.50000000,135.4300
1626111435881000,0,1.76000000,135.4300
1626111439036000,0,6.68000000,135.4300
1626111450536000,0,2.40000000,135.3600
1626111467512000,0,2.40000000,135.1000
1626111467581000,1,0.73579816,135.0500
1626111467581000,1,1.83949539,135.0200
1626111467581000,1,4.78268802,134.9900
1626111467581000,1,0.36679010,134.9400
1626111467581000,1,7.38410000,134.9400
1626111467581000,1,3.67898404,134.9300
1626111473949000,0,2.40000000,135.0600
1626111480222000,0,2.40000000,135.1500
1626111532795000,1,7.36020000,135.1700
1626111645803000,0,1.70000000,135.1300
1626111670762000,0,1.00000000,135.2200
1626111670955000,0,7.48000000,135.2200
1626111671046000,0,0.00736740,135.2200
1626111687983000,0,0.34938000,135.3300
1626111696371000,1,1.02540594,135.2600
1626111746541000,0,16.56000000,135.4300
1626111978982000,1,7.33650000,135.4700
1626112014113000,1,7.34490000,135.4900
1626112133719000,0,2.00000000,135.4200
1626112411367000,0,14.60000000,135.4600
1626112714814000,1,14.43503000,135.1800
1626112830853000,0,2.40000000,135.0300
1626112836659000,1,0.93750000,134.9700
1626112875693000,0,0.49000000,135.2500
1626112875749000,0,0.00127000,135.2500
1626112937396000,0,1.00000000,135.1900
1626113114171000,1,7.37500000,135.4100
1626113264741000,0,2.40000000,135.3300
1626113264741000,0,22.00000000,135.3300
1626113283419000,1,0.36905749,135.2200
1626113283867000,1,0.33633790,135.2100
1626113283867000,1,0.00168930,135.2000
1626113285246000,1,0.21411117,135.2000
1626113429353000,1,3.03314486,135.0600
1626113431574000,0,1.17003000,135.0600
1626113432647000,0,0.00000460,135.0600
1626113557692000,0,7.40000000,135.1600
1626113697138000,1,0.32311457,134.8400
1626113697138000,1,1.04558375,134.8300
1626113717700000,0,7.41804208,134.9200
1626113717700000,0,2.39195792,134.9200
1626113814236000,0,1.70000000,134.3800
1626113874042000,0,26.22000000,134.7900
1626113874179000,0,4.13600000,134.7900
1626113893536000,0,7.90762000,134.9000
1626113893896000,0,0.16138000,134.9000
1626113994069000,1,0.81476972,134.7200
1626114004325000,0,0.80566471,134.8700
1626114068397000,1,7.39440000,134.6000
1626114068397000,1,15.14396036,134.5900
1626114322564000,0,0.61000000,134.8200
1626114331054000,0,0.00088000,134.8200
1626114457845000,0,7.40000000,135.1300
1626114592375000,0,0.00441995,135.1600
1626114592375000,0,7.40373248,135.1800
1626114592375000,0,2.40000000,135.1800
1626114592375000,0,7.36780000,135.2000
1626114592375000,0,31.12404757,135.2100
1626114615629000,1,0.50000000,134.8200
1626114727287000,0,1.00000000,134.9700
1626114761619000,0,2.40000000,135.0200
1626114900755000,0,1.35413578,134.9200
1626115386333000,0,14.66500000,134.6900
1626115386333000,0,8.80236000,134.6900
1626115387547000,0,8.29730000,134.7000
1626115387848000,0,41.73900000,134.7200
1626115518837000,0,0.45703000,134.8100
1626115652521000,0,8.81465000,134.4800
1626115919020000,1,7.43480000,134.2000
1626115987361000,0,1.70000000,134.3800
1626116113197000,1,7.40720000,134.1300
1626116128201000,1,3.25000000,133.7600
1626116128212000,1,0.00143831,133.7600
1626116129812000,0,2.40000000,133.7800
1626116136863000,0,2.40000000,133.8100
1626116137061000,0,8.85748000,133.8300
1626116144054000,1,7.45400000,133.6400
1626116149443000,1,14.08000000,133.5500
1626116179734000,1,1.00000000,133.2500
1626116180110000,1,1.99565000,133.2600
1626116180617000,1,1.99560000,133.2500
1626116187634000,0,2.40000000,133.3200
1626116193431000,1,0.37450000,133.2500
1626116341452000,1,22.00000000,133.6900
1626116349083000,1,4.00000000,133.7200
1626116364911000,0,7.43300000,134.0700
1626116364921000,0,8.84690000,134.0800
1626116366416000,0,8.84426000,134.1100
1626116366480000,0,0.00000795,134.1100
1626116402218000,1,56.06598252,134.0400
1626116432133000,1,48.27000000,133.9400
1626116432270000,1,0.00832970,133.9400
1626116432270000,1,53.24311820,133.9300
1626116444108000,0,1.70000000,134.1000
1626116459924000,1,3.37990146,134.2900
1626116469487000,0,7.45020000,134.3800
1626116469909000,1,21.45000000,134.3800
1626116495329000,1,0.97500000,134.5600
1626116499503000,1,0.02500000,134.5600
1626116499503000,1,22.00000000,134.5600
1626116499503000,1,8.21771702,134.5500
1626116499758000,1,30.00000000,134.5500
1626116499758000,1,0.24271702,134.5400
1626116526647000,1,21.56000000,134.5700
1626116526662000,1,0.44000000,134.5700
1626116557647000,1,157.92680000,134.7300
1626116557647000,1,18.40146400,134.7300
1626116557680000,1,3.59853600,134.7300
1626116580976000,0,36.10600000,134.8200
1626116587411000,0,17.78400000,134.9000
1626116588655000,1,5.07640000,134.8500
1626116588672000,1,5.07640000,134.8500
1626116588707000,1,2.53820000,134.8500
1626116855932000,0,7.41600808,134.9500
1626116911071000,0,7.40000000,135.1300
1626116911120000,0,0.00678003,135.1300
1626116911283000,0,11.08850080,135.1400
1626116985764000,1,2.46483161,135.1900
1626116987476000,1,0.20000000,135.1900
1626117010547000,0,10.35000000,135.2300
1626117092509000,0,7.40541464,135.1600
1626117147970000,1,7.39570000,135.0400
1626117152353000,0,7.40000000,135.0800
1626117234793000,1,0.64065994,134.8700
1626117257903000,0,13.87000000,135.0800
1626117341766000,0,7.26360785,135.0300
1626117366546000,1,7.37350000,134.8800
1626117524238000,1,7.39010000,134.6700
1626117607690000,0,0.24500000,134.6400
1626117782801000,0,2.16600000,134.3500
1626117782896000,0,55.48600000,134.3500
1626117972367000,0,36.86000000,134.4200
1626118080659000,1,18.02000000,134.1900
1626118080792000,1,0.00300000,134.1900
1626118130310000,0,22.00000000,134.2700
1626118130627000,0,7.45291583,134.2800
1626118130627000,0,2.54711789,134.2900
1626118160914000,1,7.43160000,134.0200
1626118211444000,1,7.43670000,133.8000
1626118211542000,1,14.75570000,133.7900
1626118396114000,1,11.20448000,133.4600
1626118462637000,0,44.57132207,133.6400
1626118462637000,0,20.66857356,133.6400
1626118462647000,0,1.33142644,133.6400
1626118489148000,1,17.00000000,133.1900
1626118489652000,1,1.00000000,133.1700
1626118496692000,0,5.40000000,133.0700
1626118507125000,0,7.49340000,133.3400
1626118507125000,0,57.93727000,133.3500
1626118507206000,0,26.56933000,133.3500
1626118507557000,0,7.49340000,133.3500
1626118638641000,1,7.47060000,133.6500
1626118691038000,0,39.95000000,133.7400
1626118691131000,0,6.34500000,133.7400
1626118703206000,0,15.53650000,133.8200
1626118703235000,0,0.72850000,133.8200
1626118715038000,1,7.46560000,133.7400
1626118746637000,1,7.46010000,133.8300
1626118765105000,1,2.37580000,133.9200
1626118784061000,1,7.46286000,133.8900
1626118784485000,1,0.00000184,133.8900
1626118844156000,1,7.40340000,134.2500
1626118854206000,1,7.41970000,134.2200
1626118854940000,1,14.56424000,134.2100
1626118900929000,1,7.44536000,134.2200
1626118905488000,1,7.44722443,134.1800
1626118991477000,1,7.45780000,133.9300
1626118996295000,1,17.09005000,133.8500
1626118996351000,1,11.40995000,133.8500
1626119075773000,1,1.60459593,133.6600
1626119109856000,1,7.48110000,133.4800
1626119256620000,1,7.47820000,133.4600
1626119262427000,1,1.22986000,133.3600
1626119289276000,1,1.35413578,133.1700
1626119331283000,0,7.48000000,133.5500
1626119335048000,1,7.46300000,133.4000
1626119391847000,1,7.46500000,133.5000
1626119439714000,1,7.47750449,133.6200
1626119465330000,1,7.48405000,133.5200
1626119514244000,1,7.47036000,133.7300
1626119544065000,1,7.47065000,133.7500
1626119544637000,1,0.00000816,133.7500
1626119544637000,1,0.00000618,133.7300
1626119556995000,1,7.47326000,133.7100
1626119557207000,1,0.00000012,133.7100
1626119557207000,1,11.22642988,133.6800
1626119561254000,1,7.47775000,133.6300
1626119564384000,1,0.00000521,133.6300
1626119564384000,1,11.30809479,133.5900
1626119570136000,1,11.22470000,133.4200
1626119570392000,1,18.38008000,133.4100
1626119570506000,1,17.00000000,133.4100
1626119596483000,0,11.18096139,133.5700
1626119605086000,0,6.21303989,133.5700
1626119607900000,0,0.89827083,133.5700
1626119608694000,1,11.12866000,133.5200
1626119609905000,1,7.48676000,133.4700
1626119615205000,0,32.00872789,133.5700
1626119615205000,0,17.67297211,133.5700
1626119629938000,1,18.50900000,133.3900
1626119630833000,1,29.00000000,133.3600
1626119631111000,1,34.00000000,133.3600
1626119651761000,0,2.47976892,133.4500
1626119651769000,0,1.39000000,133.4500
1626119729739000,1,11.24662000,133.4000
1626119832483000,1,1.00000000,133.5000
1626119832590000,1,6.47320000,133.5000
1626119833117000,1,11.15448000,133.4800
1626119851486000,0,0.00002789,133.5700
1626119868042000,0,10.54573170,133.7300
1626119868076000,0,23.69332271,133.7300
1626119868123000,0,17.71211560,133.7300
1626119868169000,0,4.42807570,133.7300
1626119868194000,0,1.23596175,133.7300
1626119874266000,1,7.44700000,133.6200
1626119933826000,0,14.43000000,133.7100
1626119988931000,1,7.45000000,133.5100
1626120002902000,1,2.12632000,133.4100
1626120031174000,0,22.00000000,133.2400
1626120031174000,0,2.40000000,133.2500
1626120031174000,0,8.89819521,133.2800
1626120031174000,0,14.01551201,133.2800
1626120031174000,0,30.00000000,133.2800
1626120031174000,0,23.37352664,133.3000
1626120042560000,1,18.00000000,133.1900
1626120042804000,1,2.40000000,133.1400
1626120043014000,1,2.16772000,133.0800
1626120138124000,1,7.50393000,133.1500
1626120140488000,1,7.50000000,133.0500
1626120140536000,1,0.00910077,133.0500
1626120140580000,1,4.60000000,133.0300
1626120140580000,1,37.54550383,133.0000
1626120140580000,1,13.93771837,132.9900
1626120140952000,1,11.20715574,132.9800
1626120141081000,1,2.22623000,132.9900
1626120164753000,1,4.60000000,132.8900
1626120165406000,1,4.60000000,132.8200
1626120165417000,1,13.43555088,132.8100
1626120188512000,0,7.86970000,133.0000
1626120195480000,1,22.00000000,132.9000
1626120207605000,1,1.94698912,132.8700
1626120219760000,1,14.58329000,132.7700
1626120225388000,1,39.17604000,132.6800
1626120226339000,1,4.60000000,132.5900
1626120236859000,0,4.68718528,132.7600
1626120236897000,0,7.30917037,132.7600
1626120237434000,0,1.71949658,132.7600
1626120238598000,1,7.53043000,132.6400
1626120250043000,1,7.52833000,132.6800
1626120253712000,1,0.00000744,132.6800
1626120253712000,1,0.00000070,132.6400
1626120253712000,1,13.94776186,132.6300
1626120268895000,1,7.54153000,132.4600
1626120273176000,0,11.63271444,132.6500
1626120273208000,0,3.00442747,132.6500
1626120274696000,1,12.00000000,132.5300
1626120337194000,1,7.53854000,132.5300
1626120364159000,1,4.60000000,132.4900
1626120365477000,1,14.34300000,132.4600
1626120371582000,1,11.38028000,132.4000
1626120371703000,1,0.00000700,132.4000
1626120378633000,0,3.22741889,132.5300
1626120389923000,1,7.53992867,132.4900
1626120389923000,1,8.46007133,132.4900
1626120389947000,1,11.38559673,132.4700
1626120390071000,1,0.93750000,132.4300
1626120390986000,1,15.00000000,132.3300
1626120476665000,0,1.70000000,132.4600
1626120557396000,0,5.24660880,132.3000
1626120557546000,0,3.80256050,132.3000
1626120557575000,0,15.95083070,132.3000
1626120643833000,0,0.27200000,132.4300
1626120643981000,0,2.67000000,132.4300
1626120644537000,0,7.77299826,132.4600
1626120644563000,0,1.51000000,132.4600
1626120644628000,0,3.67100174,132.4600
1626120644628000,0,1.85976521,132.4600
1626120644675000,0,2.65290553,132.4600
1626120646593000,1,11.48371987,132.3700
1626120646593000,1,7.54817497,132.3600
1626120646593000,1,27.33800000,132.3500
1626120646593000,1,22.00000000,132.3400
1626120646593000,1,0.38803473,132.3300
1626120646593000,1,2.40000000,132.3300
1626120646593000,1,11.38009220,132.3100
1626120646593000,1,14.51444275,132.3100
1626120646593000,1,37.74215894,132.3100
1626120646593000,1,44.57566664,132.3000
1626120646593000,1,0.38541130,132.2900
1626120646593000,1,172.64630000,132.2900
1626120646593000,1,11.39487411,132.2700
1626120646593000,1,59.40000000,132.2700
1626120646593000,1,0.37475634,132.2400
1626120646593000,1,56.62428036,132.2400
1626120646593000,1,11.33706419,132.2300
1626120646593000,1,4.60000000,132.2000
1626120646593000,1,11.40290490,132.1900
1626120646593000,1,232.71900000,132.1800
1626120646593000,1,57.00000000,132.1800
1626120646593000,1,57.47194175,132.0600
1626120646815000,1,0.93700000,132.3400
1626120646867000,1,0.00050000,132.3400
1626120647057000,1,11.86700000,132.2400
1626120647256000,1,14.73000000,132.2400
1626120647270000,1,34.00000000,132.2400
1626120647275000,1,43.41288000,132.2400
1626120651817000,1,11.29514650,132.0700
1626120651817000,1,22.00000000,132.0600
1626120651817000,1,29.50000000,132.0500
1626120651817000,1,22.00000000,132.0400
1626120651817000,1,27.33800000,132.0400
1626120651817000,1,11.26562144,132.0300
1626120651817000,1,0.36115261,132.0300
1626120651817000,1,4.60000000,132.0100
1626120651817000,1,2.40000000,132.0100
1626120651817000,1,11.47359648,131.9900
1626120651817000,1,0.38598511,131.9900
1626120651817000,1,11.45688086,131.9600
1626120651817000,1,0.36964811,131.9500
1626120651817000,1,59.40000000,131.9500
1626120651817000,1,0.34757629,131.9200
1626120651817000,1,11.41412993,131.9200
1626120651817000,1,13.80000000,131.9100
1626120651817000,1,140.29233551,131.8300
1626120651817000,1,46.50000000,131.7700
1626120651817000,1,173.85452988,131.7600
1626120651817000,1,118.80000000,131.7400
1626120651817000,1,1.60437157,131.6800
1626120651817000,1,60.00000000,131.6700
1626120651817000,1,17.35736325,131.6600
1626120652162000,1,11.86700000,131.9600
1626120664853000,1,22.00000000,131.9200
1626120668212000,1,11.43111682,131.8600
1626120668498000,1,11.43111000,131.8600
1626120671230000,0,2.00000000,131.9800
1626120677595000,1,22.00000000,131.8700
1626120677595000,1,11.39417607,131.8700
1626120677595000,1,25.04171393,131.8700
1626120688378000,0,1.62536111,132.0400
1626120689263000,0,22.51932125,132.0400
1626120696886000,1,27.33800000,131.9600
1626120697003000,1,11.47593000,131.9500
1626120697133000,1,0.00000785,131.9500
1626120697133000,1,11.25084215,131.9100
1626120698699000,1,11.34756000,131.8300
1626120711108000,1,11.22241600,131.8700
1626120711108000,1,5.36524400,131.8700
1626120725623000,0,2.49659762,132.0700
1626120730327000,0,3.40129589,132.0600
1626120730340000,0,1.66452296,132.0600
1626120731976000,0,4.23664700,132.0600
1626120733620000,0,0.72439704,132.0700
1626120733631000,0,1.12344592,132.0700
1626120733809000,0,0.72439704,132.0700
1626120752022000,0,1.70449587,132.1500
1626120752956000,0,3.55173413,132.1500
1626120757236000,0,7.00000000,132.3100
1626120757268000,0,0.85649832,132.3100
1626120757272000,0,1.10762626,132.3100
1626120757875000,0,2.44962898,132.3500
1626120757894000,0,6.66725138,132.3500
1626120757913000,0,1.16699548,132.3500
1626120757919000,0,3.68066509,132.3500
1626120757919000,0,5.28345949,132.3500
1626120757973000,0,11.23000000,132.3500
1626120758053000,0,2.88146632,132.3500
1626120758160000,0,25.60426831,132.3500
1626120758166000,0,0.48096566,132.3500
1626120766445000,1,11.29849000,132.2300
1626120769887000,0,19.02774400,132.3200
1626120783565000,0,6.25654632,132.3800
1626120805267000,0,0.91758311,132.5700
1626120805311000,0,17.06583689,132.5700
1626120826390000,1,7.54079000,132.4500
1626120827108000,1,11.18626000,132.3900
1626120839581000,0,1.90008456,132.5900
1626120866943000,1,11.36655000,132.5600
1626120867103000,1,0.00000098,132.5600
1626120867103000,1,7.53694902,132.5500
1626120880469000,0,12.20593938,132.6700
1626120880604000,0,5.08790751,132.6700
1626120901213000,1,7.53384000,132.6200
1626120901274000,1,0.00000014,132.6200
1626120901274000,1,11.41654986,132.6100
1626120901667000,1,13.63625000,132.5800
1626120901786000,1,0.00000482,132.5800
1626120901786000,1,11.44828518,132.5700
1626120902439000,1,0.00000548,132.5500
1626120902439000,1,4.59999452,132.5300
1626120902769000,1,11.20247000,132.4800
1626120912319000,0,0.37977796,132.6100
1626120934610000,0,6.69878997,132.7600
1626120956238000,0,6.44259164,132.8600
1626120956337000,0,1.74687000,132.8600
1626120962226000,1,7.52785000,132.7100
1626120965159000,1,0.00000832,132.7100
1626120965159000,1,11.16774168,132.6900
1626120971679000,1,11.43002000,132.6900
1626120974641000,0,9.47363637,132.8100
1626120974685000,0,5.22228432,132.8100
1626121007075000,1,2.40000000,132.9800
1626121010482000,1,1.21667190,132.9000
1626121030806000,1,6.29907000,132.9000
1626121036533000,1,0.00000135,132.9000
1626121036533000,1,11.15542865,132.8500
1626121064019000,1,11.12059000,133.0100
1626121064214000,1,0.00000242,133.0100
1626121064214000,1,11.25731758,133.0000
1626121076378000,0,0.26966966,133.2000
1626121080265000,1,0.40329034,133.0400
1626121081746000,1,7.10636000,133.0400
1626121083144000,1,0.00000662,133.0400
1626121083144000,1,7.50964338,133.0400
1626121108249000,1,0.00001358,133.0400
1626121144446000,1,7.51330000,132.9900
1626121144887000,1,0.00000502,132.9900
1626121144887000,1,11.44881498,132.9700
1626121146015000,1,7.51330000,132.9900
1626121148788000,1,0.00000502,132.9900
1626121148788000,1,7.51329498,132.9900
1626121151089000,1,0.00001004,132.9900
1626121151089000,1,7.51329996,132.9900
1626121151825000,1,0.00000506,132.9900
1626121152154000,1,7.51547343,132.9400
1626121152403000,1,11.26156000,132.9300
1626121167386000,1,11.20286000,132.8500
1626121174842000,1,1.00000000,132.8500
1626121182549000,1,7.52617000,132.7300
1626121185079000,1,11.25903000,132.7000
1626121185323000,1,7.52967000,132.6700
1626121190353000,0,1.86155426,132.7100
1626121190890000,1,0.78200715,132.5700
1626121193967000,0,12.35482077,132.7900
1626121193968000,0,1.87842505,132.7900
1626121194052000,0,3.94225001,132.7900
1626121194095000,0,2.94615999,132.7900
1626121194095000,0,4.80538221,132.8000
1626121194351000,0,1.20000000,132.8000
1626121207675000,0,1.36003990,132.8000
1626121224626000,0,6.88841767,132.8300
1626121229424000,1,11.37401000,132.7500
1626121240397000,1,11.39393000,132.6100
1626121240584000,1,7.53609000,132.5800
1626121325388000,0,11.43145730,132.6000
1626121326009000,0,3.77828919,132.6200
1626121342871000,1,11.27349000,132.4700
1626121366160000,1,11.34425000,132.4900
1626121369813000,1,7.54365000,132.4500
1626121371194000,1,0.00000719,132.4500
1626121374629000,1,14.29947000,132.3300
1626121379814000,0,22.00000000,132.3000
1626121402527000,0,5.81834668,132.2400
1626121417128000,0,0.27000000,132.2400
1626121422175000,0,0.20000000,132.2400
1626121425248000,0,0.20400000,132.2400
1626121425248000,0,1.36900000,132.2700
1626121432812000,1,2.40000000,132.2500
1626121432812000,1,11.47485821,132.2500
1626121432812000,1,22.00000000,132.2500
1626121432904000,0,188.84997952,132.2500
1626121432964000,0,11.73280000,132.2500
1626121432966000,0,0.93700000,132.2500
1626121432971000,0,37.98610000,132.2500
1626121432972000,0,176.00000000,132.2500
1626121432985000,0,68.00246000,132.2500
1626121433014000,0,7.55399919,132.2500
1626121433213000,0,35.00000000,132.2500
1626121433280000,0,1.01270000,132.2500
1626121433286000,0,42.00000000,132.2500
1626121433298000,0,11.20180961,132.2500
1626121433317000,0,11.48196344,132.2500
1626121433326000,0,2.06760000,132.2500
1626121433328000,0,15.18910674,132.2500
1626121433360000,0,18.83074686,132.2500
1626121433361000,0,25.00000000,132.2500
1626121433372000,0,75.79900000,132.2500
1626121433382000,0,1.37400000,132.2500
1626121433393000,0,2.48630000,132.2500
1626121433399000,0,1.06960000,132.2500
1626121433410000,0,11.39800000,132.2500
1626121433436000,0,24.00000000,132.2500
1626121433446000,0,188.83368400,132.2500
1626121433485000,0,6.31829243,132.2500
1626121435509000,1,2.40000000,132.2600
1626121435509000,1,7.55367000,132.2600
1626121447039000,1,11.45444000,132.2500
1626121447110000,1,0.00000233,132.2500
1626121447110000,1,9.99999767,132.2400
1626121452543000,1,0.00000233,132.2400
1626121452603000,1,11.23552000,132.1700
1626121504571000,1,7.55313746,132.2800
1626121504571000,1,2.39999254,132.2800
1626121507850000,1,7.55579000,132.2300
1626121508529000,1,11.37054000,132.2100
1626121599792000,1,7.55326000,132.2900
1626121613334000,1,0.00000239,132.2900
1626121613334000,1,7.55577761,132.2400
1626121647777000,1,0.00001047,132.2400
1626121663786000,0,11.15443083,132.2400
1626121663813000,0,3.37050000,132.2400
1626121663840000,0,11.00000000,132.2400
1626121663888000,0,5.00420000,132.2400
1626121664046000,0,23.00000000,132.2400
1626121664195000,0,11.20000000,132.2400
1626121664366000,0,11.24716000,132.2400
1626121664399000,0,5.39367999,132.2400
1626121664637000,0,20.66444124,132.2400
1626121664692000,0,7.96557747,132.2400
1626121755622000,1,7.55213000,132.3100
1626121832594000,1,11.15248359,132.6700
1626121876212000,1,22.00000000,132.7500
1626121966638000,1,7.52699000,132.7400
1626122002582000,1,0.00000686,132.7400
1626122002582000,1,7.53181314,132.6700
1626122125881000,1,0.00000575,132.3100
1626122126198000,1,1.51948000,132.2200
1626122276200000,1,7.53210000,132.1100
1626122327894000,0,0.37659109,132.2500
1626122407882000,1,7.54686000,132.4000
1626122423883000,1,1.76097000,132.3800
1626122423949000,1,0.00000775,132.3800
1626122423949000,1,11.22987225,132.3700
1626122424161000,1,1.76097000,132.3700
1626122440650000,0,27.33800000,132.4500
1626122457022000,1,7.53650000,132.3600
1626122477648000,1,7.54950000,132.2100
1626122498802000,0,26.79000000,132.2600
1626122656757000,1,7.53648000,132.5800
1626122674911000,1,7.52110000,132.6900
1626122698141000,1,7.53056000,132.6800
1626122716371000,1,0.00000822,132.6800
1626122718707000,1,0.00000554,132.5800
1626122767602000,1,7.52190000,132.5000
1626122767602000,1,7.54154000,132.5000
1626122867439000,0,4.38088052,132.7100
1626122874019000,1,7.52990000,132.5800
1626122926711000,0,22.00000000,132.6600
1626122926711000,0,27.33800000,132.6700
1626122926711000,0,91.53200000,132.6800
1626122928259000,0,116.49260000,132.6600
1626122928905000,0,2.37000000,132.6600
1626122932988000,0,195.33000000,132.6600
1626122933284000,0,21.56000000,132.6600
1626122935557000,1,1.66434230,132.5700
1626122935557000,1,4.16029127,132.5700
1626122935557000,1,3.93952163,132.5600
1626122954429000,0,0.45111715,132.7300
1626122975920000,0,22.00000000,132.8600
1626122977942000,0,22.00000000,132.8800
1626122988785000,0,22.00000000,132.9000
1626122995124000,0,49.33000000,132.9200
1626123017087000,1,1.63188000,132.8400
1626123020841000,0,6.99441651,132.8900
1626123048839000,0,0.71411338,132.7900
1626123082504000,0,11.64053615,132.7300
1626123095319000,0,27.33800000,132.7500
1626123095319000,0,22.00000000,132.7500
1626123095319000,0,29.99200000,132.7500
1626123120409000,0,71.13000000,132.6500
1626123123136000,0,18.00000000,132.6900
1626123123136000,0,165.99799946,132.7000
1626123239127000,1,1.43509000,132.7000
1626123326000000,1,1.42174763,132.5600
1626123326097000,1,20.96700000,132.5500
1626123326453000,1,7.53940000,132.5300
1626123326590000,1,5.26300000,132.5300
1626123327028000,1,1.57100000,132.5200
1626123327583000,1,5.93170000,132.5200
1626123328992000,1,1.51980000,132.4300
1626123426449000,0,69.07165232,132.5000
1626123431129000,0,2.94198695,132.5600
1626123445185000,0,0.15008673,132.5900
1626123507143000,0,1.30631299,132.6100
1626123515778000,0,3.18219105,132.5700
1626123549319000,0,40.52031498,132.4600
1626123565182000,0,348.92772600,132.5400
1626123775565000,0,1.34533946,132.7100
1626124164603000,1,7.50940000,132.6700
1626124289805000,0,7.53586479,132.8000
1626124289805000,0,2.40000000,132.8000
1626124587599000,1,14.05710000,132.7000
1626125208396000,1,1.29527687,132.5400
1626125208396000,1,22.00000000,132.5200
1626125208418000,0,3.23809452,132.5200
1626125208502000,0,3.46662861,132.5200
1626125298243000,1,4.99828808,132.5800
1626125401626000,1,7.49750000,132.6000
1626125403753000,0,0.46634602,132.6000
1626125404230000,0,2.12017861,132.6000
1626125404726000,0,1.59031322,132.6000
1626125404947000,0,0.71283546,132.6000
1626125405668000,0,5.58549643,132.6000
1626125405949000,0,0.35287002,132.6000
1626125408758000,0,0.46644094,132.6000
1626125409981000,0,0.71300742,132.6000
1626125413062000,0,94.14000000,132.6000
1626125449769000,0,2.71460000,132.5900
1626125451062000,0,42.62000000,132.5900
1626125451337000,0,1.08339611,132.5900
1626125453120000,0,54.98000000,132.5900
1626125511974000,1,4.00271959,132.4800
1626125530386000,0,0.00560418,132.5900
1626125530386000,0,0.00330187,132.6000
1626125530386000,0,2.81132815,132.6200
1626125739792000,1,7.53761017,132.5600
1626125741025000,1,7.53761017,132.5600
1626125741783000,1,7.53761017,132.5600
1626125743845000,1,7.53761017,132.5600
1626125744832000,1,0.54512519,132.5600
1626125886831000,1,0.27467715,132.5800
1626126158977000,0,0.25700000,132.7200
1626126169932000,0,0.24900000,132.7200
1626126450574000,0,0.27124256,132.8700
1626127245802000,1,1.07800000,132.5200
1626127246315000,1,1.75690772,132.5200
1626127262195000,0,13.75000000,132.7100
1626127376611000,0,2.40000000,132.5900
1626127376611000,0,4.60000000,132.6000
1626127393479000,1,1.00000000,132.4900
1626127513370000,1,7.48570000,132.6500
1626127513447000,1,1.05972000,132.6400
1626127522142000,0,2.40000000,132.6900
1626127537605000,1,0.19600000,132.6900
1626127538036000,1,0.00400000,132.6900
1626127719614000,1,14.55386023,132.7400
1626127719614000,1,7.52849977,132.7400
1626127850291000,1,7.48860000,132.8000
1626127982424000,0,4.60000000,133.0300
1626127982954000,0,7.50720000,133.1300
1626127982954000,0,1.88002451,133.1400
1626127988409000,0,5.03180681,133.1500
1626128014826000,1,7.47840000,133.3600
1626128045636000,0,14.32775772,133.4100
1626128050640000,0,14.32378688,133.4900
1626128057257000,1,7.44710000,133.3600
1626128057349000,1,0.97783000,133.3600
1626128117906000,0,204.65722200,132.9900
1626128518744000,0,19.43800000,133.0900
1626128518744000,0,4.60000000,133.0900
1626128581699000,1,1.00000000,133.1900
1626128702717000,1,8.00000000,133.2300
1626128706344000,1,7.86700000,133.2100
1626128821365000,1,8.65560165,133.1100
1626128956734000,0,4.60000000,133.3100
1626128956785000,0,7.48970000,133.3400
1626128957049000,0,6.74856104,133.3800
1626128957055000,0,1.28433364,133.3800
1626128957056000,0,0.86179216,133.3800
1626128957352000,0,8.92560000,133.4100
1626128957420000,0,7.49050000,133.4100
1626128957457000,0,9.98274130,133.4100
1626128957457000,0,28.60115870,133.4100
1626128987503000,0,7.49280000,133.4900
1626128987503000,0,50.47982118,133.5000
1626129249257000,0,0.22603020,133.3500
1626129415010000,0,7.50000000,133.3400
1626129749911000,0,9.77000000,133.3800
1626129770400000,0,7.50000000,133.4100
1626129772469000,0,0.00132297,133.4100
1626129794176000,1,10.00000000,133.4000
1626129971727000,1,7.95452654,133.3900
1626130783634000,0,10.29999447,133.5900
1626130783994000,0,1.72511600,133.6200
1626130827263000,1,0.33089530,133.4500
1626130981230000,0,11.38000000,133.5100
1626131013643000,1,1.59338026,133.4500
1626131013643000,1,3.72331974,133.4400
1626131013814000,1,1.59338026,133.4400
1626131014097000,1,1.70309696,133.4200
1626131014397000,1,5.93918779,133.3800
1626131055074000,0,22.00000000,133.3800
1626131223127000,1,1.45933001,133.3500
1626131223162000,1,7.48650000,133.3500
1626131223347000,1,13.05416999,133.3500
1626131225370000,0,2.03270000,133.4500
1626131245049000,1,2.42000647,133.3600
1626131314851000,1,3.43022749,133.0200
1626131314883000,1,3.65462165,133.0200
1626131314960000,1,16.83963802,133.0200
1626131314996000,1,4.19654298,133.0200
1626131314999000,1,7.47990000,133.0200
1626131315019000,1,5.33578709,133.0200
1626131315021000,1,10.06328277,133.0200
1626131320073000,0,4.11500375,133.1500
1626131575927000,0,1.44365779,132.8100
1626131654177000,0,18.08000000,132.9400
1626132070966000,0,40.00000000,133.6800
1626132070966000,0,16.92232000,133.6900
1626132090023000,1,14.12000000,133.5100
1626132181096000,0,0.64070000,133.4200
1626132419527000,1,1.59340000,133.2400
1626132419871000,1,7.66690235,133.2300
1626132419907000,1,13.02409765,133.2300
1626132666743000,0,4.60000000,133.1600
1626133324378000,0,0.33510630,133.1200
1626133324547000,0,0.00683890,133.1200
1626133922540000,0,1.43060000,133.7500
1626133989651000,1,1.47754360,133.8300
1626134057096000,1,88.00000000,133.7700
1626134143931000,1,22.00000000,133.5400
1626134180706000,0,1.25830000,133.6000
1626134180847000,0,63.74170000,133.6000
1626134368566000,1,7.48040136,133.5600
1626134513489000,1,0.20000000,132.9400
1626134513489000,1,0.20000000,132.9400
1626134597681000,1,0.20000000,132.6900
1626134597681000,1,0.20000000,132.6900
1626134597681000,1,0.19999999,132.6900
1626134597701000,1,0.00000001,132.6900
1626134647214000,1,1.25830000,132.5700
1626134681625000,0,13.59077588,132.5200
1626134681625000,0,23.28922412,132.5200
1626134762233000,0,21.51900000,132.5100
1626134936412000,1,7.52070000,132.8500
1626134970819000,1,22.00000000,132.9600
1626134974599000,1,2.40000000,132.7900
1626134974599000,1,23.40345000,132.7800
1626134974782000,1,2.40000000,132.8000
1626134974782000,1,14.51349058,132.8000
1626134974782000,1,22.00000000,132.7900
1626134974782000,1,8.08650942,132.7800
1626134974909000,1,2.40000000,132.7900
1626134974909000,1,21.91242000,132.7800
1626134996638000,0,57.84000000,133.1500
1626134996758000,0,43.06000000,133.1500
1626134996868000,0,181.63000000,133.1500
1626135003803000,0,14.28092828,133.2100
1626135120753000,0,4.60000000,133.4300
1626135132911000,1,27.71072373,133.5000
1626135133528000,1,0.68999664,133.5300
1626135133739000,1,0.68999664,133.5300
1626135231113000,1,2.40000000,133.7700
1626135231113000,1,2.45481705,133.7700
1626135430927000,1,7.48770000,132.9900
1626135522970000,0,22.00000000,132.8800
1626135522970000,0,5.70150909,132.8800
1626135523212000,0,0.69253840,132.8800
1626135550277000,1,7.51640000,132.6900
1626135652116000,0,0.97000000,132.6300
1626135730223000,1,2.40000000,132.7500
1626136271977000,0,1.11327200,133.1100
1626136272510000,0,5.64920000,133.1100
1626136272515000,0,5.16905601,133.1100
1626136272552000,0,2.92650744,133.1100
1626136272567000,0,75.79900000,133.1100
1626136272594000,0,1.93120344,133.1100
1626136272600000,0,1.50560000,133.1100
1626136272637000,0,1.00000000,133.1100
1626136272661000,0,75.79900000,133.1100
1626136272678000,0,88.00000000,133.1100
1626136272741000,0,1.82650000,133.1100
1626136272762000,0,13.09756111,133.1100
1626136293603000,0,4.60000000,133.5100
1626136311317000,1,2.34000009,133.5800
1626136323286000,1,7.47170000,133.5500
1626136422036000,0,4.78519563,133.8400
1626136435192000,1,1.70000000,133.9100
1626136565064000,1,0.22827513,133.9600
1626136922222000,0,22.00000000,133.7200
1626137088415000,1,7.45410000,133.9300
1626137148107000,0,2.95000000,134.1100
1626137148138000,0,11.27040118,134.1100
1626137205331000,1,22.00000000,134.2700
1626137205331000,1,5.63103523,134.2600
1626137206004000,1,11.78850610,134.3000
1626137206816000,0,4.63723010,134.5500
1626137232645000,1,2.32797000,134.3900
1626137250395000,1,2.31983000,134.2800
1626137431179000,1,0.86741038,134.0200
1626137464695000,1,4.38670444,134.0600
1626137507151000,1,7.42720000,134.0300
1626137906198000,0,21.52500000,133.9400
1626137906198000,0,7.47166553,133.9400
1626138028794000,1,7.44680000,133.8200
1626138183203000,0,4.55960567,133.6100
1626138192636000,0,0.36623934,133.6300
1626138542409000,1,7.46180000,133.4700
1626138689285000,1,7.49290000,133.2900
1626138844442000,1,7.45830000,133.1800
1626139300520000,0,4.85264543,133.2000
1626139314444000,0,21.45000000,133.1000
1626139322897000,0,7.33307858,133.0800
1626139329117000,0,4.29962385,133.0800
1626139506798000,0,2.20940000,132.9400
1626139506805000,0,0.00000567,132.9400
1626139573523000,0,0.70595535,132.9400
1626139689569000,1,7.48150000,132.8400
1626139689798000,1,2.25840000,132.7500
1626139689803000,1,0.00003032,132.7500
1626139690181000,1,5.64735114,132.7000
1626139694401000,1,14.15000000,132.5800
1626139716552000,0,15.00000000,132.5900
1626139717224000,1,7.52680000,132.6100
1626139762532000,1,1.07560000,132.5000
1626139762621000,1,6.44160000,132.5000
1626139905574000,1,0.93750000,132.4800
1626139907306000,0,2.35000000,132.5900
1626139947355000,0,37.00000000,132.9200
1626140246536000,1,7.52010000,132.8300
1626140440108000,1,7.47130000,132.9500
1626140775351000,1,17.00000000,133.0900
1626141087773000,1,2.37119000,133.5800
1626141105334000,0,13.79000000,133.6900
1626141120879000,1,4.85670694,133.6800
1626141132325000,0,0.39000000,133.8100
1626141132515000,1,4.85623319,133.7000
1626141142516000,1,2.35553000,133.7800
1626141146815000,0,16.57000000,133.8500
1626141146821000,0,9.61730953,133.8500
1626141147172000,0,6.95000000,133.8500
1626141147176000,0,0.00269000,133.8500
1626141247519000,1,4.98128971,133.8800
