timestamp ms,type,amount,price
1623801714199000,0,4.13135201,174.3100
1623801714678000,0,2.82057338,174.3100
1623801714678000,0,1.31077863,174.3400
1623802131214000,0,0.23300000,174.9300
1623802170902000,1,1.70999995,174.7900
1623802172213000,1,0.38625000,174.7600
1623802367516000,1,3.10500000,174.7400
1623802427528000,1,4.03039114,174.9700
1623802552940000,1,3.88129725,175.0000
1623802568796000,1,4.13514993,175.0400
1623802603104000,1,11.20000000,175.1700
1623802603104000,1,1.15000000,175.1700
1623802603559000,1,11.20000000,175.2100
1623802603559000,1,0.63556313,175.2000
1623802604003000,1,0.50437821,175.2100
1623802617298000,1,4.13198032,175.2900
1623803078336000,1,3.00000000,175.2900
1623803081182000,0,1.96500000,175.3300
1623803110127000,1,2.01591449,175.0500
1623803110127000,1,5.03968551,175.0500
1623803110212000,1,0.00010481,175.0500
1623803121233000,0,0.43500000,175.1100
1623803151199000,0,0.63100000,175.0300
1623803211172000,0,0.65400000,174.9200
1623803241183000,0,0.61000000,174.5500
1623803262895000,0,5.73531000,174.4700
1623803281232000,0,0.73900000,174.6400
1623803291184000,0,0.22500000,174.7100
1623803301211000,0,0.36300000,174.7300
1623803326549000,1,2.90835956,174.5400
1623803520906000,1,9.62740608,175.5700
1623803781204000,1,4.90000000,175.0700
1623803801679000,1,0.33706541,174.7500
1623803801679000,1,3.07793459,174.7400
1623804161170000,0,0.13700000,175.4700
1623804192613000,1,1.32920934,175.4300
1623804192613000,1,3.32312066,175.4300
1623804255439000,0,4.91000000,175.1400
1623804414517000,0,0.00023621,175.4700
1623804519841000,1,1.06420409,175.5100
1623804519841000,1,2.66050591,175.5100
1623804578879000,0,5.70649319,175.3800
1623804601170000,0,0.37500000,175.2600
1623804623829000,0,5.71000000,175.2400
1623804623945000,0,0.00055671,175.2400
1623804710890000,1,0.28101000,174.8500
1623804710892000,1,0.00000433,174.8500
1623804711339000,1,0.28101432,174.7100
1623804726482000,1,0.87747868,174.6700
1623804777675000,1,0.68415310,174.5300
1623804778079000,1,0.18963865,174.5300
1623804838364000,1,0.66977248,174.5300
1623804838529000,1,0.78061122,174.5300
1623804921314000,0,1.80000000,174.1200
1623804921314000,0,10.54999977,174.1300
1623804946154000,1,1.80000000,174.2300
1623804946154000,1,0.91274867,174.2200
1623804951225000,0,0.33100000,174.4100
1623804955636000,0,30.53732000,174.4000
1623804961199000,0,0.49700000,174.5200
1623805033058000,1,3.00000000,174.3500
1623805073381000,1,4.00000000,174.3600
1623805208178000,1,4.90000000,173.9300
1623805286868000,0,5.76367558,173.6200
1623805290633000,0,0.49000000,173.6500
1623805290639000,0,17.38246172,173.6500
1623805294436000,0,3.08000000,173.7600
1623805302274000,0,2.67903000,173.7600
1623805462011000,0,4.14237022,173.5300
1623805464478000,0,0.21801945,173.5500
1623805465440000,0,11.50630000,173.5400
1623805500058000,0,4.14278426,173.4900
1623805500596000,0,1.62559640,173.4900
1623805500596000,0,2.51718786,173.4900
1623805517608000,1,11.52170000,173.2400
1623805517799000,1,10.00000000,173.2400
1623805517882000,1,54.27730000,173.2400
1623805585772000,1,11.20000000,173.0500
1623805596937000,0,11.51300000,173.4500
1623805643524000,0,5.77038000,173.4300
1623805658907000,0,11.51150000,173.4700
1623805792435000,0,4.14398605,173.4300
1623805793052000,0,4.14398605,173.4300
1623805870061000,1,0.41900000,172.8000
1623805891179000,0,0.87500000,172.9900
1623805927103000,0,5.78682000,172.9300
1623805941018000,1,1.64526504,172.7700
1623805941018000,1,1.64566459,172.7700
1623805941505000,1,1.64526504,172.7000
1623805941505000,1,1.64473496,172.7000
1623805994257000,0,5.78000000,173.1000
1623806018781000,0,0.00172966,173.1000
1623806218270000,0,5.77184473,173.4100
1623806294087000,0,5.77891552,173.2000
1623806294554000,0,6.98444000,173.2200
1623806294809000,0,6.98428000,173.2100
1623806553005000,0,5.78000000,172.9000
1623806608674000,0,5.79110000,172.8000
1623806619494000,0,0.00000380,172.8000
1623806633312000,1,1.00000000,172.6600
1623806654092000,0,5.79000000,172.8100
1623806754256000,0,5.79000000,172.6900
1623806754382000,0,0.00518765,172.6900
1623806755897000,1,1.68079420,172.5700
1623806807028000,1,53.13000000,172.3300
1623806819687000,1,11.60930000,172.2100
1623806819752000,1,30.00000000,172.2000
1623806839400000,0,5.80000000,172.5000
1623806839697000,0,0.00236237,172.5000
1623806927264000,0,5.79000000,172.8200
1623806970674000,1,4.76400000,172.4900
1623807003498000,0,5.79339944,172.7800
1623807003691000,0,5.79339944,172.7800
1623807006290000,1,1.61100000,172.8600
1623807011231000,0,0.22800000,172.9300
1623807011714000,0,0.74700000,172.9300
1623807012690000,0,0.20100000,172.9700
1623807041708000,0,1.44800000,173.0900
1623807042714000,0,0.99600000,173.1000
1623807043743000,0,0.88200000,173.1000
1623807045695000,0,2.10800000,173.1200
1623807047710000,0,0.30100000,173.1200
1623807048722000,0,2.69100000,173.1200
1623807050733000,0,0.68293246,173.1200
1623807050733000,0,0.42306754,173.1900
1623807065722000,0,1.24800000,173.0400
1623807066696000,0,0.99200000,173.0800
1623807067746000,0,0.99800000,173.0800
1623807068697000,0,0.44900000,173.0800
1623807069704000,0,1.54500000,173.0800
1623807072717000,0,0.96900000,173.1000
1623807073705000,0,1.29800000,173.1000
1623807074707000,0,0.89100000,173.1000
1623807075715000,0,0.40300000,173.1000
1623807364884000,1,17.38000000,173.1600
1623807512127000,0,1.35240000,173.1200
1623807563974000,0,2.43000000,173.2300
1623807568889000,0,38.15000000,173.2800
1623807585399000,0,11.20000000,173.3300
1623807585508000,0,5.77272449,173.3400
1623807588363000,0,0.20438786,173.4500
1623807588363000,0,5.76561214,173.4600
1623807591204000,0,0.00404021,173.4600
1623807591204000,0,0.67795979,173.5000
1623807668594000,0,5.77000000,173.2500
1623807669447000,0,11.20000000,173.2900
1623807796999000,0,5.76000000,173.4900
1623807802550000,0,17.30000000,173.5900
1623807932127000,0,5.77000000,173.2500
1623807934117000,0,5.77000000,173.3200
1623808016386000,1,11.54180000,173.0400
1623808120648000,1,17.52282287,172.9700
1623808212383000,0,5.78608972,172.9700
1623808230090000,1,3.30159141,172.9400
1623808304641000,0,5.77389000,173.3300
1623808761192000,0,1.04900000,173.4300
1623808777408000,0,5.76000000,173.4800
1623808829738000,0,5.76000000,173.5500
1623808831214000,0,0.00611754,173.5500
1623808831214000,0,0.53088246,173.5700
1623808841021000,0,5.09000000,173.5500
1623808881108000,1,5.75916471,173.5600
1623808881108000,1,28.78083529,173.5500
1623808912240000,1,0.00699815,173.5500
1623808912240000,1,11.19300185,173.5500
1623808928795000,1,5.76004000,173.5600
1623808928836000,1,0.00000648,173.5600
1623808968187000,0,0.16024008,173.8600
1623808968237000,0,0.00327021,173.8600
1623808986254000,0,2.86988034,173.8400
1623808991194000,0,0.13080823,173.8800
1623808991194000,0,0.00019177,173.9500
1623809079803000,0,5.75000000,173.8300
1623809107439000,0,5.75000000,173.8500
1623809107497000,0,0.00365103,173.8500
1623809131223000,0,0.73700000,173.7700
1623809161491000,1,0.73000000,173.5800
1623809174625000,1,11.50540000,173.3800
1623809212292000,1,2.06409000,172.9800
1623809212395000,1,0.00000516,172.9800
1623809231416000,1,2.12459475,172.6600
1623809231416000,1,0.26540525,172.6600
1623809231423000,1,5.04608162,172.6600
1623809239548000,1,2.00783221,172.5500
1623809239548000,1,5.01958267,172.5500
1623809239548000,1,4.52988512,172.5400
1623809239731000,1,7.02741488,172.5400
1623809239731000,1,13.05166535,172.5200
1623809239877000,1,5.00000000,172.5000
1623809239983000,1,2.00783221,172.5100
1623809239983000,1,2.89216779,172.5100
1623809239999000,1,2.12741488,172.5100
1623809239999000,1,2.87258512,172.5100
1623809240004000,1,1.03024490,172.5100
1623809240035000,1,1.95688363,172.5100
1623809240076000,1,7.19180050,172.5100
1623809241009000,1,5.01958267,172.3800
1623809241009000,1,13.05151415,172.3800
1623809241009000,1,2.00782318,172.3800
1623809242451000,0,1.80000000,172.4000
1623809242451000,0,0.36750000,172.4100
1623809242451000,0,1.89210310,172.4300
1623809265375000,0,30.46000000,172.4700
1623809267404000,0,6.82000000,172.4700
1623809269623000,0,5.80000000,172.5300
1623809269808000,0,15.49168866,172.5300
1623809279566000,1,1.80000000,172.5500
1623809279566000,1,0.50922043,172.5400
1623809279567000,1,1.32391613,172.5400
1623809279576000,1,11.56210000,172.4900
1623809279576000,1,4.58331945,172.4900
1623809279576000,1,6.48143062,172.4800
1623809279577000,1,29.50000000,172.5000
1623809279577000,1,5.43546337,172.4800
1623809279577000,1,34.72017165,172.4800
1623809279689000,1,0.37500000,172.5000
1623809279837000,1,1.83260575,172.5200
1623809280688000,0,1.80000000,172.3600
1623809280688000,0,3.99567789,172.3600
1623809280775000,1,1.83532677,172.2400
1623809281358000,1,11.20000000,172.1700
1623809285481000,1,3.70000000,172.0000
1623809285568000,0,18.21008485,172.0700
1623809286167000,1,0.58430609,171.9400
1623809286167000,1,0.37125000,171.8100
1623809286167000,1,0.37500000,171.7100
1623809286167000,1,8.66944391,171.6900
1623809287360000,0,6.27489462,172.0300
1623809294070000,1,1.47905908,171.5900
1623809294082000,1,7.68670542,171.5900
1623809294137000,1,11.61930000,171.5800
1623809296263000,1,0.58724000,171.0800
1623809296861000,1,0.36750000,171.1100
1623809298142000,0,0.36375000,171.0900
1623809298152000,1,0.00000261,171.0800
1623809298152000,1,50.99999739,170.8600
1623809298283000,1,17.36287000,170.8600
1623809298408000,1,0.00000979,170.8600
1623809298408000,1,1.99999021,170.8300
1623809298491000,1,0.00000979,170.8300
1623809298524000,1,0.21229063,170.6100
1623809298524000,1,11.65470937,170.6000
1623809299133000,0,1.41213060,171.0300
1623809299852000,0,1.80000000,171.0100
1623809299852000,0,0.38250000,171.0200
1623809299852000,0,9.78786940,171.0300
1623809299852000,0,0.37500000,171.0600
1623809299978000,0,0.78374815,171.0100
1623809300614000,1,11.20000000,170.6200
1623809300614000,1,2.88742116,170.6100
1623809300632000,1,2.86170286,170.6100
1623809300964000,1,3.34529063,170.6000
1623809301270000,0,0.37500000,170.6100
1623809301270000,0,11.65470000,170.6100
1623809301270000,0,3.86388665,170.8400
1623809301676000,0,0.36000000,170.5900
1623809301897000,0,10.84000000,170.5900
1623809302289000,0,0.37875000,170.6700
1623809302289000,0,1.80000000,170.8300
1623809302289000,0,0.36375000,170.8500
1623809302289000,0,0.68812167,170.9000
1623809303543000,0,11.20000000,170.8200
1623809303568000,0,3.79280000,170.9000
1623809303736000,0,1.00000000,170.9000
1623809304011000,0,1.61509504,170.9000
1623809305387000,0,0.37500000,171.1000
1623809310053000,1,1.49664000,171.1600
1623809310296000,1,1.49664219,171.0900
1623809310526000,1,9.72854794,171.0100
1623809310526000,1,1.34103206,171.0100
1623809316203000,0,7.08092000,171.3200
1623809316671000,0,0.00000784,171.3200
1623809316671000,0,17.69032216,171.3700
1623809323039000,0,7.06721000,171.5600
1623809323180000,0,7.06738000,171.5900
1623809323230000,0,7.06540565,171.5900
1623809323317000,0,7.06738460,171.6300
1623809323317000,0,38.86176540,171.6700
1623809323641000,0,7.06738000,171.6700
1623809324775000,1,0.36000000,171.5100
1623809331722000,0,1.80000000,171.3100
1623809331722000,0,4.46299599,171.3200
1623809346118000,1,11.20000000,170.8200
1623809346286000,1,6.09709360,170.8100
1623809346286000,1,2.43879335,170.8100
1623809346903000,1,0.64000000,170.5900
1623809347018000,1,5.45709360,170.5900
1623809347018000,1,2.43879335,170.5900
1623809347370000,1,2.44000000,170.5400
1623809347398000,1,0.00099303,170.5400
1623809354580000,1,1.00000000,170.5100
1623809356565000,0,1.80000000,170.6000
1623809360513000,0,11.67650000,170.8400
1623809394270000,0,16.99391430,171.1800
1623809394270000,0,11.66989570,171.1800
1623809406787000,0,5.84766000,171.1500
1623809411951000,0,0.00000176,171.1500
1623809411951000,0,18.12653824,171.1900
1623809412026000,0,0.00000963,171.1900
1623809412026000,0,5.84526037,171.2100
1623809412154000,0,4.17014554,171.2300
1623809412172000,0,4.16958606,171.2300
1623809412204000,0,3.33956840,171.2300
1623809429012000,0,17.47550000,171.5600
1623809453833000,0,19.05220000,172.0900
1623809473302000,1,18.07000000,171.7000
1623809473310000,1,0.00503168,171.7000
1623809486551000,0,9.07875234,172.0500
1623809486563000,0,8.44884766,172.0500
1623809523029000,1,11.20000000,172.0600
1623809556052000,1,2.03420000,171.7600
1623809556184000,1,0.00001546,171.7600
1623809556471000,1,5.08578262,171.7200
1623809556579000,1,2.03419178,171.7200
1623809556649000,1,5.08548660,171.6900
1623809566140000,1,1.82424000,171.3900
1623809566318000,1,1.82466714,171.3600
1623809566318000,1,1.82423286,171.3600
1623809566402000,1,0.00000877,171.3600
1623809566402000,1,8.21130123,171.3600
1623809573767000,0,7.07155000,171.4400
1623809573945000,0,0.00000767,171.4400
1623809573945000,0,7.07129233,171.4500
1623809580374000,0,7.06405000,171.6200
1623809610492000,0,5.82564000,171.7500
1623809629593000,0,0.00000336,171.7500
1623809843842000,1,58.05000000,171.8000
1623809843864000,1,0.00096310,171.8000
1623809920089000,1,56.00000000,171.8000
1623809920169000,1,44.00000000,171.8000
1623810125104000,1,1.80000000,172.0700
1623810125104000,1,5.81011247,172.0500
1623810125245000,1,5.81011247,172.0500
1623810125245000,1,11.20000000,172.0400
1623810241197000,1,5.80643199,172.1600
1623810279314000,1,5.81000000,171.9300
1623810366997000,1,1.60020000,172.4000
1623810891181000,0,0.12500000,172.6500
1623811131192000,0,0.23300000,172.7900
1623811141204000,0,0.73200000,172.7900
1623811500582000,1,2.86988034,172.2400
1623811538595000,0,5.80660248,172.3300
1623811591175000,0,0.44000000,172.1600
1623811601221000,0,1.93100000,172.0400
1623811610462000,1,1.46417475,171.9600
1623811611196000,0,0.25900000,172.0100
1623811617781000,0,294.94630000,172.0500
1623811617781000,0,23.63876400,172.0500
1623811626446000,0,5.81000000,172.2000
1623811629861000,0,11.20000000,172.1900
1623811652369000,0,0.00146405,172.2000
1623811859829000,1,11.57130000,172.4200
1623811860151000,1,11.58280000,172.4100
1623811891640000,0,11.55660000,172.7700
1623812040914000,1,5.79000000,172.6400
1623812145448000,1,18.39542572,172.9100
1623812145448000,1,5.77457428,172.9100
1623812470046000,0,11.20000000,172.5800
1623812507047000,1,1.09002347,172.4900
1623812507765000,1,0.61961568,172.4900
1623812507765000,1,4.27493989,172.4800
1623812531176000,0,0.52500000,172.5500
1623812830525000,1,1.38280299,171.9500
1623812830525000,1,1.16711625,171.9500
1623812830852000,1,0.24088346,171.9500
1623812830852000,1,23.50000000,171.9400
1623812832688000,0,11.20000000,171.9200
1623812833577000,1,1.36005966,171.7900
1623812833577000,1,3.39994034,171.7900
1623812945081000,1,0.35940494,171.7000
1623812961169000,0,0.66900000,171.9200
1623812965493000,0,5.81000000,171.9700
1623812965535000,0,0.00889095,171.9700
1623812976683000,1,4.00000000,171.9200
1623812988622000,1,2.75800000,171.9000
1623813105675000,1,5.81000000,171.9200
1623813106777000,1,0.00487260,171.9200
1623813106777000,1,10.97590255,171.8900
1623813127186000,1,11.63340000,171.8800
1623813127585000,1,1.26259000,171.8500
1623813127622000,1,0.00000437,171.8500
1623813131368000,1,1.26000000,171.7600
1623813165910000,1,0.15386000,171.8100
1623813171194000,0,0.73300000,171.9000
1623813211336000,1,1.43976551,171.8700
1623813211336000,1,3.90920396,171.8700
1623813216661000,1,11.60840000,171.7700
1623813401219000,0,0.51600000,171.9700
1623813557281000,1,5.81315000,171.9600
1623813651175000,0,1.25500000,172.2300
1623813708398000,1,5.80900161,172.0800
1623813708624000,1,1.80000000,172.0400
1623813731382000,0,7.05031927,171.9900
1623813731382000,0,7.04785977,172.0100
1623813731382000,0,45.81311184,172.0500
1623813731445000,0,17.14702673,172.0900
1623813731445000,0,5.81560030,172.0900
1623813731603000,0,7.04898822,172.0900
1623813731603000,0,7.04785977,172.0900
1623813731603000,0,8.86315201,172.0900
1623813767090000,0,1.80000000,172.3700
1623813894354000,1,11.20000000,172.3300
1623814150076000,0,5.81631927,172.0500
1623814163780000,0,0.15000000,172.0500
1623814204294000,1,11.61950000,171.7800
1623814204294000,1,5.82093000,171.7800
1623814204308000,1,0.00000357,171.7800
1623814231058000,0,1.50343853,171.4600
1623814241848000,0,21.06078000,171.5900
1623814262733000,0,0.00000061,171.5900
1623814411441000,1,17.94865989,172.0200
1623814518998000,0,0.36000000,172.6000
1623814554246000,0,0.00375000,172.6000
1623814572674000,1,5.75283000,172.4900
1623814572675000,1,0.00000086,172.4900
1623814608254000,0,11.20000000,172.6200
1623814622977000,0,11.20000000,172.6500
1623814641181000,0,7.01901938,172.7100
1623814641181000,0,5.79398562,172.7200
1623814669352000,1,11.20000000,172.4700
1623814769017000,1,53.24000000,172.2800
1623814770281000,1,0.16400000,172.2800
1623814770281000,1,8.45711355,172.2800
1623814795330000,1,10.30000000,172.2800
1623814795345000,1,0.00588645,172.2800
1623814843246000,0,1.00000000,172.6100
1623814973221000,0,5.79000000,172.6100
1623814973262000,0,0.00731487,172.6100
1623815020917000,0,5.79000000,172.7400
1623815040508000,1,2.83879810,172.6800
1623815041471000,0,5.78000000,172.8600
1623815041503000,1,0.37875000,172.7400
1623815041503000,1,1.08752681,172.7000
1623815041519000,0,0.00888377,172.8600
1623815044645000,0,11.20000000,172.8100
1623815127049000,1,11.20000000,172.8000
1623815127049000,1,0.43000000,172.7900
1623815231251000,0,1.07000000,172.7500
1623815235358000,1,33.94500000,172.6700
1623815235358000,1,8.16364000,172.6700
1623815235412000,1,0.85936000,172.6700
1623815298075000,0,0.28484862,172.7700
1623815337069000,1,0.95860000,172.6800
1623815351198000,0,1.29500000,172.8400
1623815371213000,0,0.35500000,172.8800
1623815395964000,1,11.20000000,172.7600
1623815395964000,1,12.41114000,172.7300
1623815416349000,1,0.48186000,172.7300
1623815416976000,1,0.14100000,172.7000
1623815417062000,1,17.80588000,172.7000
1623815422949000,1,0.00000997,172.7000
1623815422949000,1,25.65345980,172.6800
1623815431228000,0,0.20000000,172.7600
1623815471210000,0,1.47100000,172.8100
1623815521198000,0,0.25200000,172.9200
1623815571184000,0,0.59000000,172.8500
1623815701188000,0,0.47900000,172.8300
1623815726108000,1,13.72100000,172.6700
1623815727294000,1,27.85800000,172.6300
1623815810558000,0,11.55710000,172.9000
1623815810774000,0,11.32160000,172.9200
1623815812719000,0,0.38600000,172.9600
1623815825772000,1,5.78000000,172.8900
1623815826169000,1,0.00205891,172.8900
1623815914492000,0,0.23400439,172.8600
1623815957531000,1,27.30500000,172.6400
1623815957531000,1,13.44900000,172.6400
1623815989018000,1,11.56980000,172.4300
1623816106336000,0,10.71474680,172.6400
1623816131214000,0,1.55600000,172.8100
1623816201443000,1,2.00000000,172.8000
1623816257351000,1,32.60000000,172.5900
1623816261213000,0,0.79500000,172.6600
1623816265891000,1,0.00100000,172.5900
1623816265891000,1,8.65900000,172.5900
1623816278231000,1,0.00700000,172.5900
1623816508497000,1,5.79477677,172.5400
1623816689341000,1,34.09800000,172.4900
1623816689341000,1,9.06200000,172.4900
1623816698187000,1,0.00200000,172.4900
1623816741187000,0,0.74000000,172.4600
1623817021192000,0,0.52600000,172.6800
1623817131209000,0,0.65200000,172.6800
1623817342827000,1,5.78000000,172.6900
1623817378720000,1,5.78494009,172.8100
1623817378720000,1,0.39535991,172.7800
1623817408921000,1,5.78331796,172.8500
1623817416183000,1,5.78000000,172.6700
1623817456687000,1,4.34411029,172.4800
1623817456692000,1,0.38600000,172.4800
1623817456776000,1,6.06996400,172.4800
1623817456806000,1,62.34148000,172.4800
1623817456852000,1,1.63044571,172.4800
1623817535363000,1,2.94000000,172.3500
1623817548650000,1,33.88800000,172.3500
1623817561175000,0,0.74400000,172.3700
1623817742158000,1,0.61400000,172.7700
1623817771913000,1,7.06678000,172.6800
1623817800936000,1,0.14422000,172.6800
1623817800936000,1,16.31178000,172.6400
1623817801074000,1,8.51137998,172.6400
1623817801101000,1,2.30384002,172.6400
1623817801191000,1,8.63680771,172.5500
1623817909069000,0,6.99324822,173.3900
1623817909069000,0,17.48271860,173.3900
1623817909590000,0,5.76990000,173.4300
1623817910130000,0,1.22334822,173.4300
1623817910130000,0,17.48271860,173.4300
1623817910764000,0,1.80000000,173.5000
1623817911133000,1,11.20000000,173.4200
1623817911133000,1,16.24880266,173.3200
1623817915270000,0,4.90000000,173.8000
1623817917204000,1,4.26173628,173.8100
1623817917322000,1,6.00006461,173.8100
1623817917324000,1,0.81492606,173.8100
1623817917994000,0,4.90000000,173.8000
1623817921340000,0,1.80000000,173.7400
1623817925957000,0,11.49310000,173.9400
1623817939438000,1,0.36750000,173.8300
1623817939438000,1,1.87008865,173.8100
1623817948860000,0,11.20000000,174.0000
1623817951138000,0,1.80000000,174.1100
1623817968715000,1,5.74000000,174.0200
1623817975331000,1,11.20000000,174.0300
1623818029262000,1,5.74000000,174.0400
1623818033012000,1,0.00314255,174.0200
1623818033012000,1,17.52685745,173.9800
1623818036473000,1,8.17000000,173.9200
1623818044142000,1,5.75368742,173.6700
1623818044142000,1,11.19631258,173.6700
1623818050102000,1,28.00000000,173.6200
1623818052112000,1,28.00000000,173.6400
1623818100352000,1,3.15000000,173.9300
1623818100475000,1,2.59622261,173.9300
1623818175105000,0,17.38000000,173.9600
1623818180469000,1,5.63127173,173.9600
1623818204222000,1,5.74000000,174.0200
1623818241820000,1,5.75000000,173.7100
1623818274038000,1,8.00000000,173.9800
1623818278050000,1,8.00000000,173.9200
1623818279167000,1,2.99000000,173.9000
1623818281230000,1,4.63600000,173.8300
1623818315984000,1,5.75000000,173.7500
1623818323528000,1,8.00000000,173.8000
1623818324680000,0,0.28259244,173.8900
1623818344625000,1,2.00000000,173.8400
1623818346691000,1,5.73000000,173.8400
1623818346707000,1,0.00100000,173.8400
1623818349512000,1,5.63780535,173.7700
1623818349753000,1,0.11505725,173.7700
1623818350839000,1,18.07216000,173.8400
1623818350897000,1,14.94884000,173.8400
1623818386307000,1,0.00375847,173.7500
1623818386307000,1,16.25624153,173.7500
1623818410539000,1,0.00775847,173.7500
1623818410539000,1,5.75224153,173.7300
1623818466117000,0,5.75888344,173.7900
1623818598068000,1,2.20186403,173.6500
1623818598068000,1,2.20186403,173.6500
1623818653665000,1,5.75233000,173.7900
1623818653935000,1,0.00000143,173.7900
1623818690727000,1,5.76000000,173.5200
1623818690868000,1,0.00055887,173.5200
1623818690869000,1,23.16440000,173.4700
1623818772643000,1,5.75000000,173.6400
1623818791291000,0,32.52000000,173.7300
1623818791431000,0,0.00369780,173.7300
1623818887252000,0,11.20000000,173.7400
1623819007640000,1,40.85600000,173.6000
1623819007640000,1,14.35500000,173.6000
1623819553042000,1,5.75000000,173.7600
1623819554929000,1,0.00248647,173.7600
1623819554929000,1,18.29634353,173.7600
1623819555405000,1,26.48000000,173.7600
1623819573486000,1,0.00865647,173.7600
1623819573486000,1,11.90399353,173.7600
1623819575088000,1,0.00000647,173.7600
1623819768785000,0,11.47950000,174.1300
1623819786736000,1,5.73972979,174.1300
1623819884392000,1,5.74000000,173.9700
1623819995962000,0,6.96030639,174.2100
1623820065483000,1,4.79000000,174.0200
1623820137981000,0,5.74541840,174.1800
1623820155497000,1,20.25000000,174.1300
1623820156011000,1,14.56685000,174.1300
1623820157528000,1,6.07000000,174.1300
1623820164897000,1,0.00015000,174.1300
1623820164897000,1,14.35985000,174.1300
1623820181033000,1,0.00515000,174.1300
1623820259200000,0,5.74917976,174.0600
1623820259200000,0,14.12639375,174.0600
1623820408266000,0,53.82550952,174.0200
1623820408266000,0,6.96913591,174.0300
1623820408266000,0,17.42123789,174.0300
1623820446623000,1,5.75079970,173.8300
1623820447288000,1,2.37506180,173.7900
1623820447288000,1,5.93771645,173.7900
1623820447781000,1,0.69474862,173.7600
1623820447820000,1,1.68031318,173.7600
1623820448677000,1,0.36000000,173.6700
1623820450460000,0,1.80000000,173.6700
1623820450460000,0,4.03930466,173.6800
1623820460147000,1,0.90888392,173.5300
1623820472726000,0,1.80000000,173.6900
1623820477822000,0,5.76000000,173.7200
1623820477886000,0,0.00100095,173.7200
1623820531223000,0,0.23300000,173.7900
1623820536822000,0,7.21000000,173.8000
1623820624526000,0,3.15000000,173.6400
1623820847446000,1,16.90000000,173.7100
1623821041209000,0,0.76200000,174.0600
1623821055534000,1,3.35000000,173.9200
1623821055534000,1,13.45689376,173.9100
1623821061875000,1,47.00000000,173.9000
1623821061891000,1,0.74300000,173.9000
1623821083734000,0,11.20000000,173.9600
1623821083799000,0,5.75206168,173.9700
1623821101369000,1,30.52000000,173.8800
1623821101396000,1,0.00400000,173.8800
1623821135501000,1,5.75000000,173.8100
1623821163786000,0,9.69000000,173.8700
1623821163866000,0,0.00975412,173.8700
1623821176470000,0,16.34000000,173.9600
1623821203165000,0,5.75253639,173.9500
1623821203165000,0,11.20000000,173.9700
1623821203165000,0,30.00000000,173.9700
1623821203165000,0,11.50220000,173.9800
1623821203165000,0,1.80000000,173.9800
1623821203165000,0,13.11853255,174.0100
1623821203165000,0,8.51761392,174.0100
1623821203165000,0,3.06826714,174.0200
1623821203632000,0,5.63748566,173.9500
1623821307129000,0,5.74990851,174.0200
1623821329739000,0,5.74000000,174.0700
1623821365617000,1,0.13948600,173.8700
1623821385710000,1,5.74000000,173.8600
1623821398413000,1,9.69000000,173.8500
1623821410008000,1,5.75144121,173.8200
1623821517340000,0,5.74581000,174.1400
1623821517411000,0,0.00000005,174.1400
1623821586977000,1,5.74000000,174.1400
1623821594782000,1,5.74320059,174.0200
1623821627732000,0,5.74000000,174.0200
1623821645531000,0,5.74000000,174.0300
1623821645621000,0,0.00897174,174.0300
1623821661235000,0,0.93100000,174.4200
1623821664469000,0,0.36000000,174.5800
1623821680944000,1,24.43000000,174.3600
1623821698948000,1,0.00300000,174.3600
1623821725395000,1,5.73000000,174.2900
1623821730636000,1,0.00596794,174.2900
1623821730636000,1,11.19403206,174.2900
1623821767507000,1,5.73710297,174.2600
1623821767507000,1,11.19289703,174.2600
1623821768040000,0,1.80000000,174.3900
1623821768166000,0,3.93873222,174.3900
1623821805732000,1,4.80212850,174.4600
1623821844495000,1,0.50618996,174.4300
1623821864304000,1,10.69000000,174.4300
1623821963224000,1,1.91000000,174.2300
1623821963297000,1,51.27707699,174.2300
1623821966856000,1,48.54000000,174.2300
1623822041176000,0,0.77500000,174.3000
1623822157391000,0,0.27101731,174.3800
1623822172549000,1,5.73000000,174.2400
1623822176678000,0,11.43550000,174.5000
1623822192246000,0,11.44230000,174.4900
1623822201172000,0,0.64700000,174.5800
1623822310043000,0,9.69000000,174.3800
1623822310103000,0,0.00975412,174.3800
1623822333047000,0,10.97600000,174.4000
1623822408139000,1,5.73000000,174.2700
1623822470167000,1,3.64000000,174.1900
1623822499200000,0,8.54143962,174.3500
1623822499975000,0,5.69822000,174.4600
1623822499978000,0,5.76338000,174.4600
1623822524197000,1,2.53714523,174.2200
1623822569690000,0,8.70326000,174.4000
1623822569754000,0,0.00000834,174.4000
1623822573525000,1,5.73000000,174.3600
1623822587422000,1,0.00267447,174.3600
1623822587422000,1,22.99732553,174.3600
1623822601747000,1,2.49770098,174.3600
1623822605572000,0,8.61246000,174.4100
1623822663054000,1,0.05097349,174.3600
1623822663054000,1,39.94902651,174.2600
1623822663453000,1,0.00697349,174.2600
1623822699848000,0,5.74000000,174.2700
1623822701196000,0,0.73500000,174.3500
1623822789191000,0,5.74002266,174.3300
1623822789191000,0,11.20000000,174.3300
1623822789438000,0,6.95682481,174.3900
1623822789438000,0,6.95722397,174.4000
1623822789438000,0,8.55226190,174.4100
1623822789438000,0,56.18185142,174.4400
1623822789438000,0,18.46800335,174.4400
1623822789438000,0,45.21691186,174.4500
1623822928868000,0,5.73000000,174.4100
1623822984314000,1,56.58000000,174.4600
1623822984370000,1,0.00054584,174.4600
1623822984486000,1,17.55887356,174.4400
1623823005240000,1,11.20000000,174.3800
1623823005408000,1,5.73287044,174.3700
1623823083320000,0,5.73000000,174.4100
1623823083528000,0,52.67023419,174.4500
1623823104286000,1,11.20000000,174.5600
1623823164050000,0,5.73061000,174.5900
1623823200783000,1,20.02000000,174.4800
1623823202632000,1,0.00400000,174.4800
1623823202632000,1,28.03452674,174.4400
1623823258329000,1,3.28000000,174.4400
1623823271179000,0,0.49700000,174.4800
1623823321022000,0,5.73048000,174.6200
1623823321168000,0,0.73000000,174.6500
1623823450060000,1,5.72982608,174.4400
1623823450123000,1,52.36119325,174.4300
1623823466523000,1,11.20000000,174.3900
1623823480526000,1,5.16000000,174.3800
1623823482560000,1,14.19000000,174.3800
1623823553782000,1,0.00200000,174.3800
1623823553782000,1,9.53100000,174.3800
1623823597719000,0,6.95300000,174.4300
1623823597814000,0,0.00002761,174.4300
1623823597837000,0,6.95240000,174.4400
1623823597885000,0,0.00006928,174.4400
1623823969015000,1,2.90000000,174.4000
1623823969116000,1,0.00100000,174.4000
1623823994752000,0,5.73958561,174.3500
1623824128569000,0,11.20000000,174.3500
1623824135710000,0,3.65000000,174.3800
1623824135717000,0,31.63087586,174.3800
1623824191408000,0,11.20000000,174.3300
1623824191497000,0,11.20000000,174.3500
1623824191497000,0,5.73891501,174.3600
1623824191497000,0,56.69126431,174.3700
1623824191497000,0,14.32403560,174.3800
1623824191497000,0,18.12026381,174.3900
1623824196696000,1,3.00000000,174.5000
1623824208585000,0,5.81000000,174.5200
1623824312493000,1,5.72000000,174.5100
1623824312524000,1,0.00878189,174.5100
1623824318264000,1,11.20000000,174.4400
1623824341014000,1,39.44000000,174.4100
1623824540693000,1,3.00000000,174.5900
1623824619509000,1,5.72000000,174.5800
1623824624022000,0,5.72835000,174.6800
1623824702447000,1,5.71000000,174.7900
1623824741553000,1,6.67000000,174.8500
1623824741659000,1,17.82903149,174.8400
1623824741675000,1,0.36385779,174.8400
1623824741675000,1,5.71752393,174.8300
1623824795399000,0,11.20000000,174.9500
1623824801385000,1,1.80000000,174.8700
1623824807793000,1,1.80000000,174.8700
1623824820327000,1,5.71000000,174.8900
1623824824693000,1,0.00534073,174.8900
1623824847224000,1,5.60119641,174.9200
1623824882584000,0,0.50111460,174.9500
1623824908932000,1,8.45000000,174.8200
1623824923013000,1,0.00155016,174.8200
1623824929807000,1,8.65000000,174.8100
1623824932932000,1,0.00282305,174.8100
1623824932932000,1,44.42717695,174.7900
1623824933309000,1,0.00182305,174.7900
1623824938567000,0,2.36441846,174.8700
1623825037336000,1,32.46000000,174.8300
1623825067924000,1,0.00800000,174.8300
1623825067924000,1,65.92100000,174.7500
1623825300977000,0,0.95000000,174.8000
1623825301030000,0,0.00995389,174.8000
1623825526087000,0,0.38000000,174.8300
1623825619759000,0,15.89908000,174.9000
1623825619839000,0,0.00000128,174.9000
1623825681415000,0,1.00000000,175.0800
1623825681424000,0,10.40500000,175.0800
1623825691360000,1,1.25341114,174.9700
1623825691360000,1,3.04617498,174.9700
1623825730042000,0,6.45502700,175.1300
1623825852725000,0,5.71242000,175.1200
1623825854899000,0,5.71000000,175.1800
1623825864588000,0,0.00053971,175.1800
1623825864588000,0,5.70946029,175.1800
1623825864668000,0,0.00107942,175.1800
1623825890879000,0,5.70000000,175.2400
1623825891013000,0,0.00863489,175.2400
1623825902778000,0,5.70000000,175.4000
1623825902875000,0,0.00392660,175.4000
1623825902875000,0,5.69607340,175.4000
1623825902911000,0,2.75746137,175.4000
1623825905636000,0,2.62074096,175.4400
1623825905636000,0,11.20000000,175.4400
1623825905782000,0,5.70219601,175.4700
1623825905782000,0,8.65144517,175.5100
1623825905782000,0,28.51092345,175.5200
1623825905782000,0,42.77190391,175.5600
1623825906201000,0,57.54377824,175.5500
1623825906201000,0,17.27504447,175.5800
1623825906201000,0,6.91033179,175.5800
1623825906201000,0,8.63177697,175.5900
1623825906201000,0,0.36906853,175.6100
1623825928356000,0,1.06000000,175.5800
1623826002494000,1,53.57000000,175.1600
1623826002508000,1,0.00747815,175.1600
1623826003962000,1,35.00000000,175.1300
1623826004022000,1,4.08200000,175.1300
1623826004022000,1,10.48586000,175.1300
1623826004032000,1,1.00000000,175.1300
1623826004343000,1,13.50000000,175.1300
1623826011854000,1,0.00114000,175.1300
1623826079696000,1,8.03700543,174.9600
1623826082673000,0,0.15822204,175.1200
1623826224797000,0,5.72005000,174.9300
1623826228371000,0,0.00000617,174.9300
1623826228371000,0,5.71836383,175.0000
1623826445602000,0,5.71000000,175.0200
1623826477457000,0,5.71643159,175.0400
1623826479562000,0,1.09000000,175.0400
1623826571358000,1,27.23000000,174.8900
1623826571358000,1,13.41000000,174.8900
1623826571486000,1,0.00100000,174.8900
1623826571999000,1,9.54234795,174.8400
1623826572109000,1,1.88005205,174.8400
1623826572824000,1,0.89295989,174.8000
1623826611198000,0,0.11700000,174.9400
1623826621182000,0,0.63900000,174.9400
1623826631177000,0,0.44200000,174.9400
1623826641200000,0,0.28900000,174.9400
1623826651198000,0,1.63000000,174.9400
1623826662090000,1,0.72800000,174.9500
1623826680580000,1,0.20188000,174.9400
1623826680621000,1,0.00412000,174.9400
1623826698957000,1,7.84000000,174.9200
1623826698981000,1,0.16000000,174.9200
1623826699418000,1,8.00000000,174.8200
1623826722387000,1,8.00000000,174.8200
1623826729675000,1,3.74000000,174.8000
1623826729676000,1,0.36704011,174.8000
1623826808098000,1,1.80000000,174.9400
1623826808098000,1,0.70000000,174.9400
1623826841545000,0,11.40750000,175.2800
1623826909816000,0,11.37790000,175.5100
1623826939661000,1,17.54277395,175.3700
1623826957505000,1,45.96000000,175.2700
1623827080941000,1,27.97400000,175.4800
1623827080973000,1,5.69637273,175.4700
1623827081374000,1,5.69000000,175.4700
1623827081396000,1,0.00637273,175.4700
1623827084584000,1,5.69000000,175.4700
1623827088744000,1,0.00637273,175.4700
1623827088744000,1,11.19362727,175.4700
1623827090089000,1,0.00637273,175.4700
1623827090089000,1,5.69362727,175.4700
1623827091881000,1,0.00274546,175.4700
1623827091881000,1,5.68725454,175.4700
1623827110686000,1,9.82000000,175.4700
1623827110688000,1,0.00800000,175.4700
1623827341593000,0,0.35056487,175.2600
1623827428538000,0,5.71000000,175.0900
1623827430713000,0,0.00373215,175.0900
1623827430713000,0,5.70626785,175.0900
1623827439494000,0,0.00746430,175.0900
1623827529495000,0,5.71416958,175.0800
1623827529495000,0,11.19583042,175.0800
1623827569837000,0,2.61000000,175.0000
1623827572357000,0,3.10000000,175.0000
1623827581168000,0,11.20000000,175.0400
1623827618180000,0,5.71000000,175.0400
1623827688551000,0,5.72063500,174.9000
1623827751136000,1,1.99000000,174.7500
1623827754181000,1,2.34736706,174.7500
1623827760293000,1,28.61863294,174.7500
1623827760293000,1,8.75136706,174.7500
1623827760379000,1,0.00863294,174.7500
1623827882049000,0,11.42820000,174.9900
1623827890902000,1,36.00000000,175.0100
1623827891602000,1,36.00000000,175.0100
1623827892277000,1,3.60000000,174.9900
1623827991222000,0,8.64000000,174.9700
1623827991327000,0,0.00662513,174.9700
1623827991742000,0,3.96155452,174.9900
1623827991794000,0,0.75140000,174.9900
1623828248209000,0,5.72328041,174.8500
1623828278890000,1,29.49000000,174.8400
1623828279079000,1,0.00200000,174.8400
1623828328204000,1,7.68222000,174.7900
1623828333471000,1,0.15364440,174.7900
1623828342337000,1,0.00313560,174.7900
1623828381202000,0,0.23200000,174.8600
1623828389137000,0,54.38340000,174.8600
1623828389508000,1,17.27000000,174.7200
1623828389521000,1,17.27000000,174.7200
1623828389539000,1,16.92579530,174.7200
1623828397952000,1,3.92000000,174.7400
1623828397964000,1,0.08000000,174.7400
1623828404326000,1,4.00000000,174.8200
1623828420932000,1,2.13000000,174.8200
1623828522433000,1,5.71000000,174.7800
1623828620214000,1,5.71000000,174.9700
1623828622283000,1,0.00331355,174.9700
1623828622283000,1,5.71331355,174.9700
1623828622283000,1,28.56337290,174.9600
1623828640927000,1,5.71000000,174.9700
1623828652089000,1,0.00331355,174.9700
1623828652089000,1,5.70668645,174.9700
1623828770190000,1,0.00123491,174.9600
1623828820759000,1,5.71000000,174.8200
1623828851325000,0,11.20000000,174.7800
1623828851393000,0,5.72430147,174.8100
1623829081360000,1,2.00000000,174.8100
1623829128804000,1,13.92000000,174.6900
1623829203750000,1,30.73000000,174.8100
1623829224052000,1,0.00500000,174.8100
1623829224052000,1,8.16500000,174.8100
1623829564234000,0,5.71000000,174.9500
1623829668529000,1,11.20000000,174.7300
1623829851221000,0,0.73500000,174.8800
1623829859491000,0,4.98590088,174.8800
1623829859491000,0,16.79445212,174.8800
1623829859491000,0,7.21964700,174.8800
1623829871212000,0,0.40100000,174.8800
1623829881194000,0,0.76300000,174.8800
1623829907368000,1,5.71000000,174.7500
1623829921219000,0,0.50200000,174.8200
1623829931209000,0,0.22300000,174.8200
1623830063472000,1,17.19000000,174.6700
1623830095587000,1,3.68000000,174.6600
1623830106206000,1,34.52500000,174.6600
1623830106206000,1,9.17500000,174.6600
1623830156546000,0,5.72610697,174.7400
1623830156546000,0,4.27389303,174.7700
1623830209690000,1,0.00200000,174.6600
1623830222964000,1,5.72000000,174.5300
1623830225439000,1,4.90000000,174.4500
1623830225439000,1,71.79000000,174.4400
1623830231159000,1,1.52610363,174.4000
1623830233628000,1,5.73509844,174.3200
1623830271208000,0,0.23300000,174.2500
1623830274192000,0,17.04000000,174.2600
1623830280211000,1,5.74000000,174.1300
1623830280264000,1,0.00068557,174.1300
1623830350830000,1,5.73000000,174.1800
1623830418474000,1,5.73000000,174.2100
1623830424319000,1,10.98391831,174.2200
1623830424333000,1,0.21608169,174.2200
1623830424333000,1,0.00807991,174.2100
1623830425317000,1,10.98391000,174.2200
1623830425317000,1,5.40364011,174.2100
1623830457778000,0,1.00000000,174.3900
1623830457813000,0,10.47060000,174.3900
1623830458139000,0,11.45640000,174.4500
1623830467351000,0,5.73000000,174.4000
1623830467773000,0,0.00582426,174.4000
1623830467773000,0,28.67417574,174.4100
1623830467784000,0,0.00494552,174.4100
1623830473239000,0,5.73374000,174.4700
1623830473251000,0,0.00000110,174.4700
1623830522202000,0,28.66490000,174.5600
1623830561181000,0,0.68800000,174.7800
1623830565802000,1,11.20000000,174.6400
1623830565802000,1,5.72331089,174.6300
1623830565802000,1,30.00000000,174.6300
1623830565802000,1,11.20000000,174.6200
1623830565802000,1,2.02488096,174.6200
1623830620053000,0,11.41910000,175.0600
1623830741196000,0,0.61300000,175.2600
1623830757992000,1,5.70000000,175.0900
1623830761730000,1,4.13336105,175.1700
1623830765491000,1,0.37875000,175.3200
1623830765491000,1,11.20000000,175.3000
1623830765491000,1,1.80000000,175.3000
1623830765491000,1,2.17931879,175.3000
1623830780542000,1,1.80000000,175.5200
1623830835263000,0,11.34910000,176.0200
1623830837434000,0,5.68140000,176.1600
1623830845811000,0,6.87338000,176.4900
1623830845834000,0,0.00000068,176.4900
1623830845834000,0,17.18209540,176.5000
1623830857989000,0,11.31320000,176.7200
1623830885027000,0,3.00000000,176.5100
1623830891382000,0,11.32860000,176.5800
1623830917416000,0,11.27340000,177.0800
1623830917539000,0,0.37500000,177.0900
1623830917584000,0,5.06999184,177.0900
1623830917644000,0,1.40506394,177.0900
1623830917645000,0,9.52050000,177.1000
1623830917645000,0,7.60342309,177.1000
1623830918675000,0,90.00000000,177.2100
1623830964068000,1,1.92403000,177.0700
1623830967974000,0,2.36000000,177.1400
1623830968048000,0,7.24597597,177.1400
1623830968048000,0,11.20000000,177.1400
1623830968048000,0,5.65028597,177.1500
1623831000454000,1,1.82694849,177.2500
1623831000454000,1,8.93505151,177.2400
1623831000725000,1,1.82694000,177.2400
1623831004288000,1,0.00000849,177.2400
1623831006526000,1,1.00000000,177.2400
1623831006526000,1,4.30100000,177.2400
1623831015891000,1,1.82958000,176.9600
1623831020943000,1,1.82210000,176.7700
1623831020958000,1,0.00006524,176.7700
1623831021060000,1,1.82208283,176.7500
1623831021196000,1,1.82216524,176.7600
1623831065289000,0,17.47000000,176.9600
1623831065430000,0,0.00147898,176.9600
1623831065430000,0,5.65564759,177.0100
1623831076450000,0,1.13238476,176.9900
1623831102674000,0,13.03767136,176.9500
1623831102674000,0,162.27450000,176.9900
1623831102674000,0,11.20000000,177.0100
1623831102674000,0,1.81149843,177.0100
1623831118845000,0,0.27806726,176.9500
1623831132071000,1,0.49857000,176.8900
1623831155490000,0,1.00000000,176.9100
1623831186216000,1,1.70627164,176.6500
1623831186216000,1,4.26621007,176.6500
1623831186498000,1,0.37500000,176.6100
1623831198832000,0,1.80000000,176.7500
1623831198832000,0,5.66234246,176.7600
1623831198832000,0,8.45834039,176.7900
1623831198832000,0,13.14965893,176.7900
1623831198832000,0,6.01284129,176.8000
1623831253538000,0,0.37500000,176.8100
1623831309062000,1,0.37500000,176.6900
1623831329208000,0,5.66145430,176.7600
1623831329285000,0,8.38584681,176.7800
1623831329367000,0,0.55000000,176.7600
1623831381927000,1,8.39968350,176.4600
1623831382055000,1,2.90101650,176.4600
1623831406847000,1,0.61278012,176.2800
1623831415924000,1,6.75000000,176.2300
1623831473798000,0,5.67000000,176.2200
1623831473806000,0,0.00786149,176.2200
1623831474050000,0,5.56430426,176.2200
1623831474081000,0,0.11355723,176.2200
1623831499554000,0,5.67000000,176.3300
1623831500005000,0,0.00442194,176.3300
1623831512101000,1,11.33530000,176.1900
1623831557392000,0,0.37500000,176.2300
1623831564389000,1,0.37875000,176.1300
1623831564476000,1,11.20000000,176.0500
1623831564834000,1,1.61618461,175.9500
1623831564834000,1,4.04046152,175.9500
1623831564930000,1,7.66934169,175.9100
1623831564971000,1,1.49110301,175.9100
1623831565013000,1,1.34506866,175.9100
1623831591844000,0,2.66330654,176.0400
1623831592384000,0,4.22647930,176.0900
1623831592385000,0,4.43128786,176.0900
1623831592386000,0,8.56475383,176.0900
1623831592386000,0,1.54773680,176.0900
1623831592390000,0,0.86526906,176.0900
1623831592391000,0,4.47635724,176.0900
1623831744581000,0,5.69362000,175.7500
1623831744638000,0,0.00000814,175.7500
1623831751137000,0,5.69174913,175.8100
1623831756745000,0,6.88000000,176.1300
1623831797515000,0,5.67000000,176.3000
1623831797523000,0,0.00655510,176.3000
1623831841026000,1,11.35520000,175.8600
1623831898550000,1,32.59000000,175.8700
1623831898643000,1,0.00300000,175.8700
1623831900170000,1,12.83233196,175.7000
1623831900302000,1,5.19155909,175.7000
1623831901067000,1,1.83174213,175.6800
1623831901199000,1,6.78525370,175.6800
1623831901239000,1,1.64385091,175.6800
1623831901299000,1,1.12065326,175.6800
1623831903373000,1,3.43524250,175.6000
1623831903373000,1,1.37409700,175.6000
1623831903373000,1,51.19066050,175.5900
1623831934131000,0,5.69659576,175.6700
1623831934514000,0,11.20000000,175.7000
1623831936134000,0,11.20000000,175.7200
1623831967937000,1,11.45000000,175.4900
1623831980133000,1,0.00100000,175.4900
1623832009507000,1,11.20000000,175.1800
1623832009507000,1,0.45000000,175.1800
1623832009594000,1,0.00422000,175.1800
1623832009594000,1,3.46250242,175.1800
1623832009594000,1,5.70583373,175.1700
1623832012972000,0,11.20000000,175.1800
1623832037944000,1,11.38930000,175.1500
1623832038053000,1,3.21373258,175.1100
1623832038053000,1,1.28548742,175.1100
1623832068468000,0,5.71330000,175.1800
1623832068523000,0,0.00000676,175.1800
1623832145391000,0,5.71150000,175.1700
1623832146581000,0,0.00004464,175.1700
1623832146581000,0,5.71154464,175.1700
1623832148941000,0,5.59731375,175.1700
1623832148955000,0,0.11423089,175.1700
1623832153613000,0,5.71154000,175.1700
1623832170898000,1,1.00000000,175.0200
1623832199365000,0,5.71540000,175.0600
1623832199434000,0,0.00000019,175.0600
1623832451214000,0,0.11900000,175.0200
1623832491916000,0,6.92264000,175.2100
1623832491975000,0,0.00000511,175.2100
1623832594899000,0,1.85646430,175.1400
1623832594934000,0,5.06636994,175.1400
1623832594934000,0,2.57541868,175.1500
1623832594935000,0,8.82758132,175.1500
1623832594935000,0,15.39978138,175.1600
1623832594947000,0,1.90474708,175.1600
1623832595018000,0,29.47207911,175.2100
1623832595056000,0,9.65998000,175.2100
1623832595080000,0,5.85556672,175.2100
1623832595080000,0,17.30582222,175.2200
1623832595138000,0,6.92283424,175.2100
1623832595138000,0,17.30452846,175.2100
1623832686515000,0,47.69000000,175.8500
1623832686515000,0,7.54185147,175.8500
1623832693092000,1,11.20000000,175.8300
1623832693092000,1,1.80000000,175.8300
1623832693092000,1,11.84107556,175.8200
1623832771289000,1,5.68000000,175.7100
1623832771550000,1,45.08625446,175.6700
1623832811191000,0,0.72900000,175.8400
1623832826892000,1,0.37500000,175.7000
1623832831208000,0,0.73500000,175.8400
1623832854199000,0,52.41000000,175.9500
1623832929146000,1,0.35000000,175.9600
1623832929146000,1,0.35000000,175.9500
1623832929146000,1,1.97231038,175.9500
1623832929146000,1,0.43493612,175.9400
1623832980460000,1,11.33650000,175.9700
1623832980460000,1,4.46470000,175.9600
1623832980812000,1,11.33580000,175.9800
1623832998457000,1,11.34870000,175.9800
1623832998589000,1,4.90051519,175.9500
1623832998589000,1,1.96019481,175.9500
1623832998644000,0,11.20000000,175.9800
1623833002625000,1,11.34340000,175.8100
1623833007052000,1,15.20600000,175.7000
1623833007052000,1,11.37950000,175.7000
1623833007296000,1,23.78400000,175.6700
1623833007416000,1,6.74863000,175.6300
1623833011456000,1,1.93075000,175.4800
1623833011603000,1,0.00000064,175.4800
1623833011603000,1,11.38119936,175.4700
1623833011653000,1,0.00000064,175.4700
1623833011760000,0,4.82638193,175.4600
1623833011774000,0,9.63995807,175.4600
1623833011859000,1,2.90919701,175.4800
1623833011859000,1,8.29080299,175.4700
1623833011906000,1,2.90919000,175.4700
1623833013045000,0,1.80000000,175.5100
1623833013045000,0,11.20000000,175.5100
1623833013045000,0,11.20000000,175.5200
1623833013045000,0,90.00000000,175.5200
1623833013045000,0,15.80000000,175.5600
1623833016141000,1,1.83570850,175.3400
1623833016141000,1,4.58927124,175.3400
1623833016141000,1,11.93261026,175.3400
1623833019093000,1,0.37500000,175.2800
1623833019093000,1,3.55823851,175.2500
1623833132997000,1,11.39780000,175.1700
1623833133271000,1,4.29010010,175.1100
1623833133271000,1,1.71596170,175.1100
1623833133347000,1,11.15332528,175.0800
1623833161155000,0,11.39990000,175.2600
1623833161155000,0,6.91912730,175.2700
1623833161855000,0,6.91912000,175.3400
1623833161943000,0,0.00000730,175.3400
1623833161943000,0,17.29702270,175.3400
1623833161949000,0,0.00000777,175.3400
1623833162124000,0,6.91912000,175.3800
1623833163405000,0,17.12000000,175.4700
1623833223404000,0,6.89000000,175.7700
1623833224366000,0,1.26347177,175.7800
1623833326413000,0,5.68768000,175.9100
1623833344291000,0,5.68741777,175.9400
1623833356911000,0,0.37500000,176.0100
1623833443653000,1,16.46000000,175.6500
1623833462584000,0,2.97000000,175.7000
1623833491395000,1,0.53000000,175.5600
1623833491523000,1,0.00596000,175.5600
1623833491559000,1,51.71477579,175.5300
1623833491559000,1,0.00522421,175.5300
1623833572477000,0,5.70000000,175.3300
1623833572487000,0,0.00699112,175.3300
1623833572609000,0,5.70000000,175.3300
1623833585762000,1,1.94748422,175.1900
1623833586295000,1,1.94748422,175.1400
1623833596929000,0,5.71000000,175.2000
1623833603745000,0,0.00114086,175.2000
1623833603745000,0,5.71113914,175.2000
1623833647534000,0,5.71020000,175.2100
1623833961088000,0,5.72392000,174.7900
1623834005892000,1,30.66900000,174.7800
1623834161197000,0,3.11100000,174.8800
1623834189823000,0,52.78270000,174.9700
1623834210987000,0,5.70000000,175.0700
1623834211534000,1,0.37500000,174.8900
1623834251223000,0,11.40690000,175.1000
1623834425581000,1,11.42330000,174.8400
1623834426524000,1,4.24360739,174.7300
1623834426524000,1,1.69757015,174.7300
1623834433526000,1,0.37500000,174.6800
1623834435330000,1,0.43977500,174.6800
1623834435353000,1,0.00897500,174.6800
1623834553272000,0,11.42010000,174.9300
1623834553272000,0,16.84686192,174.9400
1623834553272000,0,5.72035866,174.9400
1623834553272000,0,28.60744547,174.9600
1623834553272000,0,1.80000000,174.9600
1623834553272000,0,22.27964153,174.9700
1623834553272000,0,6.93030195,174.9900
1623834553272000,0,3.38568447,174.9900
1623834553272000,0,17.32516175,175.0100
1623834553272000,0,54.42255702,175.0200
1623834553272000,0,42.91116820,175.0200
1623834553272000,0,0.37500000,175.0300
1623834553272000,0,45.20000000,175.0400
1623834553272000,0,45.04094199,175.0600
1623834553272000,0,0.36375000,175.0800
1623834553272000,0,34.64751582,175.0800
1623834553272000,0,176.91560000,175.0800
1623834553272000,0,8.58072990,175.0900
1623834553272000,0,0.83970949,175.0900
1623834553272000,0,116.58850000,175.1100
1623834553272000,0,0.36000000,175.1300
1623834553272000,0,8.47636175,175.1400
1623834553272000,0,4.90000000,175.2500
1623834553272000,0,46.06261008,175.2700
1623834577339000,1,13.69000000,174.7800
1623834597700000,1,1.99920000,174.7800
1623834676400000,0,5.71880000,174.9800
1623834676433000,0,0.00000617,174.9800
1623834711059000,1,0.38625000,174.9000
1623834735452000,0,1.80000000,175.0300
1623834735452000,0,5.71791740,175.0300
1623834735452000,0,9.04553446,175.0300
1623834735452000,0,11.42400000,175.0700
1623834735452000,0,8.53789479,175.0900
1623834735452000,0,45.20000000,175.0900
1623834735452000,0,28.58958697,175.0900
1623834735452000,0,3.28758793,175.1100
1623834735452000,0,8.64850975,175.1400
1623834735452000,0,30.00000000,175.1400
1623834735452000,0,42.88309213,175.1500
1623834735452000,0,41.79880809,175.1600
1623834735452000,0,16.29663671,175.1700
1623834735452000,0,4.90000000,175.2100
1623834735452000,0,0.37125000,175.2300
1623834735452000,0,8.47065881,175.2500
1623834735452000,0,22.29338890,175.2600
1623834735452000,0,127.81770000,175.2600
1623834735452000,0,0.36375000,175.2700
1623834735452000,0,96.79900000,175.2800
1623834735452000,0,0.38625000,175.3100
1623834735452000,0,90.40000000,175.3300
1623834735452000,0,14.80000000,175.5300
1623834735452000,0,49.80000000,175.5400
1623834735452000,0,63.25756986,175.5500
1623834735452000,0,267.11086420,176.0500
1623834735858000,0,5.71791740,175.0300
1623834745198000,0,1.80000000,175.0900
1623834745198000,0,2.63039040,175.0900
1623834745198000,0,4.09396850,175.0900
1623834813828000,1,0.38250000,174.9300
1623834813828000,1,10.16750000,174.9300
1623834822781000,1,12.56000000,174.9200
1623834824780000,1,43.97540645,174.9200
1623834824780000,1,17.50459355,174.9200
1623834826783000,1,105.09000000,174.7900
1623834828792000,1,61.83000000,174.7900
1623834885052000,1,2.35231627,174.8100
1623834885202000,1,5.88084865,174.7700
1623834885856000,0,1.80000000,174.7300
1623834885856000,0,11.93425107,174.7400
1623834886091000,1,0.20000000,174.5700
1623834886185000,1,2.15231627,174.5700
1623834886185000,1,3.63683419,174.5700
1623834886259000,1,2.24401446,174.5700
1623834887636000,1,11.20000000,174.5400
1623834900363000,1,0.59691636,174.5200
1623834910995000,0,0.37500000,174.6500
1623834912299000,0,5.35401000,174.6500
1623834914094000,0,0.00000901,174.6500
1623834914094000,0,5.72901901,174.6500
1623834915699000,0,5.72621000,174.7200
1623834921301000,0,0.00000436,174.7200
1623834921301000,0,5.72620564,174.7200
1623834921459000,0,0.00000872,174.7200
1623834936633000,1,0.37155237,174.6700
1623834949375000,1,11.43220000,174.5900
1623834949797000,1,11.42600000,174.5300
1623834949890000,1,40.48600000,174.5200
1623834949890000,1,14.22500000,174.5200
1623834950129000,1,11.44940000,174.5200
1623834989077000,1,242.16700000,174.3500
1623834989077000,1,11.45170000,174.3400
1623834989077000,1,17.31063899,174.3200
1623834989077000,1,56.57139625,174.3100
1623834989077000,1,173.90290000,174.2500
1623834989077000,1,2.23605841,174.2500
1623834989077000,1,5.59018549,174.2400
1623834989077000,1,27.33800000,174.2400
1623834989077000,1,0.43212086,174.2400
1623834990715000,1,4.90000000,174.2100
1623834990715000,1,14.80000000,174.2000
1623834995611000,0,5.74169845,174.2900
1623834995675000,1,75.79900000,174.2900
1623835004352000,1,4.92074766,174.1200
1623835004418000,1,0.31097353,174.1200
1623835004418000,1,1.08902647,174.1100
1623835005932000,1,249.59186206,174.1100
1623835006475000,1,5.09371147,174.1100
1623835008626000,1,4.90000000,174.1500
1623835011169000,0,0.71400000,174.2000
1623835012230000,0,11.20000000,174.2400
1623835012386000,0,11.20000000,174.2600
1623835012386000,0,45.20000000,174.2700
1623835012386000,0,11.44490000,174.2900
1623835012386000,0,16.73497604,174.3500
1623835012386000,0,5.74047808,174.3700
1623835012386000,0,28.70468272,174.3800
1623835012386000,0,17.38169408,174.4600
1623835012386000,0,45.18763990,174.4600
1623835012386000,0,2.11003509,174.4700
1623835012386000,0,16.29559409,174.4800
1623835014046000,1,44.80000000,174.1600
1623835016061000,0,8.01811591,174.2100
1623835016133000,0,3.18188409,174.2100
1623835035385000,1,0.47708360,174.0700
1623835058381000,0,5.74000000,174.1600
1623835058382000,0,0.00567117,174.1600
1623835065373000,0,5.74000000,174.2200
1623835065378000,0,0.00316554,174.2200
1623835081676000,1,0.00973640,174.0700
1623835082224000,1,14.56905841,174.0000
1623835082275000,1,5.43094159,174.0000
1623835082275000,1,10.00000000,174.0000
1623835082413000,1,2.39818022,173.9800
1623835082422000,1,0.00000001,173.9800
1623835082422000,1,2.39818021,173.9800
1623835082469000,1,2.39809761,173.9700
1623835082639000,1,13.73834812,173.9100
1623835082718000,1,1.85053938,173.9100
1623835082914000,1,2.40010586,173.8700
1623835082914000,1,5.99916748,173.8700
1623835082914000,1,15.59909809,173.8200
1623835084783000,0,1.80000000,173.8600
1623835103709000,1,11.50300000,173.8000
1623835104502000,1,2.16987000,173.7500
1623835104507000,1,0.00000419,173.7500
1623835104507000,1,2.16972441,173.7100
1623835106919000,0,4.13941125,173.7800
1623835109472000,0,0.21786355,173.8200
1623835142388000,0,5.75644000,173.8600
1623835144706000,0,0.50000000,173.9100
1623835177493000,1,2.41000000,173.9600
1623835275417000,0,5.75080000,173.9600
1623835276993000,0,0.00007057,173.9600
1623835276993000,0,5.75086943,173.9600
1623835277078000,0,11.47360000,174.0100
1623835296685000,0,5.74890000,174.0600
1623835296705000,0,0.00009024,174.0600
1623835314095000,0,5.74890000,174.0800
1623835320486000,0,5.74508000,174.2000
1623835321946000,1,11.20000000,174.1300
1623835322353000,1,2.31490902,174.1100
1623835322353000,1,2.30509098,174.1100
1623835381192000,0,2.12500000,174.1000
1623835381690000,1,2.16766729,173.9600
1623835381690000,1,5.41918271,173.9600
1623835381755000,1,0.00001405,173.9600
1623835393558000,1,11.48150000,173.9000
1623835437543000,0,6.95783000,174.2600
1623835437630000,0,0.00000482,174.2600
1623835479369000,0,17.39658000,174.3600
1623835659579000,1,0.46000000,173.9400
1623835731985000,0,5.17000000,174.1200
1623835732053000,0,0.00324644,174.1200
1623835868461000,0,5.16340000,174.4300
1623835932232000,1,3.81000000,174.1800
1623835932373000,1,13.86300000,174.1800
1623835932440000,1,27.64300000,174.1700
1623835981164000,1,0.21189560,174.0600
1623835987061000,0,0.37500000,174.1900
1623836108673000,0,0.00002436,174.4300
1623836114393000,0,4.58779702,174.4900
1623836119637000,0,0.40710620,174.5400
1623836201183000,0,0.33000000,174.3200
1623836211229000,0,1.13700000,174.3200
1623836224362000,0,1.80000000,174.2000
1623836224362000,0,0.39411710,174.2500
1623836236707000,0,11.44930000,174.3700
1623836236707000,0,0.57403816,174.3700
1623836236814000,1,0.57403816,174.3700
1623836236902000,1,9.30891489,174.3700
1623836486847000,0,0.57000000,174.5700
1623836565669000,0,5.73000000,174.6300
1623836637517000,0,0.00059695,174.6300
1623836760177000,1,11.97000000,174.6400
1623836803453000,1,24.30000000,174.5600
1623836836296000,1,0.00400000,174.5600
1623836836296000,1,0.35639500,174.5600
1623836863231000,1,0.73000000,174.4000
1623836945936000,0,0.37500000,174.4600
1623836946426000,1,0.00463000,174.4000
1623836947197000,0,0.37500000,174.4600
1623837122335000,0,5.73979000,174.3200
1623837190161000,1,0.37500000,174.2400
1623837231156000,1,4.67322057,174.0600
1623837254456000,1,4.90000000,174.0200
1623837254456000,1,5.74390631,174.0100
1623837254456000,1,1.61474832,174.0100
1623837254456000,1,4.03687079,174.0100
1623837279177000,0,5.74391000,174.2000
1623837435603000,0,5.74000000,174.1400
1623837451218000,0,0.53200000,174.1900
1623837501236000,0,1.42500000,174.1000
1623837503616000,1,0.51402960,174.0400
1623837504226000,1,0.01049040,174.0400
1623837504226000,1,3.00000000,174.0000
1623837505031000,0,4.32157372,174.1000
1623837505031000,0,1.80000000,174.1000
1623837505031000,0,11.19842628,174.1000
1623837511409000,1,2.24366310,173.9600
1623837542960000,0,5.75000000,173.9100
1623837543043000,0,0.00412271,173.9100
1623837546750000,0,5.75000000,173.9800
1623837549805000,0,0.00241669,173.9800
1623837549805000,0,5.74758331,173.9800
1623837577345000,0,0.00483338,173.9800
1623837577345000,0,5.74516662,173.9800
1623837605151000,1,6.07762323,173.7800
1623837608034000,1,8.53950000,173.7800
1623837610450000,1,8.61370000,173.7800
1623837611990000,1,1.88000000,173.7800
1623837613336000,1,8.13617000,173.7800
1623837615546000,1,0.00000677,173.7800
1623837620396000,1,6.27000000,173.6400
1623837622006000,1,1.95999118,173.6400
1623837622544000,1,3.45000000,173.6400
1623837622688000,1,0.00100882,173.6400
1623837623616000,0,1.80000000,173.7100
1623837623616000,0,45.20000000,173.7100
1623837623616000,0,5.76000000,173.7200
1623837624420000,0,0.00114672,173.7200
1623837624420000,0,1.80000000,173.7200
1623837643657000,0,5.76000000,173.6600
1623837643675000,0,0.00292465,173.6600
1623837686707000,1,11.20000000,173.3400
1623837694285000,0,1.80000000,173.5000
1623837697011000,0,57.12000000,173.6000
1623837780130000,1,3.37000000,173.7800
1623837780183000,1,51.12257688,173.7800
1623837901215000,0,0.23400000,173.9500
1623837931205000,0,1.32900000,173.9100
1623837937304000,0,1.00000000,173.9100
1623837979038000,0,5.75464436,173.9400
1623837979038000,0,9.39535564,173.9400
1623837979041000,0,0.00312844,173.9400
1623838076277000,0,5.75000000,173.8900
1623838116374000,0,5.74000000,174.1400
1623838142459000,0,17.56026309,174.2400
1623838379259000,1,0.77000000,173.9500
1623838380250000,1,0.00958000,173.9500
1623838396243000,0,5.75000000,173.9900
1623838396244000,0,0.00199752,173.9900
1623838402444000,0,5.75000000,173.9900
1623838402673000,0,0.00199752,173.9900
1623838403806000,0,5.63462618,174.0400
1623838513828000,0,5.75000000,174.0100
1623838513987000,0,0.00101059,174.0100
1623838515108000,0,5.75000000,174.0100
1623838516426000,0,0.00101059,174.0100
1623838516426000,0,11.19898941,174.0600
1623838516521000,0,0.00101059,174.0600
1623838529859000,0,5.74000000,174.1200
1623838557954000,0,5.74000000,174.1800
1623838557986000,0,0.00572902,174.1800
1623838559350000,0,28.72000000,174.2400
1623838562138000,0,0.00864509,174.2400
1623838562138000,0,5.74135491,174.2800
1623838574289000,0,0.00118993,174.2800
1623838574289000,0,5.73881007,174.3300
1623838574679000,0,0.00220935,174.3300
1623838574679000,0,22.96779065,174.3400
1623838574721000,0,5.74493351,174.3400
1623838576109000,0,5.74000000,174.3300
1623838620198000,0,1.63850943,174.2300
1623838621200000,0,0.69700000,174.2300
1623838629793000,0,3.40000000,174.2300
1623838629839000,0,0.00939788,174.2300
1623838631144000,0,0.11422178,174.3100
1623838676432000,1,0.45895959,173.9500
1623838681044000,0,5.75000000,174.0200
1623838681046000,0,0.00163815,174.0200
1623838681101000,0,6.96565608,174.0500
1623838682748000,0,11.20000000,174.0100
1623838717460000,1,7.50000000,173.7900
1623838740549000,0,5.75000000,173.9100
1623838740559000,0,0.00429459,173.9100
1623838795736000,0,5.14000000,173.7200
1623838795913000,0,0.62142146,173.7200
1623838817439000,1,8.76282719,173.6200
1623838817578000,1,1.87000000,173.6200
1623838817628000,1,12.74000000,173.6200
1623838817660000,1,10.15817281,173.6200
1623838817660000,1,8.91300000,173.6200
1623838881999000,0,5.76000000,173.5900
1623838893356000,0,0.00442669,173.5900
1623838893356000,0,5.75557331,173.5900
1623838953698000,0,5.76000000,173.6400
1623838954322000,0,1.29920000,173.6600
1623838980664000,0,11.94071425,173.8100
1623839043647000,0,3.36189931,173.7600
1623839138149000,1,0.64000000,173.6100
1623839138180000,1,0.00953000,173.6100
1623839174604000,0,5.76000000,173.5300
1623839190035000,0,0.00651254,173.5300
1623839190035000,0,28.83348746,173.5400
1623839232282000,0,5.19000000,173.4900
1623839236468000,0,0.00111304,173.4900
1623839236468000,0,5.18888696,173.4900
1623839237330000,0,0.00222608,173.4900
1623839243038000,0,5.18940136,173.5400
1623839243040000,0,0.00000001,173.5400
1623839287852000,1,6.87001182,173.3100
1623839287871000,1,7.16653362,173.3100
1623839330784000,1,1.16790873,173.0700
1623839332357000,0,14.85000000,173.2500
1623839332781000,0,0.00064268,173.2500
1623839421269000,1,1.99999999,173.0000
1623839421270000,1,0.00000001,173.0000
1623839421704000,1,1.00000000,172.9500
1623839421967000,1,4.78264163,172.9400
1623839421977000,1,3.15068528,172.9400
1623839424338000,0,1.80000000,172.9800
1623839448058000,0,5.78416000,173.0400
1623839500548000,0,5.78752000,172.9200
1623839511593000,1,11.54370000,172.7700
1623839537661000,0,5.79268000,172.7700
1623839537673000,0,0.00000489,172.7700
1623839547158000,1,11.20000000,172.8500
1623839547158000,1,2.53364842,172.7500
1623839547158000,1,2.53358981,172.7500
1623839547158000,1,6.33406250,172.7500
1623839548415000,1,0.87000000,172.7300
1623839548609000,1,1.66358981,172.7300
1623839548609000,1,1.35068184,172.7300
1623839555096000,0,11.20000000,172.8000
1623839573291000,0,0.77033908,172.8200
1623839577169000,0,5.79081995,172.8200
1623839588224000,0,5.78688000,172.9300
1623839629945000,0,5.78000000,172.9700
1623839630023000,0,0.00497827,172.9700
1623839668256000,0,5.78546621,172.9600
1623839694718000,0,5.78000000,173.0200
1623839810912000,1,89.25000000,172.8400
1623839813898000,0,5.78698000,172.8900
1623839833058000,0,0.00000386,172.8900
1623839833058000,0,5.78678614,172.9000
1623839880533000,0,0.00001080,172.9000
1623839952289000,0,0.00000083,173.0400
1623839975385000,1,0.00557850,172.8400
1623839975385000,1,0.92442150,172.8400
1623839992187000,1,0.00669850,172.8400
1623840009755000,1,26.04000000,172.7100
1623840011026000,1,5.47700000,172.7100
1623840016318000,1,9.76637681,172.5000
1623840017184000,1,11.20000000,172.5000
1623840022911000,1,28.35162000,172.2100
1623840022972000,1,8.00000000,172.2100
1623840023319000,1,24.98626244,172.2100
1623840035308000,0,23.12907000,172.3500
1623840054142000,0,0.00000602,172.3500
1623840088022000,1,15.52300000,172.1800
1623840088548000,1,2.12162636,172.0300
1623840088548000,1,1.57837364,172.0300
1623840111170000,0,0.62700000,172.5700
1623840148507000,1,26.95000000,172.0200
1623840170042000,0,11.58610000,172.2900
1623840172160000,0,56.22114000,172.3700
1623840174444000,1,0.73300000,172.3200
1623840243379000,1,1.31300000,172.3500
1623840263612000,1,0.38906000,172.5700
1623840263809000,1,0.00794000,172.5700
1623840344654000,1,54.80000000,172.1200
1623840391185000,0,1.46500000,172.2400
1623840409358000,1,1.45596066,171.8600
1623840409358000,1,3.63403934,171.8600
1623840461346000,1,0.98000000,172.2800
1623840461348000,1,0.00500000,172.2800
1623840480674000,1,0.68330000,172.1600
1623840489950000,0,55.05998183,172.1800
1623840512668000,0,5.81000000,172.2100
1623840512789000,0,0.00045026,172.2100
1623840553588000,0,5.80889792,172.2700
1623840583553000,0,0.56000000,172.3400
1623840732272000,0,5.80000000,172.2600
1623840732275000,0,0.00866382,172.2600
1623840755327000,1,0.19261308,172.0800
1623840831195000,0,0.20000000,172.2400
1623840834921000,0,5.80000000,172.3100
1623840835108000,0,0.00027955,172.3400
1623840866207000,0,5.79901979,172.5900
1623840866207000,0,11.57569021,172.5900
1623840893048000,1,1.92845775,172.5100
1623840893330000,1,4.82000000,172.5000
1623840893345000,1,0.00103264,172.5000
1623840893897000,1,9.79670454,172.4800
1623840894092000,1,0.19993275,172.4800
1623840903314000,1,41.92000000,172.3600
1623840923746000,0,1.80000000,172.1400
1623840923746000,0,5.81407730,172.1600
1623840923746000,0,11.20000000,172.1600
1623840923746000,0,16.67950637,172.1800
1623840923746000,0,23.50641633,172.1900
1623840959430000,1,1.00000000,171.8600
1623840969553000,0,1.85000000,171.9000
1623840969590000,0,3.97214539,171.9000
1623841088151000,0,5.81000000,171.9500
1623841088249000,0,0.00922532,171.9500
1623841090177000,0,5.81000000,172.0700
1623841122386000,0,5.81000000,172.1300
1623841147007000,0,0.00379942,172.1300
1623841147007000,0,5.80620058,172.2400
1623841152707000,0,0.00316017,172.2400
1623841167930000,1,11.60070000,172.2200
1623841228024000,0,4.50000000,172.1200
1623841228300000,0,1.31394000,172.1200
1623841228607000,0,0.00000542,172.1200
1623841274178000,1,30.07700000,172.0400
1623841274178000,1,7.99500000,172.0400
1623841279354000,1,0.65361000,171.8700
1623841279354000,1,11.63280000,171.8700
1623841297043000,1,6.00001000,171.6000
1623841297062000,1,3.36967183,171.6000
1623841297111000,1,1.16256451,171.6000
1623841297140000,1,1.10355366,171.6000
1623841297140000,1,4.43417135,171.5900
1623841297155000,1,10.89832134,171.5900
1623841297175000,1,2.33717000,171.5900
1623841307899000,0,5.82000000,171.7000
1623841334644000,1,11.63960000,171.2600
1623841334644000,1,1.98986000,171.2500
1623841334685000,1,1.41686308,171.2500
1623841334685000,1,1.36268923,171.2500
1623841334685000,1,8.86006470,171.2500
1623841372587000,0,5.84246000,171.2900
1623841372749000,0,0.00000519,171.2900
1623841372749000,0,19.72609481,171.3000
1623841383768000,0,5.83959000,171.3600
1623841390903000,0,0.00000736,171.3600
1623841390903000,0,5.83526264,171.4900
1623841391063000,0,0.35000000,171.5200
1623841411281000,1,18.18000000,171.4000
1623841411376000,1,0.00609399,171.4000
1623841427286000,1,18.09716315,171.0800
1623841427286000,1,56.55283685,171.0800
1623841427323000,1,0.00809352,171.0800
1623841442642000,1,17.00000000,171.0000
1623841442642000,1,13.00000000,171.0000
1623841442642000,1,10.59000000,171.0000
1623841442701000,1,0.00573099,171.0000
1623841446243000,1,0.29235228,170.7700
1623841447339000,1,0.37500000,170.5900
1623841447339000,1,44.24320000,170.5300
1623841448463000,1,0.37502139,170.5300
1623841448463000,1,0.37875000,170.5100
1623841448463000,1,0.41132861,170.4900
1623841449683000,1,2.00000000,170.3600
1623841462431000,1,0.59020000,170.2200
1623841462484000,1,0.00000874,170.2200
1623841465686000,1,0.52000000,170.0000
1623841465686000,1,5.96277988,170.0000
1623841466369000,1,7.53722012,170.0000
1623841466369000,1,29.12055911,170.0000
1623841466369000,1,33.34222077,170.0000
1623841466994000,1,16.65000000,170.0000
1623841467540000,1,0.00777923,170.0000
1623841471520000,1,1.96748453,169.7400
1623841471520000,1,0.76830480,169.7400
1623841471520000,1,0.36749067,169.7400
1623841471692000,1,0.00000933,169.7400
1623841475269000,0,1.80000000,169.8000
1623841475406000,0,5.33817244,169.8000
1623841475502000,0,7.14297688,169.8200
1623841476809000,0,11.20000000,169.9900
1623841482135000,1,1.09776119,170.0900
1623841484536000,1,0.37500000,170.1500
1623841484667000,1,0.53766714,170.1500
1623841484668000,1,0.00000001,170.1500
1623841484909000,1,0.97049015,170.0500
1623841484909000,1,0.43273936,170.0300
1623841486828000,0,7.37581551,170.1200
1623841488661000,0,7.12190000,170.1600
1623841488762000,0,0.00004303,170.1600
1623841496198000,0,7.11201403,170.3900
1623841503849000,0,11.70650000,170.6500
1623841504126000,0,7.09936000,170.6700
1623841504310000,0,0.00000149,170.6700
1623841504310000,0,30.76990851,170.6800
1623841510590000,0,0.34678931,170.6600
1623841513083000,0,0.00000593,170.6800
1623841513083000,0,8.84920407,170.7100
1623841520882000,1,1.41836236,170.4300
1623841520882000,1,3.54615547,170.4100
1623841520882000,1,1.89183765,170.3600
1623841541733000,0,11.70580000,170.6200
1623841552735000,1,0.14700000,170.5000
1623841552750000,1,0.00300000,170.5000
1623841553314000,1,1.04324840,170.3700
1623841577640000,0,11.72950000,170.5400
1623841579886000,0,7.10422644,170.7700
1623841579886000,0,17.75999057,170.7700
1623841602883000,0,17.73525551,170.8800
1623841602883000,0,7.09409449,170.8800
1623841603073000,0,0.00000752,170.8800
1623841610252000,0,56.86000000,171.0500
1623841610262000,0,0.00183681,171.0500
1623841618070000,0,7.08049852,171.1800
1623841620084000,1,1.70152440,171.0700
1623841620084000,1,4.65117560,171.0700
1623841620111000,1,0.00000534,171.0700
1623841629608000,0,5.83508648,171.1200
1623841707384000,1,0.73000000,170.6100
1623841712866000,1,0.00090000,170.6100
1623841715453000,0,0.37410000,170.6000
1623841792855000,1,0.34099999,170.5700
1623841792856000,1,0.00000001,170.5700
1623841801247000,1,1.12200000,170.5900
1623841818889000,0,11.69620000,170.6500
1623841823038000,1,0.95999999,170.6900
1623841823040000,1,0.00000001,170.6900
1623841830109000,0,16.38000000,170.7700
1623841830124000,0,0.59362118,170.7700
1623841831221000,0,0.73600000,170.8700
1623841841218000,0,0.47100000,170.9400
1623841847671000,0,5.85844000,170.8600
1623841863171000,0,5.85000000,170.8300
1623841863246000,0,0.00961989,170.8300
1623841871260000,1,0.50400000,171.0300
1623841886320000,0,3.00000000,170.9600
1623841918456000,1,5.86030811,170.5800
1623841951183000,0,1.19200000,170.7500
1623841984656000,0,8.67000000,170.7900
1623841991185000,0,0.73200000,170.9900
1623841999462000,1,6.23094520,170.8300
1623842001193000,0,0.73500000,171.0500
1623842098513000,1,5.86000000,170.4800
1623842098948000,1,0.00331929,170.4800
1623842098948000,1,1.78136883,170.4300
1623842098948000,1,4.45342207,170.4300
1623842098948000,1,52.22188794,170.4200
1623842108492000,0,54.19342801,170.5500
1623842108492000,0,7.09657199,170.5500
1623842111194000,0,0.26400000,170.6500
1623842112045000,0,5.00000000,170.7400
1623842118096000,1,5.38000000,170.5300
1623842122183000,1,33.37900000,170.5300
1623842124439000,1,11.20000000,170.3100
1623842149421000,0,0.11673608,170.4700
1623842154192000,1,13.34564000,170.2400
1623842156683000,1,0.26691280,170.2400
1623842157563000,1,0.00544720,170.2400
1623842157563000,1,1.77455280,170.1900
1623842161968000,1,0.00133566,170.1900
1623842180727000,1,11.20000000,170.0600
1623842186995000,0,11.72830000,170.1800
1623842201198000,0,0.49600000,170.3600
1623842201890000,0,11.70960000,170.3500
1623842202018000,0,10.99215000,170.3600
1623842202143000,1,0.36750000,170.2300
1623842202143000,1,9.63250000,170.2000
1623842206278000,0,0.00000128,170.3600
1623842232566000,1,5.00000000,170.3000
1623842256496000,0,0.35022879,170.4600
1623842264367000,1,30.00000000,170.1200
1623842264367000,1,1.40760106,170.1100
1623842264367000,1,55.50358675,170.1100
1623842264367000,1,3.51900266,170.1000
1623842264367000,1,44.04279531,170.0900
1623842264367000,1,9.14974115,170.0600
1623842287914000,0,55.33000000,170.1300
1623842287986000,0,11.20000000,170.1200
1623842287986000,0,0.00883909,170.1300
1623842287986000,0,11.20000000,170.1400
1623842287986000,0,5.88160067,170.1500
1623842298679000,1,0.81000000,170.1700
1623842302801000,0,5.87000000,170.3000
1623842302894000,0,0.00681529,170.3000
1623842302894000,0,7.11581022,170.3100
1623842303500000,0,7.11700000,170.3600
1623842303674000,0,0.00006268,170.3600
1623842303674000,0,7.11573732,170.3600
1623842303725000,0,0.00007290,170.3600
1623842303725000,0,0.37875000,170.3700
1623842304745000,0,0.37875000,170.4100
1623842311197000,0,1.19200000,170.6300
1623842358392000,1,0.00097000,170.1700
1623842358392000,1,11.20000000,170.1700
1623842359479000,1,53.86759639,170.0400
1623842366601000,1,0.36000000,170.2000
1623842366606000,1,0.00375000,170.2000
1623842366606000,1,0.93722993,170.1600
1623842411170000,0,0.46300000,170.2700
1623842422104000,1,1.40434000,170.2100
1623842426095000,1,0.02866000,170.2100
1623842426926000,1,17.44000000,170.0000
1623842436369000,0,11.73620000,170.2100
1623842442183000,1,0.73500000,170.2800
1623842461134000,0,53.40198000,170.1700
1623842461198000,0,0.00000578,170.1700
1623842461198000,0,0.73499422,170.2000
1623842541178000,0,0.90200000,170.1700
1623842595672000,1,1.80000000,169.9100
1623842595672000,1,11.20000000,169.9000
1623842595672000,1,27.33800000,169.9000
1623842595672000,1,1.14940200,169.8900
1623842595672000,1,1.14949667,169.8800
1623842595672000,1,0.37875000,169.8800
1623842595672000,1,1.05634817,169.8800
1623842834256000,1,0.78805714,170.0200
1623842867423000,1,3.57000000,170.0100
1623842928994000,0,0.34728400,170.1500
1623842936425000,0,17.38750723,170.1800
1623842936498000,0,0.35400000,170.1800
1623842936638000,0,0.00084709,170.1800
1623842936638000,0,5.87965258,170.2100
1623842936638000,0,56.62936069,170.2200
1623842958854000,1,11.53000000,170.0600
1623843012236000,1,1.25000000,170.0600
1623843015748000,1,0.15000000,170.0000
1623843015748000,1,0.20400000,170.0000
1623843016225000,1,0.59000000,170.0000
1623843016606000,1,25.42000000,170.0600
1623843030887000,1,0.00997000,170.0000
1623843039274000,1,56.62705339,169.7200
1623843039274000,1,11.19999661,169.7200
1623843077709000,1,12.26960000,169.6400
1623843077735000,1,0.25040000,169.6400
1623843082999000,0,1.80000000,169.5900
1623843082999000,0,11.77650000,169.6000
1623843082999000,0,3.12130178,169.6200
1623843083608000,0,1.80000000,169.6100
1623843083608000,0,5.36398633,169.6200
1623843085753000,0,0.59600000,169.4200
1623843085759000,0,0.00061400,169.4200
1623843112866000,1,5.90162629,169.3800
1623843112866000,1,11.19837371,169.3800
1623843134532000,0,56.55240316,169.6300
1623843134966000,0,5.89000000,169.6900
1623843192019000,0,0.38000000,169.8500
1623843192021000,0,6.75508880,169.8500
1623843198373000,1,5.88802401,169.7500
1623843198373000,1,8.37693004,169.7500
1623843241195000,0,0.66300000,170.0700
1623843279257000,1,1.74000000,170.0600
1623843279392000,1,5.87790000,170.0400
1623843279636000,1,1.20830630,170.0200
1623843279636000,1,53.68399162,170.0100
1623843332562000,1,5.88000000,169.8900
1623843396498000,0,11.20000000,169.8000
1623843445377000,0,11.20000000,169.7600
1623843445470000,0,11.20000000,169.7800
1623843445470000,0,5.89314597,169.7900
1623843446545000,0,8.74985278,169.8200
1623843453054000,0,16.82000000,170.0700
1623843550964000,1,17.32697111,170.0800
1623843575574000,1,0.69000000,170.0500
1623843575828000,1,0.00779000,170.0500
1623843686986000,1,0.59317247,169.3700
1623843694180000,0,0.38241000,169.3900
1623843701250000,1,0.55000000,169.4800
1623843706536000,0,17.21706000,169.4900
1623843721184000,0,1.46500000,169.8100
1623843777027000,1,1.80000000,169.2600
1623843777027000,1,2.70000000,169.2500
1623843783401000,0,5.90574753,169.4900
1623843943029000,1,0.48608000,169.1900
1623843951028000,0,11.80500000,169.2300
1623843956130000,0,8.31381000,169.3300
1623843964860000,0,7.15150000,169.4600
1623843965741000,0,1.75504759,169.5100
1623843965744000,0,1.09249413,169.5100
1623844009535000,1,5.90000000,169.1600
1623844111385000,0,55.90000000,170.0200
1623844121264000,1,18.00000000,169.8800
1623844126116000,1,0.70260000,169.8400
1623844311314000,0,1.00000000,170.3700
1623844414467000,1,55.55656501,170.1900
1623844414488000,1,1.13380745,170.1900
1623844477137000,0,0.58000000,170.3500
1623844499905000,0,5.87000000,170.4500
1623844499933000,0,0.00126817,170.4500
1623844611924000,0,3.53438569,170.2100
1623844633115000,0,5.88000000,170.1700
1623844633117000,0,0.00023473,170.1700
1623844749112000,0,0.35420666,169.9600
1623844754009000,1,0.46441000,169.9000
1623844756821000,1,1.90289392,169.8400
1623844765332000,1,1.09710000,169.8400
1623844765869000,1,0.00000608,169.8400
1623844806973000,0,11.20000000,169.6300
1623844814630000,1,4.00000000,169.5500
1623844816920000,1,1.00000000,169.3800
1623844848853000,0,16.80000000,169.3200
1623844851503000,0,52.08000000,169.3800
1623844856701000,1,0.52288933,169.3000
1623844860377000,1,0.36844266,169.1600
1623844875477000,0,5.91174563,169.3200
1623844925046000,1,11.81760000,169.0500
1623844925949000,1,1.00000000,169.0200
1623844926184000,1,11.79510000,168.9200
1623844926325000,1,1.03303113,168.8400
1623844926626000,1,2.58290511,168.8100
1623844926626000,1,11.83690000,168.7900
1623844932721000,1,0.59612819,168.5300
1623844935036000,0,1.80000000,168.5800
1623844935122000,0,11.20000000,168.5900
1623844937585000,0,7.18055000,168.7200
1623844941836000,0,0.26655610,168.8800
1623844953581000,1,1.00000000,168.7200
1623844974199000,0,5.80631256,168.8900
1623844974225000,0,0.11849617,168.8900
1623845013385000,0,120.11000000,169.0000
1623845013445000,0,36.61171000,169.0000
1623845013452000,0,16.64000000,169.0000
1623845013459000,0,9.80000000,169.0000
1623845013829000,0,25.00000000,169.0000
1623845013928000,0,28.00000000,169.0000
1623845014000000,0,42.00000000,169.0000
1623845014790000,0,421.70782812,169.0000
1623845014790000,0,137.34457634,169.0000
1623845015504000,0,11.40000000,169.0000
1623845015526000,0,0.00923274,169.0000
1623845051853000,1,11.81090000,168.7400
1623845070151000,1,11.20000000,168.7100
1623845070151000,1,1.80000000,168.7000
1623845070151000,1,27.33800000,168.7000
1623845070151000,1,11.20000000,168.6900
1623845070151000,1,11.83970000,168.6800
1623845070151000,1,0.37500000,168.6800
1623845070151000,1,5.92382832,168.6800
1623845070151000,1,0.86661096,168.6600
1623845070151000,1,4.05096531,168.6500
1623845078420000,1,11.20000000,168.7200
1623845078420000,1,54.77860454,168.7200
1623845078420000,1,2.15498297,168.7100
1623845078420000,1,6.46890554,168.7000
1623845086681000,1,5.92382832,168.6800
1623845086681000,1,11.83700000,168.6600
1623845086681000,1,14.39843253,168.6500
1623845086681000,1,0.85148409,168.6400
1623845086681000,1,0.37125000,168.6300
1623845086681000,1,5.53471262,168.6100
1623845086681000,1,27.33800000,168.6100
1623845086681000,1,8.82028469,168.6000
1623845086681000,1,0.37875000,168.5900
1623845086681000,1,3.53061078,168.5900
1623845094971000,1,5.92157076,168.7700
1623845094971000,1,11.20000000,168.7700
1623845094971000,1,0.78732451,168.7100
1623845094971000,1,1.96831127,168.7000
1623845094971000,1,27.33800000,168.7000
1623845094971000,1,1.80000000,168.6900
1623845094971000,1,5.09266616,168.6800
1623845094971000,1,24.95275683,168.6700
1623845117965000,0,27.01000000,168.8900
1623845133862000,0,17.04000000,168.9200
1623845149327000,0,5.92000000,168.9400
1623845153218000,0,0.00349529,168.9400
1623845153218000,0,5.91650471,168.9400
1623845162959000,1,1.19462285,168.9300
1623845162959000,1,1.19385715,168.9300
1623845262049000,0,0.16200000,169.3200
1623845265782000,0,0.00086545,169.3200
1623845303575000,1,1.16000000,169.4100
1623845303650000,1,0.00451498,169.4100
1623845303872000,1,1.16474000,169.3900
1623845306775000,1,0.78000000,169.3100
1623845326338000,1,0.13029236,169.3600
1623845345407000,0,7.15000000,169.5500
1623845357193000,1,17.90000000,169.3700
1623845408698000,1,0.22110284,169.5900
1623845410037000,1,11.20000000,169.5900
1623845470068000,1,0.62440000,169.3100
1623845551203000,0,0.56100000,168.9000
1623845551250000,0,1.00148016,168.9000
1623845562056000,1,1.63900000,169.0600
1623845601304000,1,0.29400000,169.1200
1623845618120000,0,5.32485121,169.1400
1623845618231000,0,17.50702059,169.1700
1623845761272000,1,2.64500000,169.0100
1623845789259000,1,53.65469000,168.9300
1623845789329000,1,0.00000897,168.9300
1623845824580000,1,5.92514000,168.7100
1623845862815000,1,16.76664220,168.5700
1623845864828000,0,1.80000000,168.5700
1623845864828000,0,17.79239400,168.5900
1623845864828000,0,56.75016686,168.5900
1623845864828000,0,11.20000000,168.5900
1623845864828000,0,11.20000000,168.6200
1623845865855000,1,1.52032000,168.5500
1623845866831000,0,0.36375000,168.6700
1623845866831000,0,0.36375000,168.7200
1623845878382000,1,29.27000000,168.5200
1623845888480000,1,190.28000000,168.5100
1623845903290000,1,1.64000000,168.5100
1623845903423000,1,0.00943121,168.5100
1623845907756000,1,0.25636000,168.3400
1623845908166000,1,0.00000291,168.3400
1623845908166000,1,2.99999709,168.2600
1623845910228000,0,0.14580000,168.4200
1623845913375000,1,0.36000000,168.2300
1623845913375000,1,0.20701678,168.2100
1623845916997000,0,4.20169358,168.5100
1623845923981000,0,11.20000000,168.3700
1623845923981000,0,11.20000000,168.3900
1623845923981000,0,1.56571092,168.3900
1623845924432000,0,11.20000000,168.3600
1623845924432000,0,5.63420044,168.3900
1623845924432000,0,1.80000000,168.3900
1623845924432000,0,5.33151048,168.4000
1623845931183000,0,1.25000000,168.5200
1623845945888000,0,4.15000000,168.4800
1623845951270000,1,0.80200000,168.6100
1623845957057000,1,5.93692000,168.3500
1623845967390000,0,0.12938661,168.4100
1623846011173000,0,0.31700000,168.7500
1623846051190000,1,18.39625000,168.6400
1623846080560000,1,54.53426000,168.5200
1623846080683000,1,0.00000110,168.5200
1623846084139000,1,5.93000000,168.3600
1623846123996000,0,29.31320000,168.7700
1623846130148000,0,28.11041000,168.7700
1623846130227000,0,0.00000105,168.7700
1623846130227000,0,11.82839895,168.7800
1623846130233000,0,0.00000105,168.7800
1623846157991000,1,5.91701000,168.8700
1623846158016000,1,0.00000642,168.8700
1623846177433000,1,5.92000000,168.7100
1623846238579000,1,0.72000000,169.1100
1623846240280000,1,0.00032000,169.1100
1623846243334000,1,5.91000000,168.9200
1623846318971000,1,3.80249153,168.7900
1623846378875000,1,5.91000000,168.9900
1623846397273000,1,9.00000000,168.8600
1623846436666000,0,1.29015094,169.0500
1623846461761000,1,5.91992702,168.8200
1623846461761000,1,11.19007298,168.8200
1623846494556000,1,5.91000000,168.8800
1623846497178000,1,0.00799585,168.8800
1623846497178000,1,44.08200415,168.8600
1623846510331000,1,5.91000000,168.8800
1623846514794000,1,0.00799585,168.8800
1623846516804000,1,5.91000000,168.8400
1623846521542000,1,0.00978589,168.8400
1623846521542000,1,29.59021411,168.7900
1623846545062000,1,11.20000000,168.7200
1623846641635000,0,11.84180000,168.5500
1623846660251000,0,11.85550000,168.8600
1623846681109000,0,11.81690000,169.0000
1623846727747000,0,0.37125000,168.8900
1623846727747000,0,1.90000000,168.9000
1623846727747000,0,11.20000000,168.9100
1623846727747000,0,6.52875000,168.9200
1623846741187000,0,0.65100000,168.7900
1623846764614000,1,2.50000000,168.7600
1623846885458000,0,18.07136000,169.0000
1623846891278000,0,1.92100000,169.0000
1623846901251000,0,0.76700000,168.9300
1623846931188000,0,0.68800000,168.7100
1623847001177000,0,0.56800000,168.9400
1623847121221000,0,0.23300000,168.8300
1623847141210000,0,0.75100000,168.9000
1623847149333000,1,0.25693483,168.7800
1623847149562000,1,0.22765517,168.7800
1623847274227000,0,0.00764000,169.0000
1623847274227000,0,0.24578434,169.0400
1623847377015000,0,0.79200000,169.1600
1623847456493000,1,3.60000000,169.1300
1623847458873000,1,5.91000000,169.0100
1623847472035000,1,0.00376604,169.0100
1623847472035000,1,5.90623396,169.0100
1623847477961000,1,29.56883018,168.9800
1623847526723000,0,24.56200000,169.1500
1623847535707000,1,5.90771939,169.1800
1623847551497000,0,8.63000000,169.3100
1623847558062000,1,5.90526629,169.2600
1623847599696000,1,4.00000000,169.2700
1623847751798000,1,0.65900000,169.4100
1623847781187000,0,0.64600000,169.5400
1623847786050000,1,5.89000000,169.5500
1623847831189000,0,0.15800000,169.5500
1623847851200000,0,0.73400000,169.5500
1623847865411000,0,0.20592050,169.5800
1623847886126000,0,1.33000000,169.4100
1623847886167000,0,15.62671729,169.4100
1623847886176000,0,11.20000000,169.4400
1623847903676000,1,2.29092704,169.3300
1623847965833000,0,1.77056800,169.3900
1623848004385000,0,54.16001623,169.3900
1623848008381000,0,16.54000000,169.3900
1623848022516000,0,27.33800000,169.3800
1623848022516000,0,5.90200000,169.3900
1623848030057000,0,0.00577256,169.3900
1623848030057000,0,23.28422744,169.4300
1623848034000000,0,5.90589044,169.4400
1623848057982000,0,5.90000000,169.3600
1623848103272000,0,5.90999636,169.3400
1623848103272000,0,9.81603062,169.3400
1623848129142000,0,1.30000000,169.1800
1623848144438000,0,37.61200000,169.2000
1623848144438000,0,9.99800000,169.2000
1623848187320000,0,5.91000000,169.1400
1623848190866000,0,5.91000000,169.2600
1623848192462000,0,0.00295200,169.2600
1623848193308000,0,5.91000000,169.2600
1623848195326000,0,0.00295200,169.2600
1623848195326000,0,5.90704800,169.2600
1623848225223000,1,1.00000000,169.0300
1623848254837000,0,5.92485000,168.9300
1623848279206000,1,1.00000000,168.8100
1623848291183000,0,5.92000000,168.9700
1623848302990000,0,0.00260651,168.9700
1623848302990000,0,5.91739349,169.0300
1623848324767000,0,5.92222024,168.9700
1623848353253000,0,5.92000000,168.9000
1623848549334000,0,4.37000000,169.2300
1623848590006000,1,11.80320000,169.1000
1623848611683000,0,5.91000000,169.2400
1623848632286000,0,0.00198461,169.2400
1623848632286000,0,0.00590400,169.2600
1623848632286000,0,5.90211139,169.2900
1623848639197000,0,5.90000000,169.3900
1623848662707000,0,5.90842517,169.3600
1623848662707000,0,1.90000000,169.3900
1623848662707000,0,8.74712235,169.4100
1623848662707000,0,0.36750000,169.4300
1623848662707000,0,11.80550000,169.4300
1623848662707000,0,25.31720128,169.4300
1623848662707000,0,19.98500000,169.4400
1623848662707000,0,1.90714023,169.4500
1623848670946000,0,5.90842517,169.3600
1623848670946000,0,1.90000000,169.3900
1623848670946000,0,8.74800778,169.4100
1623848670946000,0,12.65860064,169.4200
1623848670946000,0,11.77710000,169.4300
1623848670946000,0,7.15629250,169.4500
1623848670946000,0,8.97291395,169.4600
1623848670946000,0,0.37125000,169.4600
1623848670946000,0,17.88988763,169.4700
1623848670946000,0,0.49102488,169.4800
1623848679273000,0,5.90631579,169.4100
1623848679273000,0,1.90000000,169.4200
1623848679273000,0,11.79510000,169.4400
1623848679273000,0,8.79197403,169.4500
1623848679273000,0,30.00000000,169.4700
1623848679273000,0,0.37500000,169.4800
1623848679273000,0,8.16465016,169.4800
1623848679273000,0,13.63173308,169.4800
1623848679273000,0,1.48858429,169.4800
1623848687578000,0,1.90000000,169.3900
1623848687578000,0,5.90695776,169.4000
1623848687578000,0,8.92509296,169.4100
1623848687578000,0,11.77860000,169.4300
1623848687578000,0,11.20000000,169.4300
1623848687578000,0,29.53902786,169.4300
1623848687578000,0,12.93654411,169.4300
1623848734111000,0,11.78080000,169.3300
1623848734111000,0,3.94522698,169.3300
1623848766442000,0,5.91000000,169.2600
1623848766989000,0,0.00203031,169.2600
1623848768238000,0,20.56200000,169.3100
1623848768238000,0,5.91013553,169.3100
1623848768484000,0,0.22200000,169.3100
1623848796828000,1,7.43388000,169.2600
1623848803960000,1,0.00000869,169.2600
1623848813889000,0,5.91000000,169.2600
1623848828482000,0,1.90000000,169.2100
1623848828482000,0,3.10000000,169.2100
1623848830209000,0,1.00000000,169.1600
1623848831565000,0,7.16000000,169.2500
1623848831695000,0,0.00178323,169.2600
1623848855888000,0,1.54368874,169.3800
1623848872951000,1,0.93245574,169.2200
1623848873110000,1,3.76539794,169.2200
1623848873233000,1,5.92143517,169.2200
1623848927465000,1,1.34072778,169.0800
1623848927465000,1,3.35181945,169.0800
1623848935568000,0,1.90000000,169.1600
1623848936848000,0,1.90000000,169.1800
1623848964916000,0,5.91000000,169.1100
1623848979816000,0,5.91000000,169.1200
1623848979877000,0,0.00736162,169.1200
1623849025871000,1,2.10643558,168.9100
1623849025876000,1,3.39390034,168.9100
1623849026026000,1,5.70188752,168.9100
1623849026841000,1,4.39431617,168.8700
1623849026871000,1,6.42356735,168.8700
1623849026881000,1,1.00391648,168.8700
1623849035964000,0,28.00000000,168.9700
1623849038449000,0,7.99000000,168.9700
1623849107178000,0,5.93042209,168.7400
1623849163200000,0,1.54905213,168.8000
1623849178151000,1,52.58553598,168.6500
1623849178151000,1,5.92812822,168.6400
1623849238607000,0,0.34000000,168.6500
1623849250909000,0,4.20244646,168.4800
1623849269466000,1,11.87440000,168.0300
1623849269586000,1,25.27084165,168.0200
1623849269626000,1,13.00000000,168.0000
1623849269671000,1,1.85082551,167.9800
1623849269671000,1,1.14917449,167.9700
1623849269690000,1,0.70129871,167.9700
1623849269884000,1,12.01133959,167.9200
1623849270006000,1,1.85082551,167.9000
1623849270006000,1,4.90000000,167.8900
1623849270019000,1,1.85047320,167.9000
1623849270384000,0,1.67629862,167.8500
1623849270397000,0,22.68936628,167.8500
1623849270635000,0,1.90000000,167.8400
1623849270635000,0,1.25829369,167.8800
1623849270780000,1,1.00000000,167.7900
1623849270843000,1,0.85338376,167.7900
1623849270904000,1,38.00000000,167.7800
1623849271178000,1,0.59914917,167.6800
1623849271178000,1,0.37125000,167.6400
1623849272848000,0,0.20000000,167.7800
1623849272891000,0,1.00000000,167.7800
1623849272995000,0,34.53250000,167.7800
1623849273709000,0,7.21896226,167.9200
1623849273716000,0,0.00000001,167.9200
1623849274297000,0,1.85040000,167.9600
1623849274357000,0,5.36520710,167.9600
1623849280570000,0,0.95747000,167.8700
1623849281375000,0,0.00000269,167.8700
1623849295428000,0,11.90200000,168.1000
1623849305568000,0,11.88160000,168.1600
1623849332410000,1,1.27435611,168.1600
1623849333749000,1,10.07000000,168.1600
1623849363537000,0,27.00000000,168.3100
1623849363632000,0,0.24200000,168.3100
1623849363632000,0,13.41800000,168.3100
1623849375875000,1,17.62261271,168.1800
1623849477805000,1,1.19978901,168.1300
1623849488545000,0,11.84590000,168.4000
1623849489711000,0,7.19198672,168.5300
1623849489711000,0,7.19751328,168.5300
1623849489767000,0,0.00015747,168.5300
1623849509028000,1,11.84270000,168.5800
1623849631207000,0,0.72800000,168.7400
1623849672902000,0,7.17854262,168.7600
1623849680713000,1,4.21165132,168.7200
1623849704115000,1,5.00869383,168.8800
1623849704603000,1,5.88174080,168.8800
1623849707098000,1,10.63999981,168.8700
1623849707609000,1,0.56000019,168.8700
1623849707609000,1,1.97568041,168.8700
1623849708060000,1,3.55009812,168.8700
1623849843972000,0,5.09345142,169.0200
1623849843978000,0,1.61659121,169.0200
1623849844003000,0,0.45790353,169.0200
1623849848281000,0,53.61204292,169.1900
1623849848281000,0,17.66795708,169.2100
1623849848446000,0,0.00351005,169.2100
1623849872861000,0,18.67600000,169.8200
1623849900045000,1,1.62286379,170.0600
1623849900045000,1,1.62276501,170.0500
1623849917152000,1,11.75200000,169.7300
1623849918604000,0,5.86185413,169.9200
1623849921169000,0,0.25900000,169.9900
1623849928182000,0,5.88000000,170.1700
1623849931195000,0,1.08900000,170.1600
1623849949625000,0,0.00322795,170.1700
1623849949625000,0,54.23677205,170.1700
1623849949651000,0,0.00922795,170.1700
1623849951187000,0,0.54000000,170.3300
1623849953107000,1,8.36257000,170.1600
1623849955973000,1,0.00000860,170.1600
1623849964381000,1,4.10645000,169.9300
1623849973884000,1,0.00000559,169.9300
1623849973884000,1,11.19999441,169.9300
1623849987752000,1,1.41330000,169.8100
1623849987755000,1,0.00008177,169.8100
1623850001413000,1,12.10000000,169.6700
1623850001503000,1,40.96000000,169.6700
1623850020790000,1,11.20000000,169.7100
1623850068197000,1,0.93600000,169.7300
1623850071405000,1,11.75340000,169.5800
1623850071457000,1,0.23343819,169.5500
1623850071457000,1,0.14156181,169.5500
1623850071598000,1,0.09196993,169.5500
1623850071598000,1,1.51724098,169.5000
1623850071599000,1,0.00000001,169.5000
1623850072376000,1,0.23353174,169.3900
1623850072376000,1,0.23343819,169.3900
1623850109819000,0,5.90000000,169.4600
1623850126791000,1,11.78170000,169.3400
1623850142467000,1,0.20430793,169.1300
1623850142467000,1,0.51076983,169.1300
1623850186772000,0,8.03000000,169.5700
1623850245906000,0,5.91269761,169.2200
1623850259250000,0,5.91000000,169.2200
1623850259275000,0,0.00329052,169.2200
1623850512011000,1,0.31000000,169.2700
1623850564321000,0,5.82000000,169.4000
1623850567347000,0,12.71000000,169.4000
1623850594009000,0,23.82000000,169.4700
1623850601200000,0,0.69100000,169.4700
1623850605418000,0,28.23000000,169.4700
1623850741090000,0,2.62000000,169.5200
1623850800862000,0,0.50000000,169.6100
1623850865885000,0,11.20000000,169.2100
1623850872937000,0,0.11814722,169.3600
1623850993457000,0,11.20000000,169.1600
1623850995419000,0,56.57000000,169.1800
1623850995920000,0,5.91000000,169.1900
1623851007351000,0,0.00530337,169.1900
1623851007351000,0,5.91469663,169.1900
1623851007395000,0,0.00060674,169.1900
1623851007569000,0,8.84260899,169.2600
1623851007569000,0,29.57081912,169.2600
1623851010590000,0,4.15000000,169.2700
1623851012367000,0,5.32000000,169.2900
1623851012921000,0,0.00025414,169.2900
1623851125363000,0,4.73000000,169.1300
1623851134860000,1,2.98000000,169.0100
1623851134982000,1,50.76887312,169.0100
1623851160226000,0,48.31000000,169.0800
1623851199119000,0,4.14548429,168.9900
1623851199119000,0,11.20000000,168.9900
1623851199185000,0,11.20000000,169.0000
1623851199345000,0,3.46000000,168.9900
1623851200212000,0,0.68000000,168.9900
1623851200468000,0,4.14384479,169.0400
1623851200468000,0,17.18643546,169.0500
1623851200468000,0,56.03905786,169.0600
1623851200468000,0,0.00500000,169.0800
1623851200468000,0,12.84300000,169.0800
1623851200468000,0,4.35639204,169.0800
1623851222230000,1,5.94000000,168.8100
1623851223143000,1,4.90000000,168.8000
1623851234129000,0,2.16392366,168.8100
1623851234647000,0,0.11389082,168.8100
1623851234647000,0,4.08451537,168.8100
1623851235961000,0,2.14267886,168.8100
1623851276558000,0,4.15000000,168.7800
1623851331206000,0,0.74000000,168.7200
1623851351874000,1,54.52000000,168.4900
1623851351877000,1,0.00127433,168.4900
1623851361183000,0,1.03600000,168.5500
1623851451497000,1,0.89800000,168.6300
1623851477325000,0,4.15000000,168.5600
1623851511201000,0,0.97400000,168.6000
1623851521178000,0,0.98700000,168.6000
1623851541914000,0,0.00028514,168.7800
1623851541914000,0,4.14964921,168.8300
1623851541914000,0,20.74799985,168.8900
1623851541914000,0,25.10206580,168.8900
1623851569550000,1,17.22000000,168.5400
1623851600578000,0,3.56000000,168.6100
1623851617173000,0,0.00060706,168.6100
1623851638046000,1,18.05000000,168.6400
1623851653727000,0,3.48700263,168.7400
1623851689330000,1,5.91873492,168.8500
1623851713111000,0,16.97000000,168.8200
1623851745041000,0,0.16379000,169.0400
1623851745041000,0,22.02412000,169.0400
1623851745126000,0,16.06388000,169.0400
1623851761925000,0,0.00328628,169.1300
1623851761925000,0,10.11671372,169.1300
1623851796094000,0,0.00728628,169.1300
1623851810442000,1,11.80510000,169.1200
1623852096618000,1,6.73000000,168.6000
1623852217073000,0,2.96200000,168.9000
1623852384779000,0,10.26500000,169.0600
1623852385329000,0,9.35669062,169.1000
1623852385616000,0,18.00000000,169.1000
1623852385690000,0,11.25930000,169.1000
1623852503176000,0,0.00000938,169.1000
1623852503176000,0,0.99999062,169.1000
1623852800286000,1,0.50000000,169.1000
1623853248459000,1,1.00000000,168.9800
1623853269874000,0,20.21692000,169.0400
1623853269962000,0,16.00000000,169.0400
1623853270058000,0,11.68708000,169.0400
1623853282022000,1,4.00000000,168.9800
1623853343099000,1,3.00000000,168.9000
1623853461451000,1,4.90000000,168.6900
1623853462493000,0,1.90000000,168.6800
1623853463095000,0,3.00000000,168.6800
1623853463095000,0,16.50000000,168.7300
1623853475987000,0,1.24722699,168.7200
1623853482885000,0,4.68000000,168.7200
1623853482898000,0,0.00334045,168.7200
1623853485298000,0,5.92000000,168.7800
1623853485606000,0,0.00826485,168.7800
1623853489689000,0,5.92000000,168.7800
1623853491240000,0,0.76800000,168.8100
1623853496359000,0,36.47000000,168.8100
1623853509624000,1,0.31364094,168.5600
1623853571153000,0,5.93000000,168.6900
1623853571230000,0,0.00122345,168.6900
1623853648473000,0,5.92000000,168.7800
1623853648473000,0,0.00838318,168.7800
1623853651352000,0,4.65000000,168.8300
1623853652386000,0,1.09000000,168.8300
1623853652712000,0,0.18650294,168.8300
1623853653723000,0,5.66000000,168.8300
1623853654776000,0,0.26117288,168.8300
1623853696286000,0,0.00533006,168.8300
1623853777503000,0,5.92946446,168.7200
1623853777503000,0,7.18517047,168.7600
1623853777503000,0,16.53536507,168.7700
1623853777511000,0,13.11281756,168.7700
1623853779415000,0,2.82478030,168.7600
1623853811836000,0,5.92000000,168.9100
1623853811910000,0,0.00400393,168.9100
1623853860650000,0,5.92113149,168.9900
1623853860650000,0,48.40333737,168.9900
1623853860650000,0,1.10866263,168.9900
1623853860743000,0,34.00000000,168.9900
1623853861209000,0,5.92000000,168.9900
1623853861214000,0,0.00113149,168.9900
1623853862001000,0,86.94000000,169.0000
1623853865034000,0,5.92000000,168.9900
1623853865565000,0,0.00113149,168.9900
1623853866052000,0,5.92000000,168.9900
1623853868350000,0,0.00113149,168.9900
1623853868350000,0,2.75886851,168.9900
1623853869475000,0,0.92000000,168.9900
1623853869780000,0,2.24226298,168.9900
1623853869780000,0,29.60903243,169.0300
1623853883823000,0,5.92113149,168.9900
1623853883823000,0,17.38886851,168.9900
1623853885941000,0,0.00713149,168.9900
1623853885941000,0,5.91286851,168.9900
1623854011305000,1,5.00000000,168.8500
1623854023059000,0,2.04000000,169.0500
1623854026420000,0,0.15028154,169.1600
1623854128978000,0,5.91000000,169.2600
1623854129097000,0,0.00142334,169.2600
1623854164042000,1,0.61000000,169.1200
1623854164069000,1,0.00275414,169.1200
1623854189932000,1,4.50000000,169.0500
1623854531210000,0,0.29300000,168.9400
1623854555973000,0,18.47000000,169.0300
1623854556097000,0,0.00500000,169.0300
1623854580545000,0,0.57018676,169.1000
1623854651692000,0,5.91000000,169.0900
1623854651929000,0,0.00766940,169.0900
1623854776197000,1,5.91000000,168.8800
1623854779358000,0,5.92327936,168.9500
1623854779358000,0,11.19672064,168.9700
1623854779420000,0,0.00327936,168.9700
1623854779420000,0,1.90000000,168.9700
1623854806981000,0,5.92307344,168.9300
1623855066880000,1,5.92000000,168.6800
1623855093485000,0,7.18427899,168.7400
1623855093485000,0,5.92923834,168.7500
1623855093686000,0,5.92923834,168.7500
1623855093686000,0,17.95551755,168.7800
1623855100428000,0,26.06000000,168.8000
1623855100468000,0,0.00100000,168.8000
1623855158940000,1,4.90000000,168.4000
1623855162972000,0,1.90000000,168.4100
1623855163704000,0,2.16000000,168.4200
1623855163750000,0,9.04000000,168.4200
1623855179249000,0,5.93000000,168.5700
1623855199815000,0,5.94514359,168.3200
1623855199815000,0,1.89485641,168.3200
1623855235026000,1,1.30841286,167.7300
1623855235026000,1,0.03355600,167.7300
1623855236217000,0,0.48051592,167.7000
1623855237144000,0,11.91940000,167.7000
1623855237144000,0,11.20000000,167.7000
1623855237592000,0,1.90000000,167.6900
1623855238365000,1,57.47408422,167.6300
1623855238794000,1,1.17294000,167.6300
1623855239116000,1,0.00000049,167.6300
1623855240363000,0,1.90000000,167.5700
1623855240363000,0,0.35000000,167.5700
1623855240497000,1,0.94263368,167.4100
1623855240497000,1,1.01620083,167.4100
