timestamp ms,type,amount,price
1621814435354000,0,10.31844470,143.66
1621814458961000,0,6.97829616,143.47
1621814477784000,1,13.96009999,142.95
1621814480359000,0,6.99000000,143.22
1621814483965000,0,0.00028793,143.22
1621814483965000,0,0.35971207,143.28
1621814488918000,0,10.31485092,143.70
1621814488924000,0,0.00000001,143.70
1621814490150000,0,10.40000000,143.91
1621814490600000,0,0.08018080,143.91
1621814500922000,0,10.30000000,144.18
1621814501131000,0,0.09117768,144.18
1621814501285000,0,10.27656476,144.27
1621814505076000,0,1.04188373,144.73
1621814507744000,0,2.93752664,144.73
1621814507766000,0,0.00000001,144.73
1621814508009000,0,10.47470977,144.79
1621814508009000,0,10.34532771,144.79
1621814508009000,0,0.37500000,144.87
1621814508009000,0,10.38023206,144.90
1621814508009000,0,0.37875000,144.93
1621814508009000,0,6.90598046,145.05
1621814532617000,0,11.11660000,144.72
1621814538258000,0,6.89521703,144.68
1621814544920000,0,0.36000000,145.01
1621814550435000,0,6.90590000,145.08
1621814553104000,1,0.36000000,144.74
1621814566850000,1,2.80982610,144.70
1621814568470000,1,19.53164392,144.70
1621814570757000,1,10.28860000,144.64
1621814570803000,1,0.00004767,144.64
1621814575711000,0,6.91630000,144.77
1621814576250000,0,0.00002220,144.77
1621814578036000,1,10.28449944,144.64
1621814578312000,1,3.24122843,144.54
1621814578316000,1,7.01276285,144.54
1621814582654000,0,6.91660000,144.80
1621814584407000,1,1.59021366,144.70
1621814584452000,1,3.36792694,144.70
1621814587169000,0,6.92320000,144.65
1621814591935000,1,100.34975762,144.40
1621814594691000,1,8.40000000,144.30
1621814595391000,1,1.16123016,144.31
1621814595428000,1,18.82917560,144.24
1621814595543000,1,9.33644537,144.24
1621814595549000,1,10.42910000,144.24
1621814595582000,1,27.04465956,144.24
1621814595604000,1,3.60198050,144.24
1621814595669000,1,26.02004357,144.24
1621814595946000,1,10.42917561,144.23
1621814595946000,1,0.36000000,144.20
1621814595946000,1,95.24160072,144.06
1621814605747000,0,2.78293309,144.06
1621814605799000,0,0.36375000,144.12
1621814625732000,0,2.77010000,144.62
1621814625758000,0,0.00007875,144.65
1621814625758000,0,13.00002125,144.65
1621814625833000,0,14.18500000,144.65
1621814629830000,0,0.36000000,144.72
1621814629830000,0,0.02249999,144.75
1621814629836000,0,0.38249999,144.75
1621814629839000,0,0.38249999,144.75
1621814629847000,0,0.38249999,144.75
1621814650442000,0,9.48940000,144.96
1621814665067000,1,0.36000000,144.77
1621814672552000,0,2.76190000,145.00
1621814686967000,0,0.00004392,145.08
1621814686967000,0,0.36375000,145.10
1621814686967000,0,2.96002443,145.13
1621814692917000,0,3.00000000,145.15
1621814697131000,0,5.40050399,145.15
1621814702450000,0,5.59000000,145.15
1621814717762000,1,10.34000000,144.97
1621814718430000,1,10.31260000,144.90
1621814745236000,0,0.00949601,145.15
1621814750841000,0,2.75000000,145.38
1621814752417000,0,1.00000000,145.45
1621814776753000,1,100.00000000,145.54
1621814789493000,0,2.74748000,145.72
1621814795186000,0,33.60000000,146.00
1621814795297000,0,10.86284924,146.00
1621814795419000,0,0.29176898,146.00
1621814795447000,0,5.13556556,146.00
1621814804588000,0,5.60486000,146.36
1621814841412000,1,0.30739805,146.34
1621814849385000,0,2.04990097,146.49
1621814849385000,0,6.07909903,146.52
1621814866505000,1,3.57178765,146.58
1621814899397000,0,0.34792046,146.70
1621814899405000,0,0.00000001,146.70
1621814901781000,0,33.60000000,147.00
1621814901917000,0,6.40000000,147.00
1621814946873000,0,1.36197000,146.96
1621814956626000,0,1.36138000,147.03
1621814959122000,1,13.58860000,146.77
1621814959567000,1,1.00000000,146.59
1621814961446000,0,1.36549000,146.61
1621814972590000,0,1.36690000,146.47
1621814972601000,0,0.00000928,146.47
1621814976891000,0,0.00000936,146.61
1621814983590000,0,1.36485000,146.69
1621815008428000,1,10.40880000,146.27
1621815015766000,0,1.36770000,146.37
1621815016104000,0,0.00004186,146.37
1621815027003000,1,3.38948119,146.23
1621815027013000,1,33.60000000,146.23
1621815027015000,1,32.42254057,146.23
1621815040571000,0,1.37060000,146.06
1621815044942000,0,1.37070000,146.07
1621815068330000,0,10.11920000,146.28
1621815100176000,0,0.68578000,146.06
1621815102257000,0,8.40000000,146.05
1621815106917000,0,0.00000577,146.06
1621815106917000,0,0.68558423,146.08
1621815107225000,0,0.00001089,146.08
1621815124812000,0,0.68552000,146.03
1621815125708000,0,0.00000105,146.03
1621815129959000,0,0.68309000,146.56
1621815135619000,1,8.40000000,146.33
1621815166042000,1,8.40000000,145.67
1621815168102000,1,19.07000000,145.61
1621815171823000,0,13.72770000,145.92
1621815173386000,0,1.00000000,145.96
1621815271850000,0,0.68448000,146.26
1621815272604000,0,0.00000933,146.26
1621815272812000,0,13.65400000,146.37
1621815273716000,1,8.40000000,146.30
1621815283831000,0,0.68394841,146.36
1621815303587000,1,2.83469726,146.27
1621815316050000,1,5.13647344,146.09
1621815316074000,1,5.22699506,146.09
1621815325627000,0,0.17429002,146.17
1621815358567000,0,0.68643591,145.82
1621815358571000,0,0.00000001,145.82
1621815382927000,0,1.00000000,145.64
1621815382945000,0,9.10132712,145.64
1621815402952000,0,0.25000000,146.05
1621815410126000,0,40.00000000,146.41
1621815411870000,0,79.15264000,146.43
1621815412066000,0,0.00000407,146.43
1621815438064000,1,40.48000000,146.18
1621815438482000,1,49.00000000,146.18
1621815438553000,1,0.69487000,146.18
1621815453797000,0,11.66120000,146.45
1621815462488000,0,0.00000157,147.03
1621815469438000,1,0.37875000,147.30
1621815469438000,1,0.35000000,147.30
1621815481215000,0,1.87870000,147.62
1621815483566000,0,13.51880000,147.78
1621815512041000,1,30.00000000,147.59
1621815512041000,1,68.70000000,147.57
1621815532079000,0,0.67661000,147.96
1621815538729000,0,0.67664000,147.95
1621815540005000,0,0.00000030,147.95
1621815540005000,0,0.00000549,147.96
1621815540005000,0,5.07604421,148.00
1621815540473000,0,19.55192662,148.00
1621815543605000,0,0.67626000,148.05
1621815555813000,0,0.67739000,147.78
1621815557254000,0,0.00000786,147.78
1621815562636000,0,0.67699000,147.87
1621815580502000,0,0.67741000,147.77
1621815582831000,0,0.00000971,147.77
1621815582831000,0,0.00000629,147.87
1621815582831000,0,0.36750000,147.97
1621815582831000,0,8.21703263,147.99
1621815583208000,0,0.67665359,147.94
1621815583208000,0,8.40000000,147.96
1621815583208000,0,5.07759643,147.97
1621815583208000,0,8.40000000,147.98
1621815583208000,0,0.26174315,147.99
1621815588692000,0,0.67686421,147.88
1621815592587000,0,0.67654000,147.95
1621815592731000,0,0.00000471,147.95
1621815595021000,0,0.00000610,148.05
1621815605810000,1,15.00000000,147.60
1621815609847000,0,0.67740936,147.84
1621815609847000,0,11.32259064,147.88
1621815642906000,0,0.67912000,147.44
1621815647654000,0,0.00000205,147.44
1621815667661000,0,8.40000000,147.37
1621815667661000,0,0.67940455,147.38
1621815667661000,0,10.18591395,147.38
1621815667661000,0,0.37875000,147.40
1621815667661000,0,5.35593150,147.40
1621815669381000,0,0.67940455,147.38
1621815669381000,0,0.71109545,147.42
1621815714041000,0,0.68052000,147.11
1621815715932000,0,0.00000021,147.11
1621815743097000,0,19.27490714,147.32
1621815758552000,0,37.49303240,147.94
1621815758552000,0,18.36334760,147.96
1621815768547000,0,1.00000000,148.16
1621815768547000,0,0.35470172,148.21
1621815834195000,0,9.90000000,147.64
1621815849811000,0,1.76154153,147.53
1621815849811000,0,8.40000000,147.54
1621815849811000,0,1.50000000,147.54
1621815849811000,0,10.29312096,147.55
1621815849811000,0,8.40000000,147.57
1621815849811000,0,16.00000000,147.57
1621815849811000,0,0.75208878,147.58
1621815850321000,0,0.59480624,147.52
1621815850321000,0,33.00519376,147.53
1621815850508000,0,1.50000000,147.55
1621815905166000,1,14.28951974,147.17
1621815907691000,1,2.60649984,147.13
1621815907693000,1,5.79350016,147.13
1621815911011000,1,8.77500000,147.05
1621815912665000,0,0.65771843,147.26
1621815912665000,0,1.50000000,147.27
1621815912665000,0,3.30353627,147.27
1621815922342000,1,8.40000000,146.84
1621815983618000,1,0.36375000,147.41
1621815983618000,1,0.38625000,147.36
1621815983618000,1,8.40000000,147.35
1621815983618000,1,0.85000000,147.35
1621816036087000,0,1.50000000,147.32
1621816036087000,0,8.40000000,147.32
1621816134381000,0,2.05447259,147.23
1621816146012000,1,0.98513078,147.10
1621816183010000,0,1.39241719,147.76
1621816184173000,0,8.91144000,147.76
1621816185029000,0,15.00000000,147.85
1621816226876000,0,1.50000000,147.09
1621816268862000,1,0.36750000,146.59
1621816269043000,1,8.45010686,146.60
1621816269044000,1,1.36663334,146.60
1621816269970000,1,2.46327459,146.55
1621816269979000,1,1.78896148,146.55
1621816270029000,1,1.23399862,146.51
1621816270123000,1,3.92988717,146.52
1621816270142000,1,1.23115626,146.56
1621816270144000,1,9.42505475,146.56
1621816270152000,1,1.23115586,146.56
1621816270163000,1,1.23123417,146.56
1621816270164000,1,7.05197310,146.56
1621816271619000,0,3.00000000,146.52
1621816344938000,1,30.00000000,145.93
1621816348071000,0,18.69233000,145.90
1621816350558000,0,0.00000062,145.90
1621816350558000,0,10.35505938,146.03
1621816351388000,0,8.40000000,146.02
1621816352348000,0,1.50000000,146.07
1621816386590000,0,3.53853405,146.43
1621816387840000,0,10.30833000,146.58
1621816397795000,1,8.40000000,146.56
1621816413033000,0,1.50000000,146.08
1621816428900000,1,8.37423193,146.26
1621816432458000,1,13.63394308,146.34
1621816436013000,0,10.37232000,146.51
1621816472588000,0,1.50000000,146.05
1621816507522000,1,5.19743104,146.31
1621816569398000,1,8.40000000,145.86
1621816574142000,0,30.00000000,145.96
1621816574142000,0,0.38625000,145.96
1621816582636000,0,10.11146000,146.36
1621816605684000,1,22.72323000,145.84
1621816613559000,0,8.40000000,145.71
1621816617624000,0,8.40000000,145.77
1621816633030000,1,19.11755273,145.63
1621816633030000,1,20.19381438,145.58
1621816634789000,0,24.31040000,145.83
1621816707839000,1,0.43985821,145.21
1621816772834000,0,0.15900000,145.56
1621816800236000,0,8.40000000,145.68
1621816800317000,0,1.54931919,145.68
1621816800381000,0,0.35648805,145.68
1621816860966000,1,1.32399999,145.74
1621816865579000,1,0.00000001,145.74
1621816865579000,1,2.99999999,145.50
1621816875637000,0,0.39375000,145.70
1621816897872000,1,23.18967000,144.83
1621816898766000,1,22.00000000,144.83
1621816899442000,1,0.00000064,144.83
1621816899442000,1,2.96639936,144.82
1621816903456000,1,0.00004391,144.82
1621816905478000,1,17.46125000,144.63
1621816923609000,1,0.32205327,144.35
1621816941231000,0,1.50000000,144.84
1621816941231000,0,1.00000000,144.88
1621816941231000,0,1.10832326,144.88
1621816941280000,0,2.92220448,144.88
1621816943714000,0,1.80416163,144.78
1621816948759000,1,8.40000000,144.84
1621816957513000,0,0.90208000,144.93
1621817027265000,1,30.00000000,144.59
1621817086023000,0,22.00000000,144.24
1621817100616000,0,10.51196000,144.15
1621817127339000,0,1.50000000,144.23
1621817171731000,0,10.46333000,144.97
1621817196604000,0,10.33462000,144.94
1621817208692000,0,10.32671000,145.21
1621817212380000,0,18.49500000,145.39
1621817212438000,0,10.24540000,145.41
1621817212528000,0,0.00003889,145.41
1621817256552000,1,0.20000000,144.66
1621817270529000,0,6.22947000,144.74
1621817273247000,0,0.00000074,144.74
1621817275449000,0,6.22217000,144.87
1621817276297000,0,0.00000934,144.87
1621817279227000,1,0.20000000,144.84
1621817280240000,1,0.20000000,144.77
1621817281729000,0,6.21899000,144.88
1621817283056000,0,0.00000876,144.88
1621817283056000,0,6.21898124,144.88
1621817285919000,0,6.20801000,145.16
1621817297096000,1,8.40000000,145.35
1621817322498000,0,5.52108026,145.09
1621817322498000,0,0.19999974,145.09
1621817322571000,0,0.00000026,145.09
1621817323919000,0,5.51681000,145.20
1621817325713000,0,0.00000420,145.20
1621817325713000,0,5.51426580,145.23
1621817325801000,0,0.00001419,145.23
1621817327466000,0,5.51427000,145.23
1621817329000000,0,0.00000999,145.23
1621817329000000,0,5.51426001,145.23
1621817331034000,1,0.20000000,145.15
1621817335011000,0,4.82736656,145.15
1621817335011000,0,0.19999344,145.15
1621817336713000,0,0.00001998,145.23
1621817336713000,0,1.55594349,145.24
1621817337843000,1,0.20000000,145.26
1621817338607000,0,4.82146000,145.32
1621817339005000,0,0.00000228,145.32
1621817339814000,0,4.82146000,145.32
1621817343675000,0,0.00000228,145.32
1621817343675000,0,0.20000000,145.40
1621817343675000,0,1.96605848,145.41
1621817351508000,0,4.22590000,145.33
1621817351511000,0,0.59521897,145.33
1621817351706000,0,0.20000000,145.36
1621817355628000,1,8.40000000,145.62
1621817363557000,1,0.20000000,145.57
1621817363557000,1,8.40000000,145.56
1621817363557000,1,0.36000000,145.51
1621817363557000,1,1.25371762,145.50
1621817385923000,1,0.20000000,145.51
1621817394613000,1,0.20000000,145.45
1621817395005000,1,0.20000000,145.38
1621817398986000,0,0.46200000,145.49
1621817412005000,0,0.26600000,145.49
1621817418988000,0,0.20000000,145.53
1621817427100000,1,0.20000000,145.29
1621817438749000,1,0.20000000,144.70
1621817438749000,1,5.58726000,144.69
1621817438749000,1,4.42645761,144.68
1621817463096000,1,0.20000000,144.73
1621817491893000,1,13.83730000,144.11
1621817502552000,0,4.16309000,144.29
1621817506108000,0,0.00000958,144.29
1621817508139000,0,4.15962000,144.36
1621817510482000,0,0.00000326,144.36
1621817510482000,0,0.79317433,144.44
1621817512926000,0,1.20920382,144.52
1621817602063000,1,18.31217000,144.81
1621817611517000,1,7.00000000,144.50
1621817625537000,0,8.40000000,144.26
1621817627282000,0,0.72053218,144.31
1621817638933000,1,4.11457000,144.32
1621817639030000,1,0.00000402,144.32
1621817648133000,0,4.17047000,144.03
1621817650242000,0,0.00000797,144.03
1621817650242000,0,4.17046203,144.03
1621817650559000,0,0.20000000,144.02
1621817660145000,0,0.20000000,144.04
1621817660145000,0,4.16000000,144.05
1621817661950000,1,0.20000000,144.06
1621817670215000,0,8.40000000,143.91
1621817670215000,0,0.20000000,143.91
1621817682260000,0,3.48000000,143.80
1621817684771000,0,0.00096153,143.80
1621817692000000,1,0.36375000,143.86
1621817694646000,1,0.20000000,143.68
1621817722699000,0,0.20000000,143.83
1621817722699000,0,0.65904097,143.89
1621817738697000,1,8.39700000,143.78
1621817799362000,1,0.20000000,144.21
1621817851077000,1,2.67260000,143.56
1621817851133000,1,0.00002174,143.56
1621817872624000,1,0.20000000,143.66
1621817881726000,0,2.78712573,143.65
1621817881726000,0,0.19999427,143.65
1621817902807000,0,0.14900000,143.61
1621817920565000,1,0.20000000,143.75
1621817920565000,1,119.38000000,143.74
1621817926872000,0,0.20000000,143.84
1621817949737000,0,0.20000000,143.98
1621817962232000,0,2.77252000,144.49
1621817962419000,0,0.00000496,144.49
1621817985079000,0,2.77000000,144.29
1621817990603000,0,2.77401143,144.38
1621817990603000,0,0.19598857,144.38
1621818003302000,0,0.20000000,144.49
1621818003302000,0,46.41401000,144.50
1621818003369000,0,53.58599000,144.50
1621818006545000,0,0.20000000,144.64
1621818022795000,1,0.20000000,144.69
1621818022898000,0,1.80000000,144.69
1621818026423000,1,0.20000000,144.70
1621818037177000,0,3.45975000,144.70
1621818049366000,0,0.00000218,144.70
1621818072697000,0,3.46101000,144.61
1621818096727000,1,13.87610000,144.06
1621818112868000,0,8.40000000,143.86
1621818151576000,1,13.94090000,143.19
1621818155125000,1,8.40000000,143.13
1621818155125000,1,8.40000000,143.11
1621818155125000,1,1.22634355,143.10
1621818155125000,1,13.96100000,143.10
1621818155125000,1,41.39953603,143.07
1621818158621000,1,1.00000000,143.00
1621818193483000,1,13.94750000,142.84
1621818194766000,1,0.98025066,142.78
1621818201830000,1,0.38250000,141.98
1621818201830000,1,0.25991411,141.91
1621818213921000,0,8.40000000,142.55
1621818222556000,1,8.40000000,142.46
1621818222556000,1,18.76891305,142.42
1621818222556000,1,21.47679513,142.41
1621818229219000,1,0.30861000,142.25
1621818236426000,1,0.00000661,142.25
1621818249966000,0,17.70313616,142.60
1621818258555000,0,8.40000000,142.60
1621818267366000,1,13.99530000,142.72
1621818277698000,0,8.77499999,142.77
1621818277724000,0,5.21660001,142.77
1621818277724000,0,0.37500000,142.79
1621818337163000,1,8.40000000,143.17
1621818361913000,1,13.96120000,143.06
1621818504320000,1,1.05000000,143.00
1621818504386000,1,1.00000000,143.00
1621818504387000,1,12.95000000,143.00
1621818504712000,0,0.69560776,143.08
1621818570378000,0,3.49000000,143.17
1621818573400000,0,3.49331631,143.24
1621818573400000,0,0.98705072,143.27
1621818625486000,1,13.96460000,142.88
1621818628709000,0,2.40938092,142.94
1621818641623000,1,1.00000000,142.20
1621818641975000,1,57.51080000,142.19
1621818665296000,1,0.22392000,142.13
1621818665409000,1,0.00000768,142.13
1621818736294000,0,0.37000000,141.77
1621818753435000,0,15.00000000,141.46
1621818784541000,0,0.38250000,141.48
1621818784541000,0,0.88796559,141.50
1621818784541000,0,0.36750000,141.52
1621818784541000,0,0.11203441,141.55
1621818784845000,1,0.37125000,141.20
1621818801813000,0,0.31865175,141.34
1621818810736000,1,7.09130000,140.87
1621818818871000,1,5.75306000,140.52
1621818819260000,1,0.38250000,140.38
1621818819260000,1,5.22318733,140.37
1621818824514000,0,8.40000000,140.15
1621818830906000,0,8.40000000,140.71
1621818830906000,0,3.23000000,140.72
1621818833722000,1,0.36750000,140.35
1621818833722000,1,0.37875000,140.31
1621818833722000,1,6.14896703,140.28
1621818835409000,0,8.40000000,140.63
1621818847251000,1,8.40000000,140.46
1621818847428000,1,7.11030000,140.42
1621818872743000,1,14.20690000,140.48
1621818882749000,1,1.29140446,139.84
1621818882749000,1,1.68519554,139.82
1621818883211000,1,15.00000000,139.64
1621818922824000,0,0.14500000,140.62
1621818927918000,0,33.60000000,140.98
1621819007141000,1,1.28455076,141.11
1621819101603000,1,8.40000000,141.51
1621819138038000,0,5.77331000,140.96
1621819138254000,0,2.31678278,141.05
1621819172183000,0,14.19430000,140.78
1621819188926000,1,5.72860000,141.12
1621819213499000,1,2.50007000,140.88
1621819213547000,1,0.00000098,140.88
1621819263671000,1,8.40000000,141.46
1621819263671000,1,6.45287475,141.46
1621819263682000,1,7.66082525,141.46
1621819308182000,0,1.00000000,141.38
1621819337113000,1,5.71564000,141.44
1621819337113000,1,14.09840000,141.44
1621819337113000,1,17.07693355,141.43
1621819358839000,1,8.40000000,141.79
1621819419445000,0,8.40000000,141.73
1621819419532000,1,1.00000000,141.75
1621819447547000,1,14.11510000,141.41
1621819458952000,1,14.18810000,140.79
1621819469804000,0,23.35270420,141.12
1621819493156000,0,0.38250000,141.38
1621819493156000,0,0.60270261,141.40
1621819494444000,1,14.12800000,141.14
1621819495586000,1,5.34347000,141.05
1621819804195000,0,9.48119000,142.26
1621819805173000,0,0.00000790,142.26
1621819821919000,1,60.00000000,142.36
1621819838345000,0,49.03093000,142.39
1621819859848000,1,6.18936060,142.63
1621819887911000,1,8.40000000,142.25
1621819898199000,1,1.73563000,142.05
1621819906209000,1,33.60000000,141.69
1621819906300000,1,33.60000000,141.69
1621819906493000,1,75.38800000,141.69
1621819922772000,1,33.60000000,141.44
1621819922775000,1,15.43090000,141.44
1621819922854000,1,0.00003891,141.44
1621819922854000,1,5.34910000,141.41
1621819924612000,0,0.37875000,141.38
1621819924612000,0,8.40000000,141.40
1621819924612000,0,0.38250000,141.43
1621819924708000,1,28.74175000,141.44
1621819943142000,0,3.84936000,141.51
1621819955648000,0,1.56280000,141.93
1621819956473000,0,0.00004651,141.93
1621819960660000,0,10.63830000,142.16
1621819962829000,0,10.63000000,142.45
1621819966406000,1,8.40000000,142.22
1621819968819000,1,8.40000000,142.10
1621819993185000,0,33.60000000,142.35
1621819997453000,1,7.39234956,142.24
1621820000634000,0,30.00000000,142.61
1621820121949000,1,1.69609000,142.97
1621820149123000,1,7.80000000,143.00
1621820210120000,1,54.74000000,142.46
1621820212441000,1,0.00900000,142.46
1621820218032000,1,33.00000000,142.31
1621820218133000,1,2.00300000,142.31
1621820257263000,0,14.05770000,142.45
1621820295466000,1,1.00000000,142.50
1621820302522000,1,3.61000000,142.47
1621820354872000,0,0.38625000,143.22
1621820354872000,0,8.40000000,143.23
1621820354872000,0,10.25744214,143.25
1621820409601000,1,28.99000000,143.23
1621820438967000,0,33.60000000,143.48
1621820449776000,1,8.40000000,143.55
1621820449776000,1,1.77310000,143.55
1621820451019000,1,3.38017663,143.59
1621820451642000,1,3.38017663,143.59
1621820455996000,1,0.38250000,143.78
1621820455996000,1,10.37802851,143.76
1621820510441000,0,10.51277611,144.41
1621820517403000,1,36.23950000,144.06
1621820521078000,1,36.42250000,144.06
1621820524417000,0,0.37875000,143.88
1621820524417000,0,0.37125000,143.94
1621820524417000,0,0.36000000,144.00
1621820524417000,0,8.40000000,144.01
1621820524417000,0,0.36000000,144.02
1621820524417000,0,0.37790148,144.06
1621820524642000,1,9.06709852,144.06
1621820549649000,1,0.15342800,144.07
1621820555320000,0,13.87100000,144.12
1621820579261000,1,8.40000000,144.03
1621820585672000,0,18.16628000,144.15
1621820605810000,1,8.40000000,143.96
1621820650904000,1,8.40000000,144.17
1621820691798000,0,13.86140000,144.11
1621820697695000,1,10.66983428,143.93
1621820697891000,1,3.18536572,143.93
1621820723637000,1,3.45054000,144.10
1621820750759000,1,8.40000000,143.56
1621820751790000,1,8.40000000,143.56
1621820754477000,1,0.38250000,143.61
1621820755033000,1,0.38250000,143.61
1621820757247000,1,15.00000000,143.64
1621820757760000,1,13.88560000,143.64
1621820757760000,1,31.82690000,143.57
1621820757760000,1,19.33049511,143.56
1621820758362000,1,128.45261000,143.57
1621820758362000,1,30.00000000,143.57
1621820759961000,0,6.96460000,143.67
1621820760047000,0,0.00001473,143.67
1621820760110000,0,31.87410000,143.71
1621820760207000,0,2.94897361,143.71
1621820760816000,0,52.23461000,143.77
1621820761166000,0,6.96138004,143.74
1621820761539000,0,0.00000001,143.74
1621820769472000,0,6.96062000,143.76
1621820769885000,0,0.00000320,143.76
1621820772655000,0,6.82141074,143.76
1621820773166000,1,15.00000000,143.63
1621820773166000,1,13.90550000,143.63
1621820777971000,0,6.95963000,143.80
1621820778207000,0,0.00000399,143.80
1621820778968000,0,6.95623658,143.87
1621820781002000,0,6.94705869,144.11
1621820801788000,0,5.56722424,143.87
1621820817848000,0,5.56466000,143.91
1621820821843000,0,0.00000839,143.91
1621820821843000,0,5.56162161,143.98
1621820833065000,1,13.86500000,143.82
1621820833065000,1,20.05383000,143.82
1621820833266000,1,5.55410000,143.82
1621820833347000,1,0.00007000,143.82
1621820833414000,1,28.04590000,143.80
1621820833885000,1,44.83810000,143.80
1621820850996000,0,4.87573000,143.71
1621820851272000,0,0.00000798,143.71
1621820852299000,0,4.87357000,143.78
1621820856153000,1,13.88160000,143.64
1621820856153000,1,15.00000000,143.64
1621820857268000,1,15.00000000,143.62
1621820862706000,0,4.88073000,143.58
1621820876531000,1,13.95240000,143.11
1621820886641000,0,4.19560000,143.19
1621820887207000,0,0.00000649,143.19
1621820897154000,0,4.18984000,143.33
1621820897609000,0,0.00000230,143.33
1621820900442000,0,0.37020213,143.64
1621820911922000,0,0.98939362,143.31
1621820918470000,0,0.20686281,143.09
1621820924345000,0,8.40000000,143.11
1621820940243000,0,4.20810000,142.78
1621820942556000,0,0.00000261,142.78
1621820942556000,0,4.20809739,142.78
1621820946268000,0,3.29000000,142.86
1621820953437000,0,8.40000000,142.99
1621820979303000,0,4.21067325,142.65
1621821002666000,0,4.19852789,143.09
1621821002666000,0,13.95119211,143.09
1621821003865000,0,1.00000000,143.13
1621821016687000,1,15.00000000,143.19
1621821025789000,0,4.19137000,143.32
1621821030647000,0,0.00000613,143.32
1621821030647000,0,4.18905387,143.40
1621821041960000,0,4.17945000,143.75
1621821042292000,0,0.00000708,143.75
1621821055922000,1,8.40000000,143.52
1621821062205000,0,3.48282000,143.73
1621821062679000,0,0.00000287,143.73
1621821062857000,0,0.00000404,143.78
1621821062857000,0,9.99999596,143.81
1621821068167000,0,3.47895000,143.87
1621821088072000,0,3.48339000,143.70
1621821088293000,0,0.00000733,143.70
1621821088293000,0,13.90239267,143.72
1621821104758000,0,3.47790000,143.91
1621821104944000,0,0.00000384,143.91
1621821104944000,0,17.39136616,143.94
1621821108491000,1,13.87610000,143.82
1621821111277000,1,37.00000000,143.79
1621821111413000,1,49.28500000,143.79
1621821117237000,0,0.00000531,143.94
1621821122492000,0,3.47703000,143.95
1621821136602000,1,22.93600000,143.82
1621821136649000,1,2.43960000,143.81
1621821138014000,1,15.00000000,143.73
1621821142547000,0,3.48361000,143.68
1621821142736000,0,0.00000190,143.68
1621821148592000,0,2.78541000,143.76
1621821148746000,0,0.00000744,143.76
1621821176522000,0,2.78723000,143.65
1621821176636000,0,0.00000336,143.65
1621821190888000,0,2.79339000,143.37
1621821207042000,0,0.00000301,143.37
1621821234306000,0,2.79145000,143.42
1621821235328000,0,0.00000481,143.42
1621821235328000,0,13.92959519,143.49
1621821242559000,0,2.79169000,143.40
1621821247326000,1,6.22000000,143.32
1621821259104000,0,0.00000555,143.40
1621821261934000,0,2.79013000,143.47
1621821262410000,0,0.00000970,143.47
1621821275847000,0,2.78470000,143.79
1621821276062000,0,0.00001658,143.79
1621821283217000,1,4.29898147,143.77
1621821284284000,1,15.00000000,143.76
1621821295574000,0,2.78363000,143.86
1621821297899000,0,0.00000145,143.95
1621821297899000,0,0.00000987,143.98
1621821297899000,0,13.85628868,143.98
1621821300588000,1,15.00000000,143.86
1621821318164000,1,3.67836000,143.75
1621821335194000,0,13.89420000,143.64
1621821345083000,1,15.00000000,143.58
1621821356053000,1,8.40000000,143.59
1621821356053000,1,5.60000000,143.58
1621821382334000,1,15.00000000,143.85
1621821393742000,0,2.78130000,143.96
1621821393805000,0,0.00009157,143.96
1621821410414000,1,72.28240000,143.77
1621821410491000,1,8.30560000,143.77
1621821420928000,1,15.00000000,143.42
1621821449585000,1,2.78000000,143.32
1621821450676000,1,28.31400000,143.32
1621821451621000,1,8.00000000,143.19
1621821476282000,1,15.00000000,143.20
1621821512756000,1,15.00000000,142.89
1621821515824000,0,2.80083000,142.94
1621821540449000,0,0.00000283,142.94
1621821540449000,0,0.98199717,142.95
1621821541424000,0,0.98100000,142.95
1621821545157000,0,2.09930000,143.04
1621821553634000,0,2.09980000,142.99
1621821567152000,0,2.10174000,142.86
1621821572906000,0,0.00000394,142.86
1621821572906000,0,2.10174394,142.86
1621821587088000,0,2.10558000,142.61
1621821587397000,0,0.00000182,142.61
1621821590850000,0,8.40000000,142.61
1621821596396000,0,2.10619000,142.57
1621821597732000,0,0.00000184,142.57
1621821606722000,0,0.00000389,142.99
1621821608736000,0,0.00000457,143.04
1621821608736000,0,0.49999543,143.23
1621821636313000,0,2.09861000,143.10
1621821636727000,0,0.00000037,143.10
1621821638979000,0,2.09738000,143.18
1621821642166000,0,2.09622000,143.26
1621821642492000,0,0.00000144,143.26
1621821642492000,0,10.48109856,143.32
1621821643571000,0,0.00000863,143.32
1621821643672000,0,2.09333694,143.47
1621821646105000,0,0.17304480,143.72
1621821650919000,1,8.40000000,143.55
1621821654611000,1,8.40000000,143.59
1621821693509000,0,2.09704000,143.19
1621821702685000,0,1.39794000,143.16
1621821702841000,0,0.00000494,143.16
1621821702841000,0,0.00000700,143.19
1621821702841000,0,0.16498806,143.27
1621821705099000,0,1.39767000,143.21
1621821710057000,0,0.00000945,143.21
1621821710057000,0,1.39767945,143.21
1621821710238000,0,1.39698415,143.26
1621821710238000,0,5.42618585,143.27
1621821714565000,0,1.39698415,143.26
1621821720846000,0,1.39698000,143.26
1621821725220000,1,67.20000000,143.19
1621821741879000,0,0.00000415,143.26
1621821741879000,0,1.39697585,143.26
1621821741972000,0,0.00000830,143.26
1621821741972000,0,1.39699184,143.27
1621821747714000,0,1.39600000,143.37
1621821747824000,0,0.00008551,143.37
1621821781626000,1,26.75800000,143.16
1621821782573000,1,1.00000000,143.12
1621821782894000,1,75.15800000,143.12
1621821786274000,0,1.39930000,143.11
1621821787069000,0,0.00004686,143.11
1621821793550000,0,8.40000000,143.17
1621821795482000,0,1.39840000,143.20
1621821814074000,0,1.39840000,143.14
1621821814117000,0,0.00003456,143.14
1621821817609000,0,1.39670000,143.32
1621821817712000,0,0.00007572,143.32
1621821819336000,0,1.39670000,143.32
1621821822842000,0,0.00007572,143.32
1621821822842000,0,1.39676428,143.32
1621821826164000,0,0.00001144,143.32
1621821826366000,0,1.39610000,143.40
1621821834484000,0,1.39540000,143.50
1621821836377000,0,0.00006894,143.50
1621821836377000,0,1.39543106,143.50
1621821853547000,0,1.39523000,143.48
1621821860633000,0,0.00000583,143.48
1621821860633000,0,1.39523583,143.48
1621821860952000,0,1.39520000,143.48
1621821861058000,0,0.00003583,143.48
1621821861715000,0,6.97500000,143.54
1621821862148000,0,0.00004505,143.54
1621821864385000,0,1.39400000,143.59
1621821865678000,0,0.00003905,143.59
1621821868961000,0,1.39230000,143.79
1621821869815000,0,0.00006983,143.79
1621821870172000,0,1.39230000,143.79
1621821872225000,0,0.00006983,143.79
1621821872225000,0,1.39233017,143.79
1621821873377000,0,0.00003966,143.79
1621821873377000,0,16.19286034,143.84
1621821873510000,0,6.96150000,143.86
1621821873804000,0,1.39150000,143.87
1621821873807000,0,0.00007353,143.87
1621821876248000,0,1.39150000,143.87
1621821876371000,0,0.00007353,143.87
1621821877179000,0,1.39150000,143.87
1621821882060000,0,0.00007353,143.87
1621821883021000,0,0.69514000,144.02
1621821892199000,0,0.20686000,144.05
1621821892367000,0,0.00000281,144.05
1621821892367000,0,0.69475719,144.11
1621821892565000,0,0.00000725,144.11
1621821892677000,0,30.00000000,144.19
1621821913461000,1,3.43808999,144.15
1621821913498000,1,0.00000001,144.15
1621821914281000,0,3.47042694,144.26
1621821914281000,0,0.66115344,144.29
1621821919834000,0,0.69445000,144.13
1621821924133000,0,0.00000214,144.13
1621821924133000,0,0.69399786,144.13
1621821927178000,0,0.69408000,144.20
1621821934815000,0,0.69395000,144.23
1621821937120000,0,0.00000179,144.23
1621821937120000,0,0.69394821,144.23
1621821957648000,0,0.69430218,144.13
1621821957648000,0,2.77839782,144.14
1621821965295000,0,0.69407000,144.20
1621822000803000,0,0.69772000,143.52
1621822009643000,1,28.00000000,143.43
1621822010015000,1,46.61800000,143.43
1621822011481000,0,0.69788075,143.48
1621822011481000,0,6.26476908,143.48
1621822025436000,0,0.70007000,143.04
1621822029863000,0,0.00000718,143.04
1621822029863000,0,0.70006282,143.04
1621822031501000,0,0.00001436,143.04
1621822031501000,0,0.70007718,143.04
1621822040693000,0,0.69909000,143.23
1621822045724000,0,0.69939000,143.14
1621822048153000,1,0.69400000,143.01
1621822048229000,1,6.87496050,143.01
1621822048317000,1,29.18303950,143.01
1621822050706000,0,0.69987000,143.03
1621822056139000,0,0.00000849,143.03
1621822056139000,0,0.69986151,143.03
1621822112022000,0,0.70164000,142.66
1621822124921000,0,8.40000000,142.32
1621822136257000,0,46.40743000,142.48
1621822145957000,1,1.79384256,141.89
1621822156508000,1,33.60000000,142.00
1621822156563000,1,33.60000000,142.00
1621822156579000,1,32.80000000,142.00
1621822164569000,0,0.70492887,142.05
1621822170978000,0,0.70450000,142.15
1621822180755000,0,0.00000392,142.15
1621822188074000,0,0.70516000,141.97
1621822189026000,0,0.00000159,141.97
1621822189026000,0,0.70475841,142.05
1621822190437000,0,0.00000944,142.05
1621822190437000,0,0.70475056,142.05
1621822190817000,0,0.00001729,142.05
1621822197051000,0,0.70488000,142.02
1621822199409000,0,0.00000716,142.02
1621822199409000,0,0.70450284,142.09
1621822208079000,0,0.00001494,142.09
1621822213200000,0,0.00000935,142.66
1621822213200000,0,6.57436065,142.67
1621822218048000,1,1.74216000,142.36
1621822237661000,0,18.81732000,142.42
1621822259552000,0,8.40000000,142.13
1621822290436000,0,2.66919000,142.45
1621822300067000,0,0.44398280,142.32
1621822300219000,0,10.65301390,142.34
1621822312043000,0,0.00000989,142.45
1621822312488000,1,1.50000000,142.36
1621822312488000,1,0.36375000,142.36
1621822312488000,1,8.13625000,142.34
1621822324504000,1,23.23600000,142.36
1621822333749000,1,14.03390000,142.21
1621822336687000,1,10.22212314,142.20
1621822338924000,1,21.19552000,142.18
1621822339003000,1,23.00000000,142.18
1621822339022000,1,17.64200006,142.18
1621822339060000,1,3.83077686,142.18
1621822339084000,1,17.00000000,142.18
1621822339165000,1,4.74370308,142.18
1621822344124000,0,10.66549000,142.30
1621822347217000,0,1.08369000,142.41
1621822463849000,0,0.43998329,142.47
1621822489976000,0,0.17506056,142.99
1621822490531000,0,0.00001698,143.03
1621822499095000,0,0.00000566,143.14
1621822539311000,0,2.54800000,144.10
1621822539311000,0,0.50210000,144.11
1621822547563000,0,0.00000927,144.20
1621822547563000,0,10.41084073,144.21
1621822549845000,0,0.00000358,144.23
1621822549845000,0,0.75999642,144.24
1621822556512000,0,0.00000358,144.24
1621822558649000,0,10.40322000,144.56
1621822613046000,0,0.36375000,144.29
1621822613137000,1,76.45825000,144.29
1621822615867000,0,29.50000000,144.33
1621822615867000,0,8.05785000,144.34
1621822630773000,0,16.00000000,144.06
1621822641132000,0,13.89490000,143.95
1621822643701000,0,13.86040000,144.11
1621822734735000,0,0.68001488,144.23
1621822734840000,0,0.01387785,144.23
1621822739322000,0,0.69000000,144.23
1621822744671000,0,0.69000000,144.36
1621822744677000,0,0.00327014,144.36
1621822746458000,0,0.69295000,144.42
1621822746860000,0,0.00000955,144.42
1621822753089000,0,0.69265000,144.48
1621822754075000,0,0.00000950,144.48
1621822777173000,0,3.46329000,144.55
1621822777222000,0,0.00000750,144.55
1621822782454000,0,6.92006000,144.60
1621822809267000,0,0.00000458,144.60
1621822809267000,0,0.00000133,144.61
1621822809267000,0,6.91973868,144.62
1621822809267000,0,5.84025541,144.63
1621822876917000,1,50.57000000,144.08
1621822877941000,1,2.93000000,144.06
1621822881202000,1,5.47000000,144.06
1621822881202000,1,13.30000000,144.05
1621822893525000,1,18.83693232,143.81
1621822901976000,0,6.95684000,143.91
1621822902117000,0,0.00000134,143.91
1621822902117000,0,13.91710000,143.93
1621822902117000,0,18.11862866,143.93
1621822907016000,0,13.86140000,144.00
1621822907016000,0,6.95162000,144.00
1621822907110000,0,0.00000927,144.00
1621822907110000,0,34.77585073,144.01
1621822909323000,0,6.94360418,144.16
1621822917982000,1,54.15767000,143.92
1621822919485000,1,29.00000000,143.92
1621822919542000,1,23.13133000,143.92
1621822921964000,0,6.95740000,143.91
1621822921974000,0,0.00007514,143.91
1621822922092000,0,13.88910000,143.96
1621822926842000,0,6.95283000,144.01
1621822929625000,1,2.01083423,143.92
1621822929819000,1,26.24310000,143.92
1621822929991000,1,0.00006577,143.92
1621822935738000,0,13.91060000,143.92
1621822935948000,0,6.26010000,143.93
1621822936333000,0,0.00007253,143.93
1621822936512000,0,31.30433000,143.94
1621822937969000,0,0.00000435,144.01
1621822939340000,1,8.40000000,144.06
1621822939340000,1,0.36375000,144.03
1621822939340000,1,0.37499565,144.01
1621822939340000,1,4.46291974,144.00
1621822976913000,0,6.24765000,144.23
1621822977776000,0,0.00000808,144.23
1621822977776000,0,13.87080000,144.25
1621822977776000,0,31.23285192,144.25
1621822998674000,0,5.55120000,144.25
1621823001765000,0,0.00001629,144.25
1621823001765000,0,13.85268371,144.29
1621823038872000,0,1.00000000,145.00
1621823048547000,0,9.00000000,145.00
1621823049825000,0,28.48079000,145.06
1621823049890000,0,50.89094000,145.06
1621823050895000,0,0.00000240,145.06
1621823055377000,1,1.58713161,145.07
1621823056251000,0,13.76920000,145.28
1621823056575000,0,62.02980000,145.28
1621823056575000,0,8.40000000,145.28
1621823063345000,0,6.20300000,145.26
1621823063373000,0,0.00000549,145.26
1621823068531000,0,10.23335000,145.70
1621823068887000,0,0.00000620,145.70
1621823068887000,0,10.15679380,145.72
1621823088359000,1,8.40000000,145.89
1621823121812000,1,0.30932087,145.28
1621823124111000,0,10.35400000,145.48
1621823124219000,0,0.00000054,145.48
1621823124219000,0,10.43472946,145.49
1621823124511000,0,0.00000832,145.49
1621823126283000,0,5.50058000,145.64
1621823141659000,0,5.49905000,145.65
1621823147094000,0,0.00000100,145.65
1621823147094000,0,5.49504900,145.73
1621823148171000,1,13.69550000,145.63
1621823153909000,0,5.49963082,145.61
1621823153909000,0,13.73450000,145.66
1621823153909000,0,14.36586918,145.67
1621823154103000,0,5.49963082,145.61
1621823156610000,0,0.00000469,145.73
1621823156610000,0,5.49305531,145.75
1621823169484000,0,4.80880000,145.72
1621823169579000,0,0.00000979,145.72
1621823169664000,0,24.04404000,145.74
1621823174730000,0,4.80734000,145.72
1621823176709000,0,0.00000089,145.72
1621823176709000,0,4.80733911,145.72
1621823177345000,0,0.00000178,145.72
1621823177345000,0,0.00000893,145.74
1621823187640000,0,4.80533000,145.79
1621823193759000,0,4.80961000,145.66
1621823196544000,0,0.00000102,145.66
1621823196544000,0,4.80960898,145.66
1621823216322000,0,4.12868310,145.45
1621823216322000,0,8.40000000,145.55
1621823216322000,0,13.73390000,145.56
1621823216397000,1,1.00000000,145.56
1621823216464000,1,37.20841690,145.56
1621823218086000,0,4.12714000,145.49
1621823219071000,1,20.09000000,145.43
1621823222170000,1,13.74000000,145.37
1621823227736000,0,0.00000012,145.49
1621823227736000,0,4.12713988,145.49
1621823231926000,0,0.00000024,145.49
1621823231926000,0,4.12713976,145.49
1621823233266000,0,0.00000036,145.49
1621823233266000,0,4.12713964,145.49
1621823233857000,0,0.00000048,145.49
1621823233857000,0,13.74079952,145.53
1621823239560000,0,49.17034000,145.59
1621823244981000,0,0.00000980,145.59
1621823246603000,0,0.00000204,145.66
1621823262848000,0,0.00000129,145.79
1621823263860000,1,30.00000000,145.75
1621823292959000,0,13.71100000,145.67
1621823317394000,0,3.42882983,146.04
1621823317394000,0,13.70069017,146.04
1621823350723000,0,3.42900000,145.95
1621823353025000,0,3.42616000,146.07
1621823353064000,0,0.00000658,146.07
1621823358901000,0,3.42472000,146.14
1621823361067000,0,0.00000970,146.14
1621823361067000,0,3.42330030,146.21
1621823361126000,0,0.00001874,146.21
1621823373895000,0,8.11700000,146.42
1621823404728000,1,7.57016690,146.49
1621823405158000,0,3.41521000,146.55
1621823405344000,0,0.00000543,146.55
1621823407534000,0,3.41360122,146.63
1621823407886000,0,10.12310734,146.62
1621823429089000,0,3.40840000,146.91
1621823429472000,0,0.00000225,146.91
1621823430038000,0,10.00000000,147.00
1621823455542000,0,3.40929000,146.84
1621823469979000,1,56.44961000,146.38
1621823478093000,0,2.73780000,146.36
1621823479917000,0,0.00000861,146.36
1621823480045000,0,2.73503890,146.50
1621823480045000,0,11.30600110,146.53
1621823501990000,0,2.73714000,146.29
1621823508132000,0,0.00000061,146.29
1621823508132000,0,2.73624939,146.31
1621823512830000,0,2.73489000,146.38
1621823518493000,1,67.20000000,146.25
1621823520147000,1,35.88300000,146.25
1621823520235000,1,10.12135922,146.26
1621823528987000,0,2.73850000,146.19
1621823529027000,0,0.00000135,146.19
1621823529948000,0,2.73722000,146.26
1621823534026000,0,2.73589766,146.33
1621823534484000,0,0.00000194,146.38
1621823537760000,0,2.73334000,146.48
1621823539118000,0,0.00000204,146.48
1621823547411000,0,2.04747000,146.69
1621823549052000,0,2.04644000,146.78
1621823554738000,0,2.04749428,146.73
1621823556454000,0,2.04749000,146.73
1621823560509000,0,0.20241259,146.69
1621823563532000,0,2.04934000,146.57
1621823569255000,0,2.04815834,146.62
1621823587941000,0,2.05329000,146.27
1621823589445000,0,0.00000227,146.27
1621823589445000,0,2.05328773,146.27
1621823593010000,1,1.33926757,146.17
1621823593019000,1,1.11480000,146.17
1621823593058000,1,1.10070000,146.17
1621823593077000,1,2.50040000,146.17
1621823593109000,1,2.25700000,146.17
1621823593116000,1,1.08710000,146.17
1621823593151000,1,1.04634000,146.17
1621823594768000,0,0.00000454,146.27
1621823597976000,0,2.05192000,146.36
1621823599405000,0,0.00000903,146.36
1621823602018000,0,2.04960000,146.52
1621823602813000,0,0.00002620,146.52
1621823602813000,0,10.27907380,146.54
1621823606967000,0,2.04750000,146.68
1621823606989000,0,0.00005107,146.68
1621823606989000,0,22.60744893,146.69
1621823607163000,0,0.00007369,146.69
1621823612961000,1,8.40000000,146.36
1621823613517000,1,1.16384000,146.35
1621823619942000,1,2.40530000,146.26
1621823627906000,0,2.05341000,146.27
1621823629799000,0,0.00000520,146.27
1621823629799000,0,2.05340480,146.27
1621823633012000,0,0.00001040,146.27
1621823633012000,0,2.05340960,146.27
1621823633759000,0,0.00000560,146.27
1621823646635000,1,16.95639000,146.17
1621823646669000,1,0.00000243,146.17
1621823647193000,1,1.12324581,146.02
1621823647798000,1,1.91415784,146.01
1621823647853000,1,1.52449732,146.01
1621823647857000,1,10.18460000,146.01
1621823648013000,1,1.67648488,146.01
1621823648023000,1,10.32111626,146.01
1621823648046000,1,10.46161689,146.01
1621823648093000,1,9.45925921,146.01
1621823652392000,0,2.05666000,146.03
1621823654028000,0,0.00000254,146.03
1621823664447000,0,2.06054000,145.81
1621823670980000,0,0.00000245,145.81
1621823686234000,0,2.05837205,145.92
1621823686251000,0,0.00000001,145.92
1621823688145000,1,18.61037000,145.80
1621823688439000,1,1.38963000,145.80
1621823692094000,0,1.37377000,145.75
1621823693007000,0,0.00000473,145.75
1621823705894000,0,1.37317000,145.80
1621823705968000,0,0.00000907,145.80
1621823716539000,1,13.69330000,145.74
1621823725995000,0,1.37357000,145.74
1621823728107000,0,0.00000721,145.74
1621823728107000,0,1.37299279,145.82
1621823728283000,0,0.00001478,145.82
1621823741067000,0,0.38250000,145.38
1621823741067000,0,8.30287464,145.41
1621823741955000,0,0.36750000,145.30
1621823741955000,0,1.37841826,145.31
1621823741955000,0,0.38250000,145.36
1621823741955000,0,8.22982867,145.37
1621823742523000,0,28.50000000,145.25
1621823749679000,0,1.00000000,145.06
1621823765292000,0,1.37960000,145.23
1621823767715000,0,0.00000257,145.23
1621823767715000,0,1.37811743,145.35
1621823776015000,0,1.37928000,145.20
1621823777167000,0,1.37823000,145.30
1621823777832000,0,0.00000357,145.30
1621823777832000,0,0.00000280,145.35
1621823785375000,1,1.11510421,145.20
1621823785773000,0,1.37787000,145.34
1621823795602000,0,0.00000977,145.34
1621823795602000,0,1.37740023,145.35
1621823808073000,1,17.46257065,145.12
1621823814172000,1,33.60000000,145.12
1621823814321000,1,32.53800000,145.12
1621823833164000,0,1.37909000,145.15
1621823835953000,1,27.50000000,145.06
1621823836987000,1,32.57500000,145.01
1621823839872000,0,1.38010000,145.05
1621823841365000,0,0.00000571,145.05
1621823841365000,0,1.37939429,145.11
1621823841508000,0,0.00009623,145.11
1621823843679000,0,1.37890000,145.18
1621823856637000,1,13.77350000,144.99
1621823856977000,1,13.78240000,144.99
1621823872818000,0,0.00000211,145.18
1621823872818000,0,0.14499789,145.23
1621823875507000,0,1.37850000,145.25
1621823875551000,0,0.00000846,145.25
1621823881468000,1,19.33830145,145.13
1621823881509000,1,10.21427000,145.13
1621823888245000,1,1.17272118,144.97
1621823899658000,0,0.00001013,145.35
1621823899658000,0,1.37648987,145.45
1621823901653000,0,0.00010100,145.45
1621823901653000,0,1.37649900,145.45
1621823903331000,0,1.37510000,145.63
1621823905922000,0,0.00005604,145.63
1621823915570000,1,8.40000000,145.75
1621823942689000,0,1.37660000,145.48
1621823942716000,0,0.00008232,145.48
1621823966808000,0,1.37700000,145.42
1621823966961000,0,0.00005572,145.42
1621823968196000,0,54.78316000,145.51
1621823988168000,0,1.37614000,145.47
1621823988324000,0,0.00000814,145.47
1621823994718000,0,1.37475000,145.60
1621823996435000,0,0.00000597,145.60
1621823998957000,0,1.37196000,145.96
1621823999077000,0,0.00000740,145.96
1621824028177000,1,0.38625000,145.41
1621824028279000,0,13.93125000,145.38
1621824028461000,0,0.00000968,145.38
1621824030220000,0,1.37450000,145.73
1621824036271000,0,1.37356000,145.84
1621824090564000,0,0.68000000,145.20
1621824091931000,0,8.40000000,145.26
1621824115529000,1,53.25900000,144.90
1621824143007000,0,0.69000000,144.91
1621824147485000,0,0.69000000,144.97
1621824147974000,0,0.00039317,144.97
1621824156799000,1,10.00000000,144.97
1621824162855000,0,1.50000000,144.85
1621824163055000,0,0.69093000,144.86
1621824163839000,0,0.00000790,144.86
1621824166065000,1,0.69099883,144.73
1621824166735000,1,33.36000117,144.73
1621824170010000,1,20.12722000,144.70
1621824170527000,1,0.00000874,144.70
1621824186295000,0,0.69225000,144.58
1621824188133000,0,0.00000640,144.58
1621824188133000,0,0.69224360,144.58
1621824188242000,0,0.00001280,144.58
1621824189088000,0,5.19192000,144.65
1621824189597000,0,0.00000295,144.65
1621824189597000,0,3.44999705,144.71
1621824189623000,0,0.00812735,144.71
1621824192672000,0,0.69134000,144.74
1621824196506000,0,0.00000591,144.74
1621824196506000,0,0.69133409,144.74
1621824198634000,0,0.00001182,144.74
1621824198634000,0,0.69133818,144.74
1621824202844000,0,0.69201000,144.59
1621824203146000,0,0.00000982,144.59
1621824203146000,0,3.46008018,144.64
1621824213841000,0,0.69272000,144.47
1621824213967000,0,0.00000342,144.47
1621824213967000,0,3.46432658,144.49
1621824215115000,0,0.00000427,144.49
1621824215714000,0,5.19251000,144.62
1621824216270000,0,0.69231000,144.55
1621824216467000,0,0.00000703,144.55
1621824221374000,0,0.69000000,144.56
1621824221378000,0,0.00230476,144.56
1621824227656000,0,0.00001888,144.64
1621824227656000,0,0.69189112,144.64
1621824229992000,0,0.00001307,144.64
1621824229992000,0,0.68998693,144.71
1621824230410000,0,0.00151495,144.71
1621824230410000,0,0.00000773,144.74
1621824243240000,0,0.69202000,144.63
1621824249751000,0,0.00000083,144.63
1621824249751000,0,0.68999917,144.63
1621824250982000,0,0.00202166,144.63
1621824250982000,0,3.45797834,144.66
1621824258847000,0,0.69000000,144.56
1621824258890000,0,0.00221222,144.56
1621824263976000,0,0.00223543,144.66
1621824285680000,0,8.40000000,144.79
1621824301262000,1,8.40000000,145.26
1621824301262000,1,13.72010000,145.26
1621824302007000,1,0.63914473,145.28
1621824302076000,1,7.21214257,145.28
1621824302088000,1,0.54871270,145.28
1621824433957000,0,17.65036000,145.48
1621824434632000,1,3.65495498,145.39
1621824436997000,0,0.00000546,145.84
1621824436997000,0,15.06839454,145.87
1621824437140000,0,0.00010057,145.87
1621824494528000,0,0.32913000,146.02
1621824494694000,0,0.00000837,146.02
1621824566331000,0,1.50000000,146.56
1621824566331000,0,8.40000000,146.57
1621824566331000,0,30.00000000,146.58
1621824566331000,0,18.82960272,146.59
1621824566331000,0,7.85785195,146.59
1621824570899000,0,1.00000000,146.48
1621824596526000,0,1.50000000,146.57
1621824607897000,0,0.00000428,146.73
1621824608410000,0,0.00000772,146.84
1621824613490000,1,7.27202711,146.78
1621824623760000,0,10.24877000,147.25
1621824634283000,0,1.50000000,147.09
1621824636062000,0,1.50000000,147.12
1621824709570000,0,11.80463798,146.78
1621824709694000,0,67.56709442,146.78
1621824720154000,1,4.52019548,146.30
1621824726239000,1,1.61923252,146.29
1621824726527000,1,1.66277393,146.29
1621824728983000,1,1.34473784,146.32
1621824737242000,1,2.41868228,146.28
1621824737565000,1,20.00128000,146.29
1621824737662000,1,34.74972000,146.29
1621824737662000,1,53.99231000,146.28
1621824737675000,1,0.47985176,146.30
1621824737774000,1,2.60092806,146.28
1621824737902000,1,1.57725915,146.28
1621824737909000,1,7.33115817,146.28
1621824737912000,1,18.13611836,146.28
1621824738038000,1,10.41523146,146.28
1621824738048000,1,3.30000000,146.28
1621824738060000,1,6.70000000,146.28
1621824738218000,1,4.69031252,146.28
1621824738772000,1,10.35680000,146.09
1621824738841000,1,5.24240117,146.16
1621824739097000,1,9.94298452,146.09
1621824739129000,1,9.04282969,146.09
1621824739914000,1,0.37125000,145.99
1621824759679000,0,10.25401000,146.84
1621824783977000,1,0.38250000,146.80
1621824783977000,1,8.40000000,146.79
1621824783977000,1,4.23773844,146.75
1621824834746000,0,1.50000000,146.33
1621824834746000,0,0.37875000,146.34
1621824834746000,0,8.40000000,146.37
1621824834746000,0,0.38625000,146.38
1621824862885000,1,18.89898000,145.91
1621825033239000,1,3.16740000,145.04
1621825033239000,1,67.20000000,145.04
1621825033355000,1,1.00000000,144.95
1621825038237000,1,22.10100000,144.95
1621825061659000,0,10.35529000,145.23
1621825074599000,0,57.86588000,145.74
1621825164654000,0,0.19481982,147.66
1621825174373000,1,4.80529430,147.39
1621825185477000,0,0.20000000,147.70
1621825189765000,0,0.20241259,147.71
1621825189765000,0,9.86488741,147.73
1621825205862000,0,10.02302000,147.65
1621825206069000,0,79.37165000,147.64
1621825210438000,0,10.24429000,147.89
1621825210688000,0,0.00000856,147.89
1621825212872000,0,4.12376905,148.26
1621825217278000,1,8.40000000,147.96
1621825239478000,1,30.00000000,147.79
1621825244167000,0,1.50000000,147.56
1621825259636000,0,1.50000000,147.01
1621825259932000,0,1.50000000,147.01
1621825261404000,0,30.00000000,147.08
1621825261404000,0,1.50000000,147.08
1621825261616000,0,1.50000000,147.09
1621825261641000,0,15.00000000,147.10
1621825279698000,0,1.50000000,146.88
1621825279698000,0,5.27401456,146.89
1621825286763000,1,1.20972000,146.14
1621825286971000,1,0.00000122,146.14
1621825288615000,0,1.50000000,146.27
1621825288764000,0,1.50000000,146.26
1621825288764000,0,6.90000000,146.29
1621825290954000,0,1.50000000,146.46
1621825317284000,0,12.31000000,146.84
1621825317295000,0,1.76307680,146.84
1621825338247000,0,10.00000000,147.50
1621825341749000,0,1.50000000,147.65
1621825342521000,0,17.54300000,147.75
1621825351017000,1,8.40000000,147.67
1621825369392000,0,1.50000000,147.93
1621825419604000,0,0.34248503,148.24
1621825448995000,0,1.50000000,147.84
1621825450997000,1,0.36750000,147.70
1621825450997000,1,0.21250000,147.64
1621825465676000,1,0.36375000,147.84
1621825465682000,0,7.07347831,147.82
1621825505705000,0,6.08685000,148.02
1621825508665000,1,17.68079636,147.75
1621825510618000,1,3.06959118,147.51
1621825510655000,1,5.33040882,147.51
1621825514477000,0,5.42840000,147.53
1621825514590000,0,0.00000022,147.53
1621825520307000,0,5.42510000,147.64
1621825524675000,0,0.00000198,147.64
1621825524675000,0,5.42509802,147.64
1621825527757000,0,0.00000396,147.64
1621825527757000,0,5.42141604,147.74
1621825527957000,0,0.00001142,147.74
1621825529800000,0,5.41714000,147.86
1621825532165000,0,5.41335000,147.96
1621825532283000,0,0.00000167,147.96
1621825538868000,0,5.41631000,147.88
1621825553116000,0,4.73972000,147.84
1621825553423000,0,0.00000945,147.84
1621825554334000,0,0.00000045,147.88
1621825554334000,0,4.73706955,147.93
1621825556126000,0,0.00000866,147.93
1621825556126000,0,4.73706134,147.93
1621825569921000,0,4.74965000,147.53
1621825571021000,0,0.00000797,147.53
1621825577045000,0,4.75282000,147.45
1621825577365000,0,0.00000190,147.45
1621825583862000,0,4.74048000,147.86
1621825587255000,0,0.00001687,147.93
1621825596810000,0,0.00000997,148.02
1621825596810000,0,4.73489003,148.06
1621825608654000,0,4.73633000,147.97
1621825609694000,0,0.00000856,147.97
1621825610654000,0,8.40000000,148.07
1621825610654000,0,3.99162389,148.08
1621825611128000,0,4.73329000,148.05
1621825611299000,0,0.00000648,148.05
1621825611350000,0,19.69081000,148.08
1621825621345000,0,4.73286000,148.07
1621825621590000,0,0.00000991,148.07
1621825621590000,0,0.00000062,148.08
1621825624488000,0,4.05440000,148.16
1621825638213000,0,4.05335000,148.18
1621825641030000,0,0.00000959,148.18
1621825641030000,0,4.05335959,148.18
1621825641030000,0,8.39998082,148.18
1621825644171000,0,4.05260000,148.19
1621825651817000,1,33.60000000,148.03
1621825652673000,1,19.14700000,148.03
1621825656310000,0,4.05588000,148.06
1621825656480000,0,0.00000641,148.06
1621825662937000,0,0.00001929,148.19
1621825662937000,0,12.21277050,148.29
1621825669728000,1,96.69754456,147.83
1621825669946000,1,101.73245544,147.83
1621825700121000,1,17.89028000,147.81
1621825706767000,0,4.04151738,147.90
1621825714688000,0,4.35848262,147.90
1621825714688000,0,2.03083633,147.91
1621825714688000,0,10.16933684,147.93
1621825714688000,0,10.15418163,147.97
1621825714688000,0,10.14529972,147.97
1621825714688000,0,1.67711811,148.01
1621825717007000,1,5.47264999,147.72
1621825720807000,0,1.50000000,147.89
1621825721932000,1,0.00000001,147.72
1621825746602000,0,1.35654000,147.58
1621825749826000,0,0.00000890,147.58
1621825749826000,0,1.35653110,147.58
1621825749920000,0,0.00001780,147.58
1621825752504000,0,1.35591000,147.68
1621825753333000,0,0.00000345,147.68
1621825792817000,0,0.14700000,147.72
1621825798932000,0,1.35636000,147.57
1621825798934000,0,0.00000878,147.57
1621825807630000,0,1.35520000,147.70
1621825807808000,0,0.00000701,147.70
1621825807808000,0,6.77636299,147.74
1621825816610000,0,2.27826675,147.70
1621825830477000,1,1.00000000,147.50
1621825834019000,1,8.40000000,147.47
1621825858692000,0,1.35417374,147.84
1621825870637000,1,33.60000000,147.76
1621825885569000,0,1.35628000,147.62
1621825921486000,0,1.35664000,147.53
1621825922178000,0,0.00000775,147.53
1621825951045000,0,1.35508000,147.74
1621825954924000,1,21.70100000,147.60
1621825960401000,0,1.35547000,147.67
1621825960478000,0,0.00000739,147.67
1621825966956000,0,1.35564000,147.65
1621825983844000,0,0.00000115,147.65
1621825983844000,0,1.35529885,147.70
1621825986126000,0,0.00000528,147.74
1621825986902000,0,10.01180000,147.83
1621825986912000,0,0.00003791,147.83
1621825995387000,0,1.35362000,147.90
1621825997147000,0,0.00000795,147.90
1621825997147000,0,9.99999205,148.00
1621825997481000,0,0.00000795,148.00
1621825998791000,0,8.73200000,148.17
1621825998835000,0,0.00000146,148.17
1621826014613000,0,1.34938000,148.44
1621826014620000,0,2.65062000,148.44
1621826014620000,0,1.34938025,148.45
1621826015628000,0,10.10930000,148.67
1621826017075000,1,8.40000000,148.55
1621826066003000,0,2.70775744,148.27
1621826088581000,0,1.35304958,147.95
1621826088581000,0,5.41544042,147.96
1621826093920000,0,0.67689000,147.88
1621826094018000,0,0.00000835,147.88
1621826098306000,1,6.75677000,147.80
1621826110657000,0,1.35137000,148.15
1621826113412000,0,6.00470000,148.49
1621826113533000,0,0.00001609,148.49
1621826113790000,0,10.00000000,148.50
1621826116845000,0,0.29924000,148.70
1621826116936000,0,0.00000020,148.70
1621826119865000,0,0.13448091,148.72
1621826146841000,0,0.67328000,148.67
1621826146886000,0,0.00000380,148.67
1621826152759000,0,10.22814000,148.81
1621826154217000,0,0.67224206,148.90
1621826157648000,0,0.99999999,148.97
1621826157668000,0,0.00000001,148.97
1621826170879000,0,0.67204157,148.95
1621826174210000,0,1.00000000,149.00
1621826174210000,0,2.99999999,149.00
1621826174210000,0,0.00000001,149.00
1621826174280000,0,0.67168000,149.04
1621826174302000,0,0.00000976,149.04
1621826176498000,0,2.00000000,149.11
1621826176787000,0,0.67128228,149.13
1621826178695000,0,1.50000000,149.17
1621826178695000,0,10.19806957,149.19
1621826184335000,0,0.67113032,149.16
1621826191594000,0,0.67080521,149.26
1621826191615000,0,9.96148693,149.30
1621826191680000,0,0.67080520,149.25
1621826191692000,0,8.40000000,149.25
1621826237845000,0,0.67575000,148.23
1621826238083000,0,0.00000639,148.23
1621826254619000,0,0.67536919,148.27
1621826254619000,0,2.70193081,148.28
1621826261697000,1,44.00000000,148.13
1621826265354000,0,0.67584000,148.11
1621826269891000,0,8.40000000,148.10
1621826281549000,0,3.38109000,148.10
1621826281920000,0,0.00000503,148.11
1621826281920000,0,0.67577497,148.14
1621826284705000,0,10.00168000,148.19
1621826308554000,0,0.67483000,148.35
1621826309123000,0,0.00000864,148.35
1621826344667000,0,0.67109000,149.17
1621826346261000,0,0.00000415,149.17
1621826348265000,0,3.35020000,149.44
1621826366628000,0,10.00000000,149.80
1621826369395000,0,0.37000000,149.90
1621826369663000,0,0.00714337,149.90
1621826369663000,0,1.14285663,150.00
1621826370077000,0,0.85714337,150.00
1621826370077000,0,0.15000000,150.00
1621826370077000,0,0.62285663,150.00
1621826370101000,0,0.37714337,150.00
1621826370214000,0,0.66700000,150.06
1621826370435000,0,0.00017693,150.06
1621826371475000,0,0.66670886,150.19
1621826371475000,0,0.12329114,150.20
1621826373051000,0,0.00986466,150.20
1621826375050000,0,33.60000000,150.38
1621826375348000,0,0.33300000,150.38
1621826375786000,0,70.00000000,150.38
1621826382040000,0,0.66738000,150.06
1621826383298000,0,0.00000625,150.06
1621826396455000,0,0.66679070,150.16
1621826396455000,0,0.74697588,150.19
1621826404781000,0,0.66562864,150.40
1621826418323000,1,13.31650000,149.75
1621826418856000,1,1.06733504,149.74
1621826419777000,1,1.00000000,149.74
1621826423288000,0,1.50000000,150.02
1621826423635000,0,8.39999999,150.08
1621826423695000,0,0.00000001,150.08
1621826423695000,0,0.66707866,150.10
1621826423719000,0,5.09000000,150.21
1621826423990000,0,0.66707865,150.10
1621826424195000,0,0.00000001,150.10
1621826424258000,0,4.83710205,150.21
1621826425555000,0,0.27937797,150.22
1621826426634000,0,3.05484949,150.22
1621826427333000,0,0.00000001,150.22
1621826427333000,0,4.99999999,150.23
1621826428845000,1,0.37125000,149.98
1621826428845000,1,6.33266496,149.74
1621826428915000,0,1.00000000,149.74
1621826428916000,0,0.69608504,149.74
1621826430833000,0,8.40000000,149.94
1621826431155000,1,8.40000000,149.91
1621826432299000,0,0.00308995,150.23
1621826432299000,0,32.11811005,150.27
1621826432431000,0,33.60000000,150.28
1621826434477000,1,0.37875000,150.16
1621826434477000,1,26.62125000,150.12
1621826435521000,1,9.86702658,150.08
1621826438772000,1,0.37500000,150.00
1621826438772000,1,6.95760000,149.96
1621826447890000,0,0.19900000,150.35
1621826457660000,0,43.00000000,150.22
1621826481615000,1,0.29962049,150.14
1621826481871000,1,8.10037000,150.14
1621826482062000,1,0.00000951,150.14
1621826482062000,1,2.28589874,150.12
1621826482447000,1,6.11410126,150.12
1621826482828000,1,4.29350016,150.07
1621826482878000,1,7.18101761,150.07
1621826482895000,1,1.81898223,150.07
1621826487400000,1,2.57035404,150.07
1621826487823000,1,12.59733000,150.07
1621826489839000,0,0.66000000,150.19
1621826517255000,0,8.40000000,150.79
1621826517255000,0,0.66413125,150.84
1621826517255000,0,0.38250000,150.85
1621826517255000,0,8.40000000,150.88
1621826517255000,0,4.43881003,150.88
1621826517257000,0,14.12118997,150.88
1621826517257000,0,3.32131004,150.89
1621826517257000,0,9.80054336,150.91
1621826517257000,0,4.98359163,150.92
1621826517257000,0,9.81353910,150.97
1621826517670000,0,10.01093656,150.87
1621826518633000,0,2.00000000,150.99
1621826530739000,0,17.09558000,151.37
1621826535290000,0,0.13183048,151.71
1621826536165000,0,2.16000000,152.00
1621826541056000,0,0.84000000,152.00
1621826541056000,0,57.60315000,152.10
1621826545379000,0,2.00000000,152.40
1621826566851000,1,17.90200000,152.42
1621826573648000,0,20.00000000,153.00
1621826574535000,0,0.36375000,153.00
1621826574536000,0,9.63625000,153.00
1621826576894000,0,0.13053127,153.22
1621826601736000,1,1.00000000,153.89
1621826605853000,1,0.19000000,153.89
1621826608019000,0,0.99999999,154.00
1621826608020000,0,0.00000001,154.00
1621826608285000,0,0.34875000,154.34
1621826608285000,0,0.65125000,154.39
1621826614799000,1,0.36000000,154.07
1621826614799000,1,0.37125000,154.01
1621826614799000,1,7.66875000,154.01
1621826615428000,1,0.38250000,154.15
1621826615428000,1,7.01750000,154.14
1621826615453000,1,7.98250000,154.14
1621826615528000,0,0.41700000,154.14
1621826615586000,0,0.00050000,154.14
1621826617537000,1,0.37125000,154.49
1621826617537000,1,8.02875000,154.44
1621826617946000,1,8.40000000,154.51
1621826618097000,0,0.12923237,154.76
1621826618827000,0,16.93980000,154.85
1621826618862000,0,57.66020000,154.85
1621826622820000,0,0.16100000,154.91
1621826630603000,1,0.37125000,154.21
1621826663622000,0,0.37125000,153.78
1621826663622000,0,8.39875000,153.85
1621826663703000,0,0.00125000,153.85
1621826663812000,0,0.36000000,153.87
1621826663858000,0,1.50000000,153.93
1621826663858000,0,0.39375000,153.97
1621826664599000,0,51.50000000,153.99
1621826664732000,0,1.86364932,153.99
1621826664836000,0,0.00000001,153.99
1621826664836000,0,8.40000000,154.03
1621826664836000,0,0.36750000,154.03
1621826677860000,1,0.19400000,154.59
1621826679500000,0,1.50000000,154.64
1621826679500000,0,1.29819120,154.65
1621826680702000,0,5.18680000,154.49
1621826687420000,0,0.36375000,154.54
1621826695732000,0,5.82864000,154.54
1621826703451000,0,0.00000787,154.54
1621826703451000,0,5.82863213,154.54
1621826703779000,0,0.00001574,154.54
1621826708061000,1,5.23453000,154.44
1621826717472000,1,0.38250000,154.05
1621826720321000,0,0.37875000,153.78
1621826720321000,0,1.06457840,153.80
1621826720365000,0,2.78461416,153.80
1621826737810000,0,5.86142000,153.87
1621826748449000,0,4.53792000,154.61
1621826752870000,1,0.41700000,154.57
1621826752875000,1,7.98300000,154.57
1621826781031000,1,0.29156408,154.34
1621826781884000,1,0.08343592,154.34
1621826782400000,1,8.40000000,154.27
1621826790244000,0,4.54332000,154.34
1621826790409000,0,0.00000089,154.34
1621826807690000,0,0.36000000,154.26
1621826807690000,0,2.16582471,154.29
1621826824026000,0,4.56280000,153.70
1621826840348000,1,3.85360999,153.43
1621826840417000,1,15.36494000,153.42
1621826840439000,1,9.73890000,153.42
1621826840494000,1,67.20000000,153.44
1621826840495000,1,8.31812241,153.44
1621826840495000,1,75.68187759,153.42
1621826840528000,1,33.60000000,153.42
1621826840639000,1,59.62728241,153.42
1621826844259000,0,4.57513586,153.26
1621826844259000,0,0.36000000,153.27
1621826845354000,0,4.57510000,153.26
1621826845355000,0,0.00003586,153.26
1621826845436000,1,0.38625000,153.10
1621826845436000,1,0.28125000,153.06
1621826845687000,0,0.38250000,153.36
1621826845687000,0,22.48390000,153.41
1621826856085000,1,51.57300000,153.12
1621826860126000,0,16.65762000,152.81
1621826860159000,0,0.00000929,152.81
1621826861737000,0,3.92889231,152.96
1621826862044000,1,3.92889000,152.96
1621826868029000,0,3.27419000,152.98
1621826868089000,0,0.00000881,152.98
1621826872864000,0,3.27134906,153.10
1621826876032000,0,3.27238000,153.00
1621826876055000,0,0.00000167,153.00
1621826876716000,0,19.62720000,153.14
1621826877524000,0,0.00001666,153.14
1621826878622000,0,3.26600000,153.31
1621826880525000,0,0.00001239,153.31
1621826885208000,0,4.39400000,153.61
1621826885863000,0,0.00002579,153.61
1621826886159000,0,2.60755000,153.67
1621826886281000,0,0.00000161,153.67
1621826889872000,0,2.60546000,153.81
1621826890029000,0,0.00000970,153.81
1621826890121000,0,20.13600000,153.95
1621826899834000,1,30.00000000,154.16
1621826902849000,1,0.77013851,154.05
1621826916310000,1,4.71630000,154.01
1621826928344000,0,2.61000000,153.50
1621826929132000,0,0.00008321,153.50
1621826936963000,0,0.36375000,153.33
1621826947047000,0,2.61273000,153.40
1621826947195000,0,0.00000295,153.40
1621826952555000,0,2.61360000,153.23
1621826952796000,0,0.00000984,153.23
1621826952796000,0,13.06638706,153.33
1621826952796000,0,0.36750000,153.34
1621826952796000,0,18.65400000,153.37
1621826952796000,0,0.36375000,153.38
1621826952796000,0,8.40000000,153.39
1621826952796000,0,0.36000000,153.42
1621826952854000,1,1.40000000,153.48
1621826952884000,1,2.18900349,153.48
1621826952987000,1,80.19934961,153.48
1621826960199000,0,2.61532000,153.14
1621826960260000,0,0.00000142,153.14
1621826969539000,0,1.96141000,153.14
1621826970435000,0,0.00000547,153.14
1621826970435000,0,9.80709453,153.16
1621826971295000,0,0.00009037,153.16
1621826973031000,0,1.95999000,153.22
1621826973748000,0,0.00000729,153.22
1621826973748000,0,9.79960271,153.28
1621826974021000,0,1.95999000,153.22
1621826974071000,0,0.00000729,153.22
1621826976166000,0,1.95999000,153.22
1621826985996000,0,1.30723000,153.16
1621826987825000,0,0.00000487,153.16
1621826987825000,0,1.30722513,153.16
1621826989103000,0,0.00000974,153.16
1621826989103000,0,1.30722026,153.16
1621826989219000,0,0.00001461,153.16
1621826991018000,0,0.00000729,153.22
1621826991018000,0,1.30644271,153.23
1621826991220000,0,0.00001644,153.23
1621826993246000,0,0.00001362,153.28
1621826993246000,0,1.30578638,153.30
1621826993300000,0,0.00010489,153.30
1621826994952000,0,1.30320000,153.69
1621826997098000,0,9.85931509,153.98
1621827005740000,1,8.40000000,154.13
1621827010959000,1,0.39000000,153.84
1621827015581000,1,0.33590000,153.46
1621827017794000,0,1.30440000,153.68
1621827018093000,0,0.00007961,153.68
1621827024350000,1,2.92004383,153.26
1621827025817000,0,1.30520000,153.54
1621827026276000,0,0.00002583,153.54
1621827039766000,0,0.68455000,153.13
1621827041063000,0,0.00000519,153.13
1621827041063000,0,1.30700481,153.30
1621827041170000,0,0.00001402,153.30
1621827042335000,0,1.30560000,153.41
1621827043424000,0,0.00006433,153.41
1621827057770000,0,1.30724000,153.19
1621827058999000,0,0.00000551,153.19
1621827058999000,0,1.30723449,153.19
1621827059166000,0,0.00001102,153.19
1621827068756000,0,1.30906000,152.99
1621827069836000,0,0.00000717,152.99
1621827069836000,0,1.30819685,153.09
1621827072596000,0,1.30644000,153.30
1621827075148000,0,0.00000349,153.30
1621827075148000,0,1.30643651,153.30
1621827076180000,0,0.00000698,153.30
1621827078166000,0,1.30490000,153.48
1621827080086000,0,0.00000042,153.48
1621827084758000,0,1.00000000,153.82
1621827098289000,0,1.30832000,153.13
1621827101162000,0,0.00000012,153.13
1621827101162000,0,1.30831988,153.13
1621827102574000,0,0.00000024,153.13
1621827102574000,0,1.30831976,153.13
1621827102686000,0,0.00000036,153.13
1621827116247000,1,0.62521001,152.83
1621827125838000,0,1.31047000,152.83
1621827125970000,0,0.00000209,152.83
1621827127924000,0,1.30860000,153.01
1621827149187000,0,1.30700000,153.22
1621827152996000,1,10.99836351,152.95
1621827154077000,0,1.30980000,152.93
1621827154330000,0,0.00002493,152.93
1621827156031000,0,1.30859000,153.03
1621827156062000,0,0.00000462,153.03
1621827157628000,0,1.30696950,153.22
1621827157628000,0,6.53343344,153.31
1621827158796000,0,6.53343344,153.31
1621827158796000,0,1.30611266,153.32
1621827165998000,1,0.56376001,152.84
1621827166310000,1,3.77071313,152.84
1621827168621000,0,0.65506462,152.96
1621827168621000,0,2.61884538,152.97
1621827171685000,1,2.20172000,152.84
1621827176297000,0,0.65509000,152.84
1621827177180000,0,0.00000934,152.84
1621827191390000,0,0.65485429,152.97
1621827191390000,0,8.39999571,152.97
1621827191471000,0,3.27427000,152.98
1621827191516000,0,0.00000142,152.98
1621827191589000,0,4.91140000,153.03
1621827191600000,0,0.00000714,153.03
1621827195582000,0,0.65351697,153.30
1621827196161000,0,3.26758483,153.35
1621827201331000,0,0.65287000,153.43
1621827202067000,0,0.00000852,153.43
1621827202067000,0,3.26428148,153.51
1621827203544000,0,0.65236000,153.55
1621827213045000,1,0.15000000,153.13
1621827218153000,0,0.65423190,153.09
1621827223233000,0,0.65580000,152.74
1621827224950000,0,0.00000316,152.74
1621827224950000,0,0.65534116,152.88
1621827226805000,0,20.18500000,153.03
1621827237860000,0,0.65558000,152.79
1621827239038000,0,0.00000595,152.79
1621827239038000,0,0.65557405,152.79
1621827242967000,0,0.65540000,152.76
1621827244288000,0,0.00000275,152.76
1621827244544000,0,0.00001190,152.79
1621827244544000,0,3.27788810,152.86
1621827251607000,0,8.40000000,152.73
1621827265009000,0,17.93863000,152.80
1621827330978000,0,0.18425021,152.51
1621827337252000,0,13.45379000,152.46
1621827343633000,0,11.89091000,152.69
1621827405042000,0,5.31351000,152.72
1621827405042000,0,9.67555002,152.72
1621827405057000,0,9.90475255,152.76
1621827405060000,0,9.89301137,152.82
1621827405060000,0,9.66507489,152.87
1621827405060000,0,50.30863796,153.00
1621827405112000,0,1.40000000,152.68
1621827405205000,0,0.37500000,152.93
1621827405205000,0,0.38625000,152.98
1621827405205000,0,2.12540681,153.26
1621827405685000,0,0.36000000,152.89
1621827405685000,0,14.64000000,153.01
1621827407850000,0,3.37430000,153.38
1621827409830000,0,0.00009857,153.38
1621827419480000,0,0.00000144,153.55
1621827446896000,0,14.47062000,154.17
1621827470985000,1,0.36750000,153.45
1621827470985000,1,0.20100000,153.43
1621827471281000,1,7.54976713,153.39
1621827471416000,1,6.73345674,153.39
1621827473271000,1,0.36000000,153.38
1621827501793000,0,2.88665680,153.11
1621827502405000,0,8.40000000,153.17
1621827502705000,0,1.67914241,153.22
1621827502783000,0,1.11126091,153.22
1621827502788000,0,4.50206231,153.22
1621827502933000,0,1.10753437,153.22
1621827503891000,0,79.30000000,153.28
1621827506299000,0,0.07173240,153.28
1621827510186000,0,2.05844852,153.42
1621827511500000,1,0.37875000,153.24
1621827511500000,1,6.51673527,153.21
1621827511500000,1,1.50451473,153.12
1621827518306000,1,0.37500000,153.40
1621827520901000,0,0.65303000,153.45
1621827534683000,1,5.28750000,152.89
1621827534742000,1,18.11800000,152.88
1621827544803000,0,0.65441000,153.09
1621827545092000,0,0.00000599,153.09
1621827547092000,0,0.65380000,153.21
1621827548794000,0,1.00000000,153.08
1621827548812000,0,11.51674367,153.08
1621827552108000,0,0.65461000,153.00
1621827552277000,0,0.00000693,153.00
1621827552277000,0,3.27307307,153.02
1621827576646000,0,0.65521217,152.85
1621827578075000,0,0.65521217,152.85
1621827600237000,0,0.65633000,152.60
1621827602432000,0,0.00000831,152.60
1621827602432000,0,0.65572169,152.71
1621827605889000,1,8.40000000,152.54
1621827611152000,0,3.28417000,152.47
1621827616705000,0,0.00001363,152.71
1621827616705000,0,0.65472342,152.93
1621827616705000,0,1.29786594,152.96
1621827617281000,0,17.14000000,152.96
1621827617577000,0,0.00883850,152.96
1621827618922000,0,0.00000085,153.21
1621827618922000,0,1.39999915,153.22
1621827620205000,0,0.00000085,153.22
1621827620205000,0,0.64999915,153.27
1621827623820000,0,4.90239432,153.42
1621827623820000,0,3.34760568,153.42
1621827625534000,0,0.00393140,153.42
1621827625534000,0,0.00000596,153.45
1621827625534000,0,0.35606264,153.59
1621827625644000,1,0.38250000,153.14
1621827625644000,1,15.00000000,153.07
1621827625644000,1,0.37875000,153.06
1621827625711000,0,14.23875000,153.05
1621827629564000,1,2.79533760,153.34
1621827632110000,0,0.38600000,153.37
1621827632227000,0,0.00025000,153.37
1621827646501000,1,1.19484325,153.10
1621827649459000,1,0.36000000,153.05
1621827650601000,1,8.40000000,152.95
1621827650601000,1,1.37652248,152.94
1621827651597000,1,0.36749999,152.80
1621827651628000,1,0.00000001,152.80
1621827655901000,1,1.16618466,152.60
1621827655901000,1,0.37875000,152.58
1621827662409000,1,2.01411237,152.56
1621827795289000,1,5.49610531,152.39
1621827795399000,1,1.62177638,152.39
1621827803561000,0,4.82770000,153.29
1621827839774000,0,9.96000000,152.53
1621827839853000,0,0.00000786,152.53
1621827909704000,0,9.74631000,152.75
1621827916969000,1,3.44000000,152.94
1621827917087000,1,4.96000000,152.94
1621827917087000,1,1.60210000,152.93
1621827917108000,1,3.00000000,152.93
1621827925002000,1,8.40000000,153.53
1621827928606000,1,8.40000000,153.44
1621827930282000,1,8.40000000,153.29
1621828000617000,0,16.00000000,152.76
1621828000785000,0,31.00000000,152.76
1621828000883000,0,20.00000000,152.76
1621828058093000,0,8.40000000,152.21
1621828212056000,1,0.50000000,151.85
1621828225772000,1,1.52581841,151.74
1621828225821000,1,11.61238159,151.74
1621828225821000,1,1.32766768,151.73
1621828226251000,1,3.62435473,151.75
1621828234513000,0,134.00000000,151.97
1621828343373000,0,8.40000000,151.98
1621828343373000,0,9.89670372,151.99
1621828343373000,0,0.36000000,151.99
1621828343373000,0,14.34329628,152.00
1621828401432000,1,1.20680000,151.73
1621828401502000,0,1.20680000,151.73
1621828401740000,1,13.17430000,151.66
1621828402470000,1,18.59000000,151.44
1621828402496000,1,4.56111479,151.44
1621828402497000,1,13.15331480,151.44
1621828402506000,1,4.89547281,151.44
1621828402538000,1,0.60962880,151.38
1621828402594000,1,8.66656423,151.44
1621828402684000,1,9.58037120,151.38
1621828402729000,1,0.26656423,151.36
1621828403135000,1,6.77681820,151.35
1621828416546000,0,8.40000000,151.53
1621828426978000,1,13.18420000,151.43
1621828426978000,1,5.40831446,151.41
1621828426988000,1,14.67719897,151.41
1621828426991000,1,9.91448657,151.41
1621828426991000,1,0.36375000,151.36
1621828427206000,1,9.95969000,151.30
1621828427439000,1,25.03884655,151.13
1621828427583000,1,3.30545635,151.13
1621828427662000,1,3.53489783,151.13
1621828427698000,1,3.53939669,151.13
1621828429244000,0,10.00792862,151.35
1621828429530000,1,3.30545000,151.21
1621828429643000,0,20.74020962,151.26
1621828429664000,0,16.25979038,151.26
1621828523682000,0,15.54000000,151.59
1621828590038000,0,1.40000000,151.39
1621828593819000,0,1.00000000,151.39
1621828603897000,1,9.18830000,151.20
1621828616864000,1,8.40000000,150.99
1621828616864000,1,13.22920000,150.98
1621828616864000,1,4.08993001,150.95
1621828616874000,1,5.70304779,150.95
1621828616874000,1,9.95693082,150.92
1621828616874000,1,6.61969920,150.92
1621828646315000,1,13.20620000,150.98
1621828646424000,1,33.60000000,150.96
1621828646444000,1,33.60000000,150.96
1621828683696000,0,8.40000000,151.32
1621828692538000,0,8.40000000,151.44
1621828693656000,0,61.37000000,151.46
1621828714800000,0,1.40000000,151.33
1621828734532000,1,13.20700000,151.41
1621828775921000,0,8.40000000,151.46
1621828775938000,0,33.60000000,151.46
1621828781379000,0,45.77173240,151.66
1621828796350000,0,2.00000000,151.69
1621828810646000,1,8.40000000,152.19
1621828828943000,1,8.40000000,152.58
1621828832124000,0,1.40000000,152.58
1621828843435000,1,8.40000000,152.63
1621828848659000,0,2.88665681,152.70
1621828885684000,0,0.15610000,152.28
1621829002876000,0,0.14900000,152.99
1621829050229000,1,1.96296266,152.08
1621829103673000,0,8.40000000,151.52
1621829136634000,0,21.00000000,151.58
1621829136733000,0,24.59038000,151.58
1621829136833000,0,16.00000000,151.58
1621829136922000,0,13.00000000,151.58
1621829137000000,0,17.00000000,151.58
1621829137000000,0,58.40962000,151.58
1621829261233000,1,13.20320000,151.27
1621829261496000,1,8.40000000,151.24
1621829261544000,1,4.78490000,151.24
1621829277994000,0,0.84055000,151.19
1621829279370000,0,0.00000580,151.19
1621829297099000,1,9.00000000,151.11
1621829306701000,1,22.98490177,151.03
1621829308656000,1,13.19710000,151.06
1621829324145000,0,8.40000000,151.16
1621829330558000,0,3.97000000,151.24
1621829335974000,0,3.97150918,151.18
1621829340768000,1,3.00000000,151.00
1621829343185000,1,1.00000000,150.94
1621829348684000,0,3.97000000,150.99
1621829356443000,1,2.02080000,150.78
1621829359084000,0,3.97869731,150.95
1621829380705000,1,8.40000000,150.99
1621829389280000,1,13.25000000,150.58
1621829389624000,1,33.60000000,150.59
1621829394688000,1,4.80815227,150.35
1621829406339000,0,13.22770000,150.84
1621829406402000,0,0.02510000,150.84
1621829429894000,1,7.62676797,151.06
1621829578096000,1,67.33000000,151.24
1621829602804000,0,0.15500000,151.68
1621829607139000,0,13.16710000,151.69
1621829624607000,0,0.16800000,151.77
1621829627490000,0,0.00088261,151.77
1621829698356000,0,54.66000000,152.31
1621829700384000,0,28.07250000,152.46
1621829700880000,1,8.40000000,152.33
1621829714737000,0,3.29132559,152.09
1621829769690000,1,17.38749000,151.15
1621829771565000,0,3.00000000,151.23
1621829774329000,0,1.40000000,151.16
1621829774329000,0,8.40000000,151.17
1621829774329000,0,2.81848717,151.18
1621829832234000,0,2.64457964,151.36
1621829844142000,1,6.61193427,151.15
1621829844142000,1,13.21860000,151.15
1621829844345000,1,6.61193427,151.15
1621829872940000,0,2.64774000,151.16
1621829872995000,0,0.00000598,151.16
1621829906003000,0,2.64575000,151.29
1621829906062000,0,0.00000193,151.29
1621829962836000,0,0.14200000,151.41
1621829980192000,0,1.45372000,151.45
1621829980375000,0,0.00000723,151.45
1621830006227000,0,1.76240032,151.44
1621830007565000,0,13.18400000,151.60
1621830026171000,1,8.40000000,152.34
1621830026912000,1,8.40000000,152.27
1621830029880000,1,8.40000000,152.23
1621830043085000,1,8.40000000,152.27
1621830086507000,1,13.13800000,151.91
1621830126068000,0,8.40000000,151.89
1621830126068000,0,2.63410051,151.96
1621830126068000,0,86.76107467,151.98
1621830228520000,1,8.40000000,151.31
1621830243072000,0,2.64680819,151.27
1621830266412000,0,8.40000000,151.14
1621830271460000,0,8.40000000,151.16
1621830282810000,0,0.20000000,151.22
1621830319180000,1,13.20270000,150.88
1621830321959000,1,13.21800000,150.89
1621830322425000,1,13.22130000,150.88
1621830340684000,0,0.70000000,150.97
1621830346572000,0,23.80000000,151.15
1621830355456000,1,27.10875000,151.02
1621830368343000,0,8.40000000,151.17
1621830394187000,1,13.18640000,151.03
1621830413081000,0,8.40000000,151.06
1621830463973000,1,0.20000000,150.87
1621830471292000,0,1.98000000,151.02
1621830513045000,0,1.98750959,151.09
1621830513045000,0,27.45249041,151.09
1621830531076000,1,8.40000000,150.87
1621830532815000,0,1.98788000,151.03
1621830535403000,1,20.83000000,150.87
1621830547469000,0,1.98821000,151.00
1621830560799000,1,6.62249041,150.82
1621830601081000,0,1.99000000,150.64
1621830601584000,0,0.00335292,150.64
1621830601584000,0,7.85664708,150.65
1621830602054000,0,1.99335292,150.64
1621830602374000,0,16.99478211,150.70
1621830602374000,0,30.46521789,150.70
1621830604111000,1,0.21500000,150.62
1621830607555000,0,1.99039000,150.85
1621830624673000,0,1.99129000,150.79
1621830624715000,0,0.00000134,150.79
1621830638063000,1,13.21610000,150.86
1621830640545000,0,1.98880000,150.96
1621830641697000,0,0.00009891,150.96
1621830664284000,0,13.19740000,151.57
1621830672594000,1,8.40000000,151.57
1621830707359000,0,1.97452000,152.05
1621830714695000,0,0.00000462,152.05
1621830718574000,0,1.97096000,152.35
1621830718634000,0,0.00000695,152.35
1621830745257000,1,2.03207850,151.86
1621830745315000,1,7.13065877,151.86
1621830770428000,1,8.40000000,152.17
1621830770428000,1,18.27000000,152.15
1621830792314000,1,1.99000000,151.86
1621830798390000,1,0.00801838,151.86
1621830813425000,1,0.36000000,151.64
1621830815658000,1,0.00461375,151.64
1621830815658000,1,2.02538625,151.57
1621830824363000,0,1.97970000,151.65
1621830842417000,0,0.00000294,151.65
1621830842417000,0,1.96999706,151.71
1621830876603000,0,2.58850000,152.23
1621830876620000,0,0.00007932,152.23
1621830892535000,0,0.17600000,152.46
1621830893151000,0,0.17697000,152.45
1621830893595000,0,0.00000501,152.45
1621830893595000,0,0.00097501,152.46
1621830894727000,1,13.10830000,152.47
1621830898838000,0,0.20000000,152.58
1621830919416000,0,13.07740000,152.86
1621830924557000,1,8.40000000,152.75
1621830926242000,1,8.40000000,152.69
1621830929317000,1,54.89287917,152.66
1621830929317000,1,0.36712083,152.66
1621830933638000,1,13.10450000,152.52
1621830948895000,0,1.40000000,152.26
1621830989595000,0,13.17390000,151.73
1621830997253000,1,0.00547540,151.57
1621831052610000,1,5.00000000,151.25
1621831060617000,0,8.40000000,151.39
1621831060720000,0,13.18740000,151.41
1621831088124000,0,1.98105000,151.55
1621831089954000,0,13.15980000,151.68
1621831153845000,1,13.18860000,151.20
1621831178266000,0,8.40000000,150.95
1621831224945000,1,0.00000545,150.07
1621831227967000,0,1.40000000,150.07
1621831227967000,0,0.76499261,150.08
1621831231276000,0,30.00000000,150.12
1621831231276000,0,57.13168305,150.13
1621831231276000,0,17.67093829,150.13
1621831231276000,0,1.40000000,150.14
1621831231276000,0,1.33390048,150.17
1621831239281000,0,8.40000000,150.07
1621831239281000,0,1.40000000,150.07
1621831245568000,1,5.00000000,149.74
1621831246056000,1,2.86037009,149.70
1621831246059000,1,7.13962991,149.70
1621831246059000,1,5.00000000,149.65
1621831248240000,0,1.40000000,149.68
1621831249990000,0,1.33730000,149.73
1621831249991000,0,0.06270000,149.73
1621831256828000,0,1.40000000,149.64
1621831256836000,0,1.33817621,149.65
1621831266446000,1,0.74231345,149.20
1621831266494000,1,20.76268655,149.20
1621831268941000,0,5.16091511,149.08
1621831269588000,1,0.36375000,148.76
1621831269588000,1,0.63625000,148.74
1621831272999000,1,0.35000000,148.62
1621831272999000,1,18.65000000,148.56
1621831277444000,0,1.40000000,148.81
1621831277552000,0,1.40000000,148.81
1621831277635000,0,1.40000000,148.88
1621831286083000,1,70.13478856,148.75
1621831286142000,1,30.00000000,148.76
1621831286142000,1,98.00000000,148.75
1621831286216000,1,30.00000000,148.76
1621831286857000,1,0.44985107,148.52
1621831286857000,1,25.07611769,148.52
1621831290621000,0,1.40000000,148.57
1621831291945000,0,1.40000000,148.66
1621831292050000,0,1.40000000,148.69
1621831292264000,0,1.40000000,148.73
1621831299485000,1,5.00000000,147.89
1621831299485000,1,9.90000000,147.84
1621831301203000,0,2.70480000,148.18
1621831310661000,1,25.15738989,148.04
1621831315979000,0,2.02820000,148.13
1621831318505000,0,0.00006704,148.13
1621831318505000,0,2.02826704,148.13
1621831319793000,0,10.13160000,148.27
1621831319907000,0,0.00008016,148.27
1621831319907000,0,15.20481984,148.29
1621831340816000,0,0.30217567,147.96
1621831343196000,1,8.40000000,147.63
1621831345376000,1,13.52060000,147.45
1621831347176000,0,0.38250000,147.45
1621831350337000,1,0.38625000,147.28
1621831350337000,1,0.37125000,147.25
1621831350337000,1,0.89672995,147.21
1621831351807000,1,0.36750000,147.19
1621831351807000,1,5.00000000,147.15
1621831351807000,1,13.82906952,147.14
1621831357624000,1,0.34576744,147.14
1621831357645000,1,23.85441339,147.14
1621831360226000,0,0.37125000,147.36
1621831361124000,0,0.24625000,147.28
1621831364869000,1,0.37125000,147.39
1621831364869000,1,0.38250000,147.34
1621831364869000,1,4.52578104,147.32
1621831369362000,1,5.00000000,147.16
1621831369362000,1,13.52760000,147.16
1621831372810000,0,0.16400000,147.26
1621831378322000,0,0.36750000,147.50
1621831378322000,0,0.36750000,147.54
1621831378322000,0,0.36375000,147.57
1621831378322000,0,8.40000000,147.57
1621831378322000,0,1.40000000,147.58
1621831378322000,0,0.37125000,147.61
1621831378322000,0,8.67830550,147.65
1621831399677000,0,1.40000000,147.49
1621831405379000,0,1.40000000,147.56
1621831416578000,0,1.40000000,147.30
1621831439487000,1,33.60000000,146.49
1621831439500000,1,23.20973733,146.49
1621831452588000,0,1.40000000,146.51
1621831453597000,0,0.38000000,146.58
1621831454386000,0,30.00000000,146.61
1621831459623000,1,8.40000000,146.73
1621831461231000,1,24.00000000,146.68
1621831461231000,1,0.37875000,146.65
1621831461729000,1,0.36000000,146.62
1621831461729000,1,8.40000000,146.61
1621831461729000,1,53.10707072,146.59
1621831461729000,1,13.93192928,146.58
1621831462046000,1,75.43900000,146.62
1621831462046000,1,0.36000000,146.60
1621831482580000,1,0.30000000,147.02
1621831498495000,1,6.81000000,146.40
1621831520884000,0,4.47715000,147.25
1621831523888000,0,0.00000557,147.25
1621831537230000,0,0.44900000,147.93
1621831537243000,0,0.00086100,147.93
1621831542829000,0,0.19800000,148.18
1621831545581000,1,13.48840000,147.91
1621831545581000,1,4.46670000,147.90
1621831545790000,1,13.48840000,147.90
1621831554120000,1,2.00000000,147.60
1621831561689000,1,30.36850000,147.83
1621831561791000,1,115.00000000,147.83
1621831561869000,1,66.00000000,147.83
1621831561939000,1,21.00000000,147.83
1621831563443000,1,23.00000000,147.83
1621831563539000,1,52.00000000,147.83
1621831563631000,1,10.00000000,147.83
1621831563715000,1,72.00000000,147.83
1621831564189000,1,27.00000000,147.83
1621831564295000,1,11.00000000,147.83
1621831564462000,1,0.49300000,147.83
1621831564623000,1,29.00000000,147.83
1621831564717000,1,33.00000000,147.83
1621831564897000,1,26.00000000,147.83
1621831564938000,1,1.35415583,147.83
1621831566925000,1,1.35415583,147.83
1621831567202000,0,1.40000000,147.89
1621831567317000,0,6.77043000,147.90
1621831567408000,0,10.32957000,147.88
1621831567521000,0,1.40000000,147.87
1621831568097000,1,1.35444713,147.83
1621831568151000,1,8.00000000,147.83
1621831568279000,1,75.79900000,147.83
1621831568289000,1,26.90000000,147.83
1621831568308000,1,26.90000000,147.83
1621831568316000,1,12.00000000,147.83
1621831568614000,1,75.79900000,147.83
1621831568757000,1,674.00000000,147.83
1621831569322000,1,1.35544907,147.83
1621831569330000,1,6.77508021,147.83
1621831569829000,1,1239.00000000,147.83
1621831570013000,1,0.81400000,147.83
1621831570876000,1,1.35544907,147.83
1621831570920000,1,6.77508021,147.83
1621831571925000,1,11.86700000,147.83
1621831572252000,1,1.35685643,147.83
1621831572254000,1,6.77508021,147.83
1621831572938000,1,2.67100000,147.83
1621831573204000,1,1.35655661,147.83
1621831573323000,1,15.00000000,147.83
1621831573558000,1,1.35685643,147.83
1621831573558000,1,6.78567254,147.83
1621831573774000,1,76.03231680,147.83
1621831573781000,1,11.86700000,147.83
1621831573880000,1,7.62481104,147.83
1621831574122000,1,1.35716695,147.83
1621831574247000,1,0.95951887,147.83
1621831574250000,1,5.75999453,147.83
1621831574443000,1,0.98000000,147.83
1621831574777000,1,1.39929859,147.83
1621831574889000,1,2.65924995,147.83
1621831574920000,1,1.35815938,147.83
1621831574922000,1,6.78567254,147.83
1621831574933000,1,1.00949481,147.83
1621831575120000,1,1.39929812,147.83
1621831575201000,1,2.81214611,147.83
1621831575206000,1,11.86700000,147.83
1621831575310000,1,1.35748025,147.83
1621831575325000,1,0.82510000,147.83
1621831575474000,1,6.78807983,147.83
1621831575622000,1,0.40000000,147.83
1621831575779000,1,1.39930000,147.83
1621831575911000,1,70.03446071,147.83
1621831575921000,1,114.59780000,147.83
1621831575956000,1,7.62481614,147.83
1621831576155000,1,10.18468870,147.83
1621831576155000,1,6.78979247,147.83
1621831576157000,1,1.35815938,147.83
1621831576297000,1,7.62481614,147.83
1621831576359000,1,6.17276588,147.83
1621831576473000,1,1.39929953,147.83
1621831576577000,1,15.00000000,147.83
1621831576652000,1,5.09049574,147.83
1621831576898000,1,7.31678273,147.83
1621831576905000,1,7.62481614,147.83
1621831577257000,1,4.24319000,147.83
1621831577352000,1,7.62381000,147.83
1621831577573000,1,1.39929906,147.83
1621831577678000,1,6.83512249,147.83
1621831577803000,1,135.04735439,147.83
1621831577916000,1,0.22872894,147.56
1621831577916000,1,0.35000000,147.56
1621831577916000,1,0.36000000,147.53
1621831577916000,1,0.38625000,147.48
1621831577916000,1,6.29983721,147.14
1621831577992000,0,1.35815938,147.48
1621831578187000,0,1.40000000,147.47
1621831579040000,0,1.40000000,147.51
1621831579111000,0,15.00000000,147.52
1621831579274000,0,1.40000000,147.52
1621831579341000,0,1.40000000,147.51
1621831579341000,0,12.20000000,147.52
1621831579702000,0,1.40000000,147.51
1621831579902000,0,1.40000000,147.51
1621831580847000,0,16.89316159,147.65
1621831582887000,0,10.18919000,147.73
1621831582969000,0,0.37125000,147.76
1621831584202000,0,14.10829000,147.83
1621831591130000,0,0.37500000,147.78
1621831591404000,0,8.40000000,147.86
1621831591703000,1,30.00000000,147.88
1621831591820000,1,30.00000000,147.89
1621831591904000,0,0.00000712,147.90
1621831601812000,0,11.34337000,148.04
1621831603999000,0,13.48520000,148.09
1621831607654000,0,17.58658000,148.32
1621831616467000,0,0.38625000,148.38
1621831616467000,0,1.56838382,148.44
1621831641825000,1,8.77000000,148.14
1621831641825000,1,20.10800000,148.02
1621831641825000,1,30.00000000,148.02
1621831641825000,1,0.39375000,147.98
1621831653485000,1,17.62195514,148.22
1621831653485000,1,11.50000000,148.22
1621831653485000,1,20.10800000,148.21
1621831653485000,1,255.07004486,148.21
1621831655769000,1,8.40000000,148.25
1621831657814000,1,16.63157704,148.28
1621831657814000,1,8.40000000,148.27
1621831663680000,0,13.47600000,148.65
1621831664924000,0,17.03494000,148.76
1621831674320000,1,8.40000000,148.57
1621831674320000,1,0.63859548,148.57
1621831680158000,0,13.41260000,148.99
1621831690174000,1,8.40000000,148.76
1621831692915000,1,8.40000000,148.31
1621831717813000,0,0.36375000,148.99
1621831717813000,0,0.16025000,149.02
1621831719077000,1,0.37125000,148.64
1621831739636000,1,0.35230000,148.93
1621831772753000,1,11.00000000,149.13
1621831772887000,1,17.62522000,149.13
1621831773621000,1,16.00000000,149.13
1621831773705000,1,33.00000000,149.13
1621831773787000,1,10.00000000,149.13
1621831773866000,1,18.00000000,149.13
1621831773945000,1,9.00000000,149.13
1621831774028000,1,32.00000000,149.13
1621831774117000,1,52.00000000,149.13
1621831774314000,1,17.42929719,149.13
1621831774936000,0,8.40000000,149.18
1621831775306000,0,8.40000000,149.21
1621831782427000,0,13.42640000,149.21
1621831784970000,1,12.57747891,149.13
1621831784995000,1,9.13000000,149.13
1621831785007000,1,4.03551251,149.13
1621831785070000,1,7.67005315,149.13
1621831785181000,1,9.21752001,149.13
1621831787051000,1,40.20000000,149.13
1621831787060000,1,9.91304684,149.13
1621831787101000,1,10.02920000,149.13
1621831787102000,1,10.00000000,149.13
1621831787147000,1,16.89780532,149.13
1621831787161000,1,35.17924410,149.13
1621831787208000,1,55.22640000,149.13
1621831787215000,1,10.09046531,149.13
1621831787250000,1,16.76429004,149.13
1621831787260000,1,5.14106213,149.13
1621831787313000,1,18.35868579,149.13
1621831789026000,1,2.16580000,148.82
1621831789097000,1,1.03000000,148.82
1621831790892000,0,30.00000000,149.10
1621831802636000,0,29.87500000,149.08
1621831805400000,0,10.00000000,149.10
1621831805496000,0,13.00000000,149.10
1621831805585000,0,18.76795000,149.11
1621831805676000,0,16.00000000,149.11
1621831805857000,0,13.00000000,149.11
1621831806039000,0,18.08678779,149.11
1621831806039000,0,13.38840000,149.11
1621831836773000,0,13.39740000,149.44
1621831845849000,0,8.40000000,149.61
1621831855295000,1,8.40000000,149.44
1621831866182000,0,0.36000000,149.35
1621831866182000,0,0.38625000,149.37
1621831866182000,0,0.38625000,149.42
1621831876937000,1,8.40000000,149.43
1621831886090000,1,30.00000000,149.47
1621831886090000,1,0.37500000,149.43
1621831886090000,1,6.68694613,149.40
1621831886090000,1,0.37875000,149.39
1621831886090000,1,160.54180000,149.39
1621831888071000,1,18.59858000,149.40
1621831888071000,1,8.40000000,149.40
1621831901469000,1,38.27000000,149.17
1621831922146000,0,13.42080000,148.95
1621831931621000,0,8.40000000,148.93
1621831942118000,0,8.40000000,149.07
1621831952044000,0,12.00000000,149.34
1621831975326000,0,10.00000000,149.31
1621831990612000,1,58.16985409,149.19
1621831990612000,1,8.39014591,149.19
1621832027965000,0,8.40000000,148.49
1621832058491000,1,3.00000000,148.30
1621832066227000,0,8.40000000,148.12
1621832070370000,0,8.40000000,148.23
1621832101973000,0,17.14682000,148.58
1621832118354000,0,10.09555000,148.77
1621832147829000,0,8.40000000,149.00
1621832159790000,0,1.05271183,149.16
1621832213000000,0,13.40570000,149.05
1621832223264000,0,0.71812035,149.39
1621832247249000,1,18.53000000,148.76
1621832253400000,0,13.41220000,149.06
1621832263361000,1,8.40000000,149.01
1621832263361000,1,12.00500000,148.98
1621832263361000,1,23.00000000,148.98
1621832263381000,0,21.35286147,148.97
1621832263607000,0,0.37125000,149.25
1621832265499000,0,0.36000000,149.21
1621832267491000,1,3.02561496,149.08
1621832324483000,1,8.40000000,149.05
1621832334549000,0,13.38280000,149.31
1621832351311000,1,8.40000000,149.23
1621832385249000,1,6.68985715,149.39
1621832385249000,1,17.35551292,149.39
1621832401205000,0,13.40250000,149.14
1621832401205000,0,8.40000000,149.14
1621832405553000,0,13.39080000,149.26
1621832435235000,0,0.22872000,150.63
1621832435320000,0,0.00000894,150.63
1621832435320000,0,1.30489106,150.66
1621832436808000,1,8.40000000,150.49
1621832442994000,0,18.52460000,150.77
1621832443043000,0,0.00006837,150.77
1621832443810000,1,8.40000000,150.78
1621832468393000,1,8.40000000,150.52
1621832474864000,1,0.37875000,150.68
1621832474864000,1,0.37125000,150.62
1621832474864000,1,8.40000000,150.61
1621832474864000,1,34.90000000,150.61
1621832474864000,1,0.37875000,150.60
1621832474864000,1,15.00000000,150.56
1621832474864000,1,1.22781046,150.55
1621832475216000,0,0.37125000,150.88
1621832507793000,1,8.40000000,150.96
1621832544653000,1,41.86000000,150.40
1621832552973000,0,8.40000000,150.60
1621832566743000,0,13.25310000,150.88
1621832566743000,0,30.00000000,150.88
1621832566743000,0,13.37932000,150.89
1621832602708000,0,8.40000000,151.20
1621832602708000,0,0.37500000,151.21
1621832602814000,1,9.83367501,151.22
1621832602930000,1,22.39381804,151.22
1621832602935000,1,0.37500000,151.22
1621832674895000,0,8.40000000,151.20
1621832674895000,0,7.27240819,151.20
1621832674895000,0,8.40000000,151.22
1621832674895000,0,0.38625000,151.24
1621832674895000,0,13.23250000,151.24
1621832674895000,0,36.52489284,151.25
1621832682983000,1,0.50000000,151.09
1621832735901000,0,13.16120000,151.78
1621832784249000,1,8.40000000,151.41
1621832801871000,0,0.66154411,151.32
1621832801871000,0,5.38269142,151.32
1621832801873000,0,3.01730858,151.32
1621832816703000,0,0.65998162,151.67
1621832816703000,0,8.39999838,151.67
1621832827444000,1,8.40000000,151.74
1621832834613000,0,0.16729480,151.91
1621832841745000,0,0.91368000,152.01
1621832846273000,1,8.40000000,151.85
1621832935445000,0,13.16790000,151.73
1621832951015000,0,1.00000000,152.00
1621832984448000,0,13.14650000,152.23
1621832990699000,0,8.40000000,152.32
1621832992047000,0,1.00000000,152.41
1621833014651000,0,8.40000000,152.01
1621833039251000,1,0.34000000,151.90
1621833045133000,0,13.13560000,152.12
1621833049730000,1,8.40000000,151.88
1621833053866000,0,0.65897000,151.91
1621833060014000,0,10.00000000,152.15
1621833060356000,0,13.12990000,152.24
1621833092809000,0,0.18600000,152.08
1621833097066000,1,8.40000000,151.86
1621833121290000,1,1.50389760,152.01
1621833148434000,0,0.65864000,151.94
1621833148874000,0,13.13410000,152.05
1621833212320000,1,8.40000000,152.73
1621833220412000,0,8.40000000,152.89
1621833222815000,0,0.14600000,152.91
1621833223398000,0,8.25000000,152.91
1621833223471000,0,0.00400000,152.91
1621833225367000,0,8.40000000,153.03
1621833230996000,1,8.40000000,152.91
1621833233339000,1,8.40000000,152.75
1621833233615000,0,0.65447217,152.97
1621833233615000,0,0.37862783,152.97
1621833233729000,0,0.00012217,152.97
1621833233729000,0,5.75667574,152.97
1621833233729000,0,0.65447217,152.97
1621833233729000,0,9.76142230,152.99
1621833233729000,0,17.42730762,152.99
1621833233731000,0,9.76140000,152.97
1621833233761000,0,19.34576660,152.97
1621833233923000,1,2.81042246,152.84
1621833234114000,1,8.39999999,152.98
1621833234128000,1,0.00000001,152.98
1621833234954000,0,0.65447217,152.97
1621833234954000,0,2.22382783,153.02
1621833235334000,1,0.82856975,152.87
1621833235363000,1,7.57143025,152.87
1621833237416000,1,8.40000000,152.75
1621833238175000,1,8.40000000,152.72
1621833244689000,0,8.40000000,152.83
1621833244689000,0,0.65451004,152.83
1621833244689000,0,0.65492333,152.85
1621833244689000,0,13.09460000,152.85
1621833244689000,0,12.50000000,152.87
1621833244689000,0,17.69596663,152.88
1621833246051000,1,0.36000000,152.63
1621833250279000,1,5.68000000,152.54
1621833273040000,0,13.12400000,152.43
1621833273150000,0,8.40000000,152.44
1621833282843000,0,0.16300000,152.66
1621833323361000,0,8.40000000,152.08
1621833337206000,1,4.11000000,151.85
1621833354658000,0,0.66004636,151.71
1621833358816000,0,8.40000000,151.79
1621833453259000,1,13.19140000,151.39
1621833472078000,0,0.66083649,151.48
1621833488420000,0,13.20540000,151.55
1621833516077000,1,30.00000000,151.40
1621833518428000,1,49.21000000,151.34
1621833563046000,0,1.19589238,151.56
1621833563075000,0,1.00000000,151.56
1621833563108000,0,10.98110762,151.56
1621833605218000,0,1.18889002,151.56
1621833605218000,0,1.81110998,151.56
1621833616184000,1,21.19205944,151.19
1621833671290000,0,13.19360000,151.64
1621833715274000,1,10.04002646,151.15
1621833715274000,1,3.50134252,151.15
1621833722871000,0,8.40000000,151.31
1621833794665000,0,8.40000000,151.39
1621833794665000,0,3.50000000,151.39
1621833794665000,0,0.66114294,151.40
1621833794665000,0,4.51754510,151.40
1621833842973000,1,0.16900000,151.23
1621833849100000,1,3.00000000,151.10
1621833862879000,0,0.66139524,151.33
1621833862879000,0,9.19953130,151.36
1621833880559000,0,0.66069790,151.47
1621833880559000,0,4.33930210,151.48
1621833887695000,0,0.66139000,151.30
1621833887991000,0,0.00000176,151.30
1621833901901000,1,8.40000000,151.99
1621833905827000,1,8.40000000,151.88
1621834028170000,0,8.40000000,151.30
1621834052549000,0,0.66216000,151.13
1621834052939000,0,0.00000899,151.13
1621834056159000,0,0.66218000,151.12
1621834068979000,0,0.00000004,151.12
1621834068979000,0,13.20999996,151.24
1621834081391000,0,13.21470000,151.33
1621834123323000,0,8.40000000,151.28
1621834193424000,1,0.38475000,151.13
1621834195762000,0,13.20560000,151.28
1621834205483000,1,17.70000000,151.07
1621834207575000,1,0.40000000,151.08
1621834213894000,1,8.40000000,151.15
1621834217832000,0,0.66131893,151.33
1621834220706000,0,8.40000000,151.53
1621834227064000,1,8.40000000,151.36
1621834235242000,1,8.40000000,151.39
1621834235242000,1,2.87000000,151.36
1621834268393000,1,0.40702209,150.99
1621834268424000,1,0.00000001,150.99
1621834274740000,0,1.17683468,151.00
1621834274740000,0,0.35000000,151.00
1621834274740000,0,8.40000000,151.01
1621834274740000,0,10.48237948,151.01
1621834286802000,1,0.66451000,150.65
1621834300153000,0,0.35294844,150.73
1621834306422000,1,0.34373661,150.57
1621834306639000,1,0.00000001,150.57
1621834320502000,0,0.66584000,150.34
1621834321433000,0,11.90177000,150.33
1621834321881000,0,0.66584000,150.33
1621834322025000,0,0.00000542,150.33
1621834322033000,0,0.00000678,150.34
1621834323960000,0,8.40000000,150.51
1621834323960000,0,0.35000000,150.52
1621834323960000,0,0.66501559,150.53
1621834323960000,0,13.29430000,150.53
1621834323960000,0,8.40000000,150.53
1621834323960000,0,0.35000000,150.53
1621834323960000,0,37.44368978,150.54
1621834378745000,1,13.28510000,150.32
1621834378829000,0,79.42342000,150.32
1621834379028000,1,8.40000000,150.31
1621834380413000,0,14.00000000,150.31
1621834381053000,0,14.00000000,150.31
1621834381214000,0,8.40000000,150.31
1621834381311000,0,10.78451000,150.31
1621834382540000,0,0.00000434,150.31
1621834382540000,0,13.99999566,150.32
1621834382621000,0,15.21549000,150.32
1621834382697000,0,33.60000000,150.32
1621834382884000,0,23.00000000,150.32
1621834382986000,0,20.00000000,150.32
1621834383096000,0,44.00000000,150.32
1621834383422000,0,45.00000000,150.32
1621834383520000,0,10.00000000,150.32
1621834383619000,0,20.00000000,150.32
1621834385057000,0,1100.00000000,150.32
1621834385078000,0,166.21702090,150.32
