timestamp ms,type,amount,price
1624492877669000,0,15.35000000,129.6900
1624492881666000,0,24.91552099,129.7700
1624492882421000,0,0.50848001,129.7700
1624492882745000,0,0.00000001,129.7700
1624492887200000,1,0.35999999,129.9500
1624492887208000,1,0.00000001,129.9500
1624492973476000,1,0.60000000,129.2700
1624492973563000,1,0.00750453,129.2700
1624492973563000,1,0.37875000,129.2700
1624492973563000,1,16.00000000,129.2600
1624492981423000,1,0.56000000,129.0700
1624492986418000,0,0.36375000,129.1500
1624492986418000,0,4.56250561,129.1900
1624493047788000,0,16.00000000,129.0800
1624493114464000,1,1.76000000,128.8200
1624493131357000,1,0.91000000,128.8000
1624493134255000,1,0.00930000,128.8000
1624493134410000,1,0.37875000,128.6300
1624493135050000,1,49.13624412,128.5800
1624493168241000,0,16.00000000,128.7200
1624493168241000,0,4.33000000,128.7200
1624493193495000,0,9.26000000,128.8600
1624493205830000,0,0.36375000,128.9900
1624493205830000,0,14.43942242,129.0100
1624493222912000,1,14.67254530,128.7500
1624493271947000,0,47.41000000,129.0500
1624493305004000,1,1.31228859,128.8200
1624493305004000,1,0.51771141,128.8200
1624493315268000,0,0.36015000,128.9300
1624493395873000,0,7.74963000,129.1300
1624493545807000,1,8.00000000,129.2000
1624493546197000,1,4.87059804,129.2000
1624493546233000,1,1.03580000,129.2000
1624493546236000,1,1.14486009,129.2000
1624493646509000,0,5.40000000,129.6500
1624493647631000,0,2.18160000,129.7100
1624493647779000,0,5.39999999,129.6400
1624493647788000,0,0.00000001,129.6400
1624493704929000,1,0.56486423,129.8400
1624493770403000,1,0.31357785,129.6600
1624493790872000,1,1.00000000,129.7500
1624493791957000,1,25.00000000,129.7500
1624493903140000,1,3.39856306,129.8300
1624493906167000,0,9.18500000,129.9600
1624493954212000,1,6.12400000,129.7300
1624493974979000,0,7.69935847,129.9900
1624493974979000,0,7.65880000,130.0000
1624493974979000,0,3.25357357,130.0100
1624493974979000,0,22.94951111,130.0200
1624493974979000,0,9.17991841,130.0200
1624493974979000,0,34.86126944,130.0300
1624493983213000,0,7.68910000,129.9600
1624493983213000,0,16.00000000,129.9600
1624493983213000,0,9.18246203,129.9800
1624493983213000,0,7.69935847,129.9900
1624493983213000,0,3.25357357,129.9900
1624493983213000,0,0.36375000,130.0200
1624493983213000,0,2.50000000,130.0200
1624493983213000,0,14.50727068,130.0300
1624493983213000,0,24.19811837,130.0300
1624494003527000,1,5.68027490,129.8400
1624494003527000,1,0.37875000,129.8300
1624494003835000,1,2.15402005,129.8400
1624494004553000,1,8.36609999,129.8500
1624494004842000,1,7.28503030,129.8500
1624494037808000,0,7.70260000,129.9300
1624494175502000,1,15.33000000,129.8600
1624494185968000,1,7.70181930,129.8000
1624494185968000,1,0.64048849,129.7800
1624494185968000,1,1.59769221,129.7800
1624494186129000,1,0.00347971,129.7800
1624494186129000,1,65.00000000,129.7600
1624494273836000,1,0.56051548,129.6500
1624494273863000,1,1.40135353,129.6200
1624494292866000,0,2.50000000,129.5600
1624494292956000,0,7.72394000,129.5800
1624494540792000,0,7.69720000,129.8400
1624494569613000,0,7.68200000,129.7400
1624494605572000,0,0.56211969,129.8300
1624494670586000,1,49.60000000,129.6200
1624494853895000,1,14.75111196,129.4100
1624494915357000,1,14.88985000,129.6800
1624494915689000,1,0.00000288,129.6800
1624495107693000,1,2.00000000,129.0000
1624495222381000,1,0.36382500,128.8600
1624495222424000,1,0.00742500,128.8600
1624495309784000,1,0.87455756,128.4300
1624495475487000,1,6.44000000,128.6000
1624495504783000,1,0.56211969,128.5500
1624495766310000,1,7.72360000,128.8300
1624495766310000,1,16.00000000,128.8300
1624495766310000,1,7.75921842,128.8000
1624495766310000,1,19.41100000,128.7800
1624495766310000,1,0.91537515,128.7700
1624495766310000,1,27.33800000,128.7700
1624495766310000,1,0.91534673,128.7600
1624495766310000,1,2.50000000,128.7500
1624495766310000,1,3.03989070,128.7500
1624495774561000,1,7.75921842,128.8000
1624495774561000,1,16.00000000,128.8000
1624495774561000,1,7.74620000,128.7800
1624495774561000,1,16.00000000,128.7700
1624495774561000,1,19.41100000,128.7700
1624495774561000,1,2.26542007,128.7700
1624495774561000,1,0.90623837,128.7700
1624495774561000,1,2.50000000,128.7600
1624495774561000,1,12.80555626,128.7600
1624495877719000,1,7.78480000,128.3700
1624495929481000,0,59.14768326,128.4900
1624495929593000,0,1.20709000,128.4900
1624495932546000,0,0.00000558,128.4900
1624496067422000,1,7.79000000,128.1300
1624496071506000,1,53.00000000,128.0300
1624496081235000,0,7.80420000,127.9100
1624496200865000,1,7.80000000,128.1200
1624496259212000,1,1.30000000,127.9300
1624496262172000,1,0.00077913,127.9300
1624496263490000,0,16.00000000,127.8900
1624496263490000,0,7.82320000,127.9000
1624496263490000,0,2.17680000,127.9100
1624496266661000,1,1.29902000,127.8200
1624496266709000,1,0.00000602,127.8200
1624496400759000,1,0.28273226,127.6800
1624496404496000,1,0.00577005,127.6800
1624496404539000,1,1.44000000,127.5800
1624496405734000,0,0.56338138,127.6400
1624496414066000,1,0.53238299,127.4900
1624496419007000,1,5.29200000,127.4500
1624496456923000,0,2.80000000,127.4000
1624496466540000,1,7.85000000,127.2400
1624496515954000,1,1.13628359,126.9400
1624496515954000,1,2.84070897,126.9400
1624496529837000,0,7.86990000,126.8500
1624496544836000,0,1.87366541,127.0400
1624496653875000,0,14.59952183,127.4100
1624496653875000,0,0.34047817,127.4100
1624496665362000,1,1.25000000,127.3000
1624496665432000,1,0.00331769,127.3000
1624496666549000,1,1.25000000,127.2800
1624496666556000,1,0.00293668,127.2800
1624496676558000,1,54.12000000,127.0700
1624496676630000,1,0.88000000,127.0700
1624496837166000,1,7.83000000,127.6100
1624496837196000,1,0.00434518,127.6100
1624496903563000,0,9.34516000,127.7100
1624496923292000,1,7.83464493,127.5700
1624497114212000,1,7.81000000,127.8100
1624497212430000,0,7.81649304,128.0200
1624497305433000,1,0.56338138,127.9600
1624497503509000,1,1.66000000,128.0600
1624497504543000,1,16.00000000,128.0300
1624497514047000,1,6.50600000,127.9700
1624497703001000,0,7.81000000,128.0800
1624497725084000,0,7.75620000,128.2000
1624497725322000,0,60.47606000,128.2200
1624497796992000,0,50.00000000,127.9800
1624497820435000,1,1.86000000,127.9100
1624497820494000,1,0.00392727,127.9100
1624497902316000,1,5.40000000,127.5700
1624497902533000,1,6.28000000,127.5700
1624497928446000,0,16.00000000,127.5700
1624498062323000,0,8.18000000,127.2900
1624498062363000,0,7.82000000,127.2900
1624498086489000,1,0.37499999,127.2700
1624498086544000,1,0.00000001,127.2700
1624498194396000,1,7.87175148,126.9800
1624498194396000,1,6.93142094,126.9500
1624498206056000,0,0.56449201,127.0700
1624498345280000,1,37.47000000,127.0000
1624498345585000,1,98.04259000,127.0000
1624498346104000,1,26.00000000,127.0000
1624498346166000,1,24.00000000,127.0000
1624498346231000,1,16.00000000,127.0000
1624498464572000,0,7.88439000,126.9200
1624498505638000,1,0.00145463,126.6500
1624498511494000,0,7.89130000,126.5500
1624498597886000,1,0.00710267,126.4200
1624498598011000,1,5.40000000,126.3300
1624498598011000,1,19.68300000,126.3200
1624498598011000,1,62.51854995,126.2800
1624498624526000,1,2.20000513,126.1500
1624498667488000,1,19.00000000,126.1000
1624498667682000,1,33.00000000,126.1000
1624498667745000,1,34.00000000,126.1000
1624498668651000,1,1.48969071,126.1000
1624498686254000,1,0.24313000,126.0000
1624498686348000,1,0.00000798,126.0000
1624498688865000,0,16.00000000,125.9200
1624498689993000,0,16.00000000,125.9700
1624498735731000,0,7.89580000,126.3000
1624498735860000,0,9.43698812,126.3100
1624498745005000,1,0.35999999,126.1300
1624498745024000,1,0.00000001,126.1300
1624498793332000,1,1.47024263,125.7000
1624498820053000,1,7.94240000,125.7200
1624498856067000,0,27.00000000,125.7200
1624498870182000,1,7.94250000,125.5900
1624498870182000,1,14.44734758,125.5800
1624498958971000,1,1.85335602,125.5200
1624498958971000,1,1.85409392,125.5200
1624498958971000,1,1.77781215,125.5100
1624498959501000,1,1.85409392,125.4800
1624498959501000,1,1.85335602,125.4800
1624498993207000,1,8.61321528,125.6700
1624499003181000,1,1.93104852,125.6400
1624499003181000,1,1.93729295,125.6300
1624499105603000,1,0.56449201,125.5700
1624499190839000,1,7.91360000,125.6900
1624499240869000,1,7.95390000,125.6000
1624499240869000,1,2.01821600,125.6000
1624499240869000,1,5.04505831,125.6000
1624499241158000,1,5.04505831,125.5900
1624499301285000,1,1.33855007,125.3100
1624499335801000,1,4.08534686,125.2200
1624499335801000,1,1.63403441,125.2200
1624499335801000,1,10.62061873,125.2200
1624499335998000,1,1.63403441,125.1600
1624499335998000,1,4.08534686,125.1600
1624499337470000,1,64.00000000,125.1200
1624499337815000,1,7.98170000,125.1200
1624499338062000,1,1.51649248,125.1200
1624499338345000,1,3.92420000,125.1200
1624499338408000,1,1.05230000,125.1200
1624499338429000,1,3.13752367,125.1200
1624499338453000,1,17.93418099,125.1200
1624499338678000,1,134.84350286,125.1200
1624499339805000,1,0.26637590,125.0000
1624499339956000,1,0.73412018,125.0000
1624499340049000,1,0.99950392,125.0000
1624499353416000,0,0.38625000,124.7800
1624499355328000,0,0.36375000,124.8400
1624499355328000,0,7.63529715,124.8500
1624499383240000,1,1.57242477,124.9600
1624499383240000,1,1.55768736,124.9500
1624499383240000,1,16.00000000,124.9500
1624499383240000,1,18.70000000,124.9300
1624499383240000,1,7.99120000,124.9300
1624499383240000,1,22.09238770,124.9200
1624499383625000,1,18.74750989,124.9600
1624499391475000,1,16.00000000,125.0200
1624499391475000,1,0.36000000,125.0200
1624499391475000,1,30.00000000,125.0200
1624499391475000,1,7.96470000,125.0100
1624499391475000,1,13.24765946,125.0000
1624499392163000,1,0.37500000,125.0700
1624499392163000,1,1.42051738,125.0300
1624499439780000,0,3.04000000,125.3700
1624499441874000,0,60.05000000,125.3700
1624499442807000,1,1.45539601,125.3000
1624499442807000,1,1.45530314,125.2900
1624499442807000,1,0.00000001,125.2900
1624499460563000,0,302.57500000,125.4000
1624499460578000,0,6.17500000,125.4000
1624499501512000,1,5.40000000,124.8500
1624499501631000,1,0.42954879,124.8400
1624499504845000,1,5.40000000,124.7700
1624499525725000,1,0.30251211,124.5400
1624499525725000,1,0.74748789,124.5400
1624499525781000,1,0.00879238,124.5400
1624499542524000,0,1.97766359,124.9500
1624499543992000,0,26.00000000,124.9900
1624499544067000,0,110.00000000,124.9900
1624499544151000,0,72.65439000,124.9900
1624499544206000,0,25.72481000,124.9900
1624499556633000,1,7.96780000,124.9300
1624499623932000,1,7.99085718,125.0800
1624499626467000,1,64.00000000,125.0000
1624499651777000,1,1.12155528,125.0000
1624499651777000,1,2.80384472,125.0000
1624499703087000,0,14.57849557,125.1300
1624499721470000,1,7.99000000,125.0400
1624499721480000,1,0.00323684,125.0400
1624499721552000,1,1.32573005,125.0300
1624499755466000,1,7.98310000,124.9900
1624499770746000,1,15.54005000,124.8800
1624499782784000,1,1.13043806,124.8800
1624499782784000,1,1.13001258,124.8700
1624499782784000,1,1.07954936,124.8400
1624499782792000,1,0.00315405,124.8400
1624499790821000,0,13.03000000,124.8600
1624499805533000,1,1.33905424,124.7600
1624499805533000,1,3.34763560,124.7600
1624499805533000,1,8.70607936,124.7500
1624499806813000,1,10.45390988,124.6000
1624499806854000,1,5.67612731,124.6000
1624499806964000,1,1.49592527,124.6000
1624499807229000,1,1.69813063,124.6000
1624499807245000,1,6.81874511,124.6000
1624499809032000,0,207.08840600,124.6700
1624499812830000,0,4.97650000,124.8800
1624499884343000,0,30.00000000,124.8800
1624499889114000,0,19.91941000,124.9600
1624499889237000,0,0.00000230,124.9600
1624499906490000,1,8.00000000,124.9000
1624499910493000,1,0.00070029,124.9000
1624499910493000,1,8.00476087,124.8400
1624499910682000,1,8.00000000,124.8400
1624499914030000,1,8.01181000,124.7200
1624499943306000,1,0.00000140,124.7200
1624499949616000,1,0.73000000,124.6600
1624499952938000,1,8.01000000,124.6200
1624499993346000,1,8.01052701,124.7500
1624499993346000,1,15.99947299,124.7500
1624499993506000,1,8.01052701,124.7500
1624499993506000,1,0.72496594,124.7300
1624499993506000,1,1.81241486,124.7300
1624499996360000,1,16.00000000,124.7700
1624500004074000,1,8.01000000,124.7400
1624500004125000,1,0.00166452,124.7400
1624500005371000,0,0.37875000,124.8000
1624500005371000,0,0.18637929,124.8100
1624500017065000,1,8.01000000,124.6300
1624500042916000,0,0.38702896,125.0000
1624500176541000,0,1.24390000,124.8900
1624500176698000,0,1.04410000,124.8900
1624500187376000,1,1.13990000,124.6900
1624500187438000,1,0.00000888,124.6900
1624500187438000,1,2.83619112,124.6700
1624500187542000,1,0.00010622,124.6700
1624500212367000,1,0.00729713,124.6300
1624500214357000,1,1.26850000,124.5300
1624500214768000,1,0.00008038,124.5300
1624500217811000,0,16.00000000,124.5200
1624500235375000,1,0.95826318,124.5700
1624500235375000,1,0.18983682,124.5600
1624500270909000,1,1.01000000,124.6600
1624500277193000,1,0.89000000,124.4800
1624500409925000,1,8.02000000,124.5600
1624500418529000,1,0.00383704,124.5600
1624500418529000,1,7.02616296,124.5500
1624500449636000,1,4.00000000,124.8300
1624500453903000,1,3.51600000,124.8100
1624500460411000,1,14.13611667,124.5900
1624500500933000,0,178.08867804,124.8900
1624500500943000,0,9.54693245,124.9100
1624500500943000,0,23.86622821,124.9100
1624500500943000,0,8.01198866,124.9100
1624500517890000,1,5.26000000,124.7500
1624500517911000,1,2.75057659,124.7500
1624500551064000,0,9.55320708,124.8300
1624500551064000,0,9.55260054,124.8300
1624500551064000,0,22.18419238,124.8300
1624500557489000,1,8.00963161,124.7600
1624500577065000,1,8.01000000,124.7600
1624500645966000,0,4.25061583,124.4300
1624500645969000,0,7.17869966,124.4300
1624500645974000,0,74.90000000,124.4300
1624500646073000,0,66.57187000,124.4300
1624500646158000,0,0.00000393,124.4300
1624500724070000,1,8.01057000,124.7500
1624500724595000,1,2.43210000,124.7200
1624500733202000,0,19.67000000,124.7700
1624500733286000,0,66.00000000,124.7700
1624500733333000,0,45.60751062,124.7700
1624500886692000,0,3.61390000,124.7800
1624500886847000,0,7.54610000,124.7800
1624500900116000,1,3.61400000,124.6700
1624500904930000,1,0.56512929,124.6000
1624500910790000,0,62.10000000,124.8400
1624500910817000,0,0.00974215,124.8400
1624500958147000,0,16.00000000,125.0100
1624500996574000,0,86.28000000,124.9200
1624500996640000,0,26.42809318,124.9200
1624501023300000,1,7.99961000,124.9500
1624501079270000,0,15.63139942,125.2400
1624501132307000,0,60.47000000,125.3200
1624501143034000,1,0.40000000,125.3000
1624501204400000,1,7.97759671,125.3000
1624501257057000,1,7.98000000,125.1400
1624501257093000,1,0.00674287,125.1400
1624501284490000,0,9.53536165,125.0500
1624501284490000,0,7.96463835,125.0600
1624501316447000,0,38.48000000,125.0500
1624501390152000,0,82.77747121,125.0400
1624501390152000,0,8.00286893,125.0400
1624501477551000,1,7.98550000,124.5500
1624501509978000,0,1.00000000,124.2700
1624501510188000,0,1.06330000,124.2700
1624501510317000,0,1.30890000,124.2700
1624501510373000,0,1.09200000,124.2700
1624501510516000,0,6.03650000,124.2700
1624501548336000,1,0.69000000,124.1300
1624501563091000,0,8.10000000,124.3200
1624501586916000,1,5.40000000,124.0500
1624501586916000,1,12.05199515,124.0500
1624501590976000,0,2.93632350,124.1600
1624501614707000,1,9.50070000,123.9700
1624501614859000,1,2.53720000,123.9700
1624501614952000,1,0.00009306,123.9700
1624501632392000,0,69.58604000,123.9400
1624501632630000,0,0.00000970,123.9400
1624501762722000,0,59.73922000,123.8800
1624501762756000,0,0.00000344,123.8800
1624501772377000,0,110.09000000,123.9300
1624501777921000,0,6.51000000,123.9800
1624501778809000,0,29.16072570,123.9800
1624501780624000,0,6.40000000,124.0300
1624501805578000,0,0.56490888,124.0200
1624501806794000,0,3.41250000,124.0300
1624501806915000,0,38.02501512,124.0300
1624501824222000,0,8.04140000,124.1800
1624501832550000,0,8.04140000,124.1900
1624501832550000,0,1.54937845,124.2100
1624501832635000,0,12.15976807,124.2100
1624501832831000,0,6.61526000,124.2100
1624501904586000,1,0.38688720,124.4000
1624501904586000,1,0.90781280,124.4000
1624501907808000,1,2.11790000,124.3700
1624501907875000,1,5.88860000,124.3700
1624501950198000,1,0.21971836,123.9500
1624501975909000,0,0.36375000,123.9400
1624502031409000,1,8.07678000,123.7500
1624502037603000,0,3.15000000,123.8600
1624502037659000,0,6.47311823,123.8600
1624502052313000,0,5.29200000,124.0600
1624502086506000,0,0.37117500,123.9400
1624502100322000,0,8.39000000,123.9500
1624502103560000,0,6.39000000,124.0000
1624502107414000,0,23.18284000,124.1100
1624502107491000,0,29.00000000,124.1100
1624502107562000,0,25.00000000,124.1100
1624502107653000,0,87.79676000,124.1100
1624502108614000,1,16.00000000,124.1100
1624502116517000,0,9.85000000,124.1600
1624502162475000,1,8.06443000,123.9500
1624502162852000,1,8.01660000,123.9100
1624502242303000,1,8.03180000,123.8600
1624502242552000,1,79.00000000,123.8500
1624502242614000,1,59.00000000,123.8500
1624502242677000,1,131.00000000,123.8500
1624502242741000,1,58.00000000,123.8500
1624502246358000,1,23.00000000,123.8500
1624502253667000,0,13.80109739,123.9300
1624502301951000,1,0.26491745,124.0200
1624502301951000,1,8.05976639,124.0100
1624502301951000,1,0.26496442,124.0000
1624502313921000,0,6.65572302,123.9500
1624502314921000,0,251.91000000,123.9500
1624502314926000,0,0.00607698,123.9500
1624502418578000,0,5.33000000,123.9300
1624502563485000,0,8.05000000,124.2900
1624502602175000,1,14.94000000,124.2100
1624502602285000,1,0.00574700,124.2100
1624502705409000,1,0.56490888,124.1200
1624502753953000,0,5.40000000,124.4000
1624503039004000,0,15.28000000,124.6600
1624503039004000,0,0.00528057,124.6600
1624503065039000,0,12.09464328,124.8900
1624503124084000,0,5.46000000,124.8400
1624503124395000,0,9.83000000,124.8400
1624503130929000,0,11.35081887,124.8700
1624503271295000,1,5.01994460,125.1100
1624503306597000,1,4.00000000,125.2000
1624503313400000,1,3.08000000,125.1600
1624503355727000,1,0.26219543,124.8800
1624503357808000,1,8.00450000,124.7700
1624503388840000,1,0.21708988,124.5900
1624503389123000,1,0.00443041,124.5900
1624503540992000,0,5.64000000,124.6800
1624503593001000,0,2.50000000,124.5100
1624503605759000,0,0.56054640,124.4500
1624503614215000,0,9.59709054,124.2600
1624503643064000,0,8.05437782,124.2500
1624503733192000,0,8.01041896,124.9600
1624503733192000,0,0.34958104,124.9600
1624503843778000,1,7.98000000,125.1300
1624503843885000,1,0.00867300,125.1300
1624504222088000,1,14.21789221,125.0100
1624504293460000,1,8.00250102,124.9100
1624504458220000,1,16.00000000,125.1900
1624504505288000,1,0.56054640,125.0700
1624504808896000,0,16.00000000,125.3800
1624504818961000,1,1.29484000,125.4100
1624504835615000,1,0.00000220,125.4100
1624504897130000,0,7.97500000,125.3100
1624504989025000,1,7.97000000,125.3500
1624504992905000,1,0.00280181,125.3500
1624504992905000,1,7.97569775,125.3100
1624505077240000,0,21.11867357,125.6300
1624505077241000,0,0.77736298,125.6300
1624505077360000,0,1.83369000,125.6300
1624505077397000,0,0.00000335,125.6300
1624505080437000,0,9.48850000,125.6700
1624505080479000,0,0.00005217,125.6700
1624505083119000,1,7.94610000,125.7200
1624505083180000,1,16.00000000,125.7200
1624505108257000,1,0.44893000,125.7300
1624505108285000,1,0.00000713,125.7300
1624505169365000,1,7.95000000,125.6100
1624505210209000,1,4.00000000,125.5000
1624505323407000,0,23.65142240,126.0400
1624505323407000,0,9.45857760,126.0400
1624505361685000,0,7.93000000,126.0500
1624505405292000,0,0.55343117,126.0500
1624505417304000,0,7.93826493,126.0500
1624505417304000,0,39.70143879,126.0600
1624505422536000,0,7.93305000,126.1500
1624505428686000,0,15.68000000,126.1300
1624505428942000,0,0.00000803,126.1500
1624505428942000,0,16.00000000,126.1500
1624505431085000,0,115.72500000,126.2500
1624505435574000,0,0.45380083,126.3700
1624505435579000,0,2.03276798,126.3700
1624505450424000,0,0.34300000,126.7500
1624505453412000,1,16.00000000,126.6000
1624505496093000,0,16.00000000,126.3000
1624505548299000,1,2.97000000,126.3500
1624505565494000,1,0.00419482,126.3500
1624505573601000,0,7.92146234,126.3400
1624505582167000,1,0.96185915,126.3200
1624505599019000,0,2.50000000,126.6700
1624505607910000,0,5.40000000,126.6400
1624505623842000,1,16.00000000,126.5600
1624505623842000,1,9.72094951,126.5500
1624505714880000,0,7.88750000,126.8600
1624505718084000,1,30.00000000,126.7200
1624505726082000,0,7.89105000,126.8000
1624505740994000,0,7.88000000,126.8200
1624505763601000,0,2.50000000,127.0600
1624505781258000,1,6.05869107,126.9200
1624505781258000,1,2.42347643,126.9200
1624505782006000,1,35.00000000,126.9100
1624505782063000,1,23.00000000,126.9100
1624505783495000,1,173.60000000,126.8600
1624505809051000,1,0.00160000,126.8600
1624505844733000,0,2.50000000,126.8600
1624505867831000,0,7.89088306,126.8100
1624505867831000,0,15.99999694,126.8100
1624505868272000,0,9.39000000,126.8400
1624506039828000,0,1.25516000,126.5500
1624506046038000,0,0.00000200,126.5500
1624506113259000,1,2.11536482,126.5000
1624506113259000,1,3.57647810,126.4800
1624506113269000,1,1.71218326,126.4800
1624506113400000,1,2.11536482,126.4800
1624506113400000,1,0.29643595,126.4700
1624506113426000,1,1.76855313,126.4700
1624506113426000,1,0.31175974,126.4700
1624506113426000,1,4.85046821,126.4700
1624506145590000,1,1.50182138,126.2200
1624506145590000,1,3.65817862,126.2200
1624506145643000,1,0.00765292,126.2200
1624506145646000,1,0.38250000,126.2000
1624506206455000,1,12.04255821,125.9300
1624506210957000,0,9.13344447,125.9400
1624506304809000,1,0.55343117,125.8800
1624506323480000,0,18.15000000,126.2400
1624506347640000,0,7.88170000,126.4100
1624506388063000,1,4.00853514,125.9700
1624506388063000,1,1.47313372,125.9700
1624506405133000,0,16.00000000,125.7400
1624506439406000,1,15.25800591,125.2700
1624506439406000,1,1.05068640,125.2700
1624506442278000,0,0.36000000,125.3900
1624506442278000,0,0.36750000,125.4300
1624506451340000,0,16.00000000,125.4600
1624506484916000,0,14.60057554,125.5200
1624506502008000,1,1.47925297,125.5500
1624506527878000,1,0.36015000,125.4400
1624506553800000,1,15.44000000,125.3700
1624506554021000,1,0.00991570,125.3700
1624506725137000,0,7.89620000,126.4900
1624506727131000,1,16.00000000,126.5000
1624506727420000,1,16.00000000,126.4800
1624506727543000,1,1.98874906,126.4700
1624506727553000,1,0.93374345,126.4700
1624506727594000,1,4.96860749,126.4700
1624506728365000,1,0.36749999,126.4500
1624506728382000,1,0.00000001,126.4500
1624506733023000,1,16.00000000,126.3500
1624506737737000,0,1.00000000,126.3100
1624506738065000,1,7.88800000,126.1500
1624506755041000,0,7.89470000,126.4300
1624506784459000,0,15.11699000,126.5100
1624506791829000,1,7.89720000,126.4800
1624506840849000,1,1.19450000,126.0500
1624506844845000,0,9.44987737,126.1300
1624506844845000,0,9.45242653,126.1400
1624506848047000,0,16.00000000,126.2300
1624506893352000,1,14.96000000,126.0600
1624507083625000,1,14.82967000,126.6700
1624507089637000,1,0.00000697,126.6700
1624507158400000,1,3.92730000,126.7400
1624507175003000,0,9.39044000,126.9500
1624507175080000,0,0.00000817,126.9500
1624507175080000,0,9.38621183,126.9600
1624507204637000,1,0.00007948,126.7400
1624507205896000,0,0.54698966,126.7300
1624507221793000,0,0.90000000,126.9900
1624507222078000,0,4.50000000,126.9900
1624507239496000,1,16.00000000,127.0100
1624507257406000,1,7.86327947,127.0700
1624507257406000,1,15.99672053,127.0700
1624507323422000,0,7.61896000,127.3600
1624507323426000,0,0.00000059,127.3600
1624507323589000,0,5.32620000,127.3900
1624507323634000,0,1.01990000,127.3900
1624507323657000,0,1.49760000,127.3900
1624507328620000,0,7.82000000,127.6900
1624507328864000,0,3.43580000,127.6900
1624507328870000,0,2.32910000,127.6900
1624507328893000,0,0.37500000,127.6900
1624507350489000,0,9.32130470,127.8500
1624507350586000,0,1.17720000,127.8600
1624507350587000,0,1.37250000,127.8600
1624507350775000,0,5.24250000,127.8600
1624507351025000,0,7.79990000,127.8700
1624507351138000,0,23.29998000,127.8800
1624507358638000,0,9.30309488,128.1100
1624507364920000,1,16.00000000,127.9600
1624507373943000,0,9.29659772,128.1700
1624507376631000,0,0.36750000,128.2500
1624507377095000,0,0.36375000,128.2800
1624507397024000,1,16.00000000,128.0600
1624507404197000,0,7.83344205,128.1700
1624507404197000,0,19.58763795,128.1700
1624507404508000,0,0.37125000,128.2200
1624507408521000,0,0.36750000,128.3900
1624507409364000,0,0.37125000,128.4400
1624507448975000,0,7.74810000,128.5900
1624507452418000,0,15.01000000,128.7300
1624507452427000,0,15.01000000,128.7300
1624507481538000,0,7.76270000,128.6400
1624507498699000,0,7.75860000,128.7800
1624507506354000,1,7.72830000,128.6000
1624507602197000,0,7.75130000,128.5600
1624507602197000,0,49.51168939,128.5700
1624507602197000,0,7.78520283,128.5800
1624507602197000,0,9.68502011,128.6000
1624507610416000,0,16.00000000,128.5000
1624507610416000,0,16.00000000,128.5200
1624507610416000,0,7.75990000,128.5200
1624507610416000,0,4.74061641,128.5300
1624507610416000,0,7.78637922,128.5400
1624507610416000,0,22.23191536,128.5600
1624507619951000,1,2.89000000,128.2300
1624507620058000,1,0.00001737,128.2300
1624507698817000,1,7.78000000,128.3100
1624507698930000,1,2.47041191,128.2900
1624507765415000,1,0.83509562,128.0900
1624507790391000,0,0.23000000,128.3800
1624507790429000,0,14.69050007,128.3800
1624507827956000,0,6.32322000,128.2400
1624507860998000,0,6.31000000,128.2700
1624507908702000,0,7.80000000,128.1500
1624507908822000,0,0.00875887,128.1500
1624507917517000,0,7.64000000,128.1900
1624507949833000,1,1.28068000,127.8300
1624507950057000,1,0.00000074,127.8300
1624507968347000,1,2.60227667,127.9200
1624507968347000,1,2.59150895,127.9100
1624508007689000,0,7.84000000,127.6200
1624508011586000,1,2.07886008,127.4700
1624508104470000,0,0.00355460,127.6200
1624508104582000,1,0.37144540,127.6200
1624508104582000,1,0.17554426,127.6000
1624508105291000,0,83.00000000,127.7600
1624508152111000,1,0.36382500,127.3900
1624508152267000,1,0.00742500,127.3900
1624508180737000,1,7.81540000,127.2400
1624508224384000,0,7.87000000,127.1600
1624508224425000,0,0.00006069,127.1600
1624508253219000,0,7.87863564,127.0400
1624508253370000,0,7.87863564,127.0400
1624508384226000,0,0.20000000,126.9900
1624508407270000,0,23.26510000,126.9900
1624508409765000,0,0.00000782,126.9900
1624508454454000,1,10.34509989,126.7000
1624508543598000,0,2.00000000,126.7800
1624508572094000,1,0.37125000,126.5100
1624508596002000,0,3.22000000,126.6400
1624508596034000,0,9.22000000,126.6400
1624508596063000,0,3.56000000,126.6400
1624508620741000,0,7.90047000,126.6700
1624508620781000,0,0.00000560,126.6700
1624508639903000,1,14.79531497,126.6100
1624508650430000,0,5.40000000,126.8000
1624508700705000,0,0.99997800,126.7400
1624508710183000,0,7.87500000,126.7800
1624508934304000,1,49.84000000,127.2800
1624509005708000,0,0.54436432,127.5800
1624509033883000,0,0.37852500,127.2700
1624509043301000,0,2.50000000,127.2600
1624509103909000,0,15.07739111,127.1200
1624509128094000,1,56.00000000,126.8600
1624509128968000,0,5.78000000,126.8500
1624509128983000,0,10.22000000,126.8500
1624509157751000,1,16.00000000,126.6600
1624509160202000,0,7.89298825,126.7900
1624509221388000,1,20.70000000,126.3500
1624509229809000,0,9.43058652,126.4400
1624509229809000,0,9.42941348,126.4400
1624509229903000,0,0.00032779,126.4400
1624509243067000,1,0.33400000,126.2800
1624509243162000,1,1.00000000,126.2700
1624509243251000,1,0.10705537,126.2700
1624509270788000,0,8.56000000,126.5600
1624509270824000,0,7.44000000,126.5600
1624509411773000,0,7.87000000,127.1000
1624509500151000,1,16.00000000,127.0800
1624509506016000,1,1.45020000,126.9100
1624509512677000,1,0.00004653,126.9100
1624509600715000,0,15.68000000,126.8900
1624509600748000,0,0.32000000,126.8900
1624509637063000,0,9.37470008,127.1800
1624509648201000,0,0.25077001,127.2300
1624509781586000,0,7.82700000,127.3000
1624509905001000,1,0.54436432,126.9400
1624510111418000,1,16.00000000,128.3100
1624510132472000,1,16.00000000,128.2000
1624510166062000,0,9.30198787,128.2000
1624510166103000,0,30.00000000,128.2100
1624510166126000,0,23.25208053,128.2200
1624510166126000,0,0.38625000,128.2200
1624510202582000,1,18.78000000,127.9600
1624510202612000,1,0.00400000,127.9600
1624510263032000,1,7.81717000,127.8700
1624510281547000,1,0.00000489,127.8700
1624510555360000,0,2.50000000,128.0300
1624510566679000,1,0.36750000,127.9500
1624510566679000,1,16.00000000,127.9400
1624510570321000,1,0.37125000,127.8100
1624510623680000,1,4.00000000,127.9000
1624510760379000,1,14.88000000,127.4500
1624510810100000,0,0.53916725,127.5300
1624510815201000,1,3.00483123,127.3700
1624510815201000,1,4.84236877,127.3600
1624510869471000,0,7.86465397,127.2500
1624510873193000,0,16.00000000,127.3500
1624510900282000,0,0.37125000,127.9800
1624510931393000,1,7.76840000,128.1200
1624510931393000,1,16.00000000,128.1200
1624511004978000,0,11.62064123,128.1900
1624511007077000,0,14.15000000,128.2500
1624511083555000,1,16.00000000,128.4100
1624511083555000,1,7.48765388,128.3800
1624511083555000,1,2.49142670,128.3800
1624511093824000,1,14.51476218,128.1400
1624511093824000,1,2.67136319,128.1400
1624511093824000,1,2.52140676,128.1400
1624511160811000,1,2.86470000,128.0100
1624511160875000,1,0.00001364,128.0100
1624511196324000,0,9.32522024,127.8600
1624511196324000,0,9.32464112,127.8700
1624511196324000,0,180.12730000,127.8900
1624511209900000,0,7.73000000,128.1600
1624511210021000,0,7.16053936,128.1600
1624511416566000,0,16.00000000,127.7600
1624511665897000,0,7.80650000,127.9300
1624511693448000,1,7.28930000,127.8300
1624511693468000,1,0.53016246,127.8300
1624511704488000,1,0.53916725,127.7100
1624511813022000,1,7.80000000,128.0900
1624511813247000,1,0.00416004,128.0900
1624511830504000,0,6.28142779,128.3100
1624511868492000,1,0.16000000,128.2200
1624511954019000,1,26.52000000,128.4100
1624511956316000,1,14.15000000,128.3500
1624511960502000,1,4.00000000,128.3400
1624511962380000,1,3.92000000,128.3200
1624512084332000,1,1.73000000,128.3200
1624512109767000,0,7.75420000,128.5100
1624512168091000,1,7.79257429,128.2700
1624512168091000,1,38.93962077,128.2600
1624512168091000,1,19.37193610,128.2600
1624512168116000,1,1.34906390,128.2600
1624512187626000,0,7.76650000,128.4100
1624512242382000,0,7.76600000,128.5300
1624512243207000,0,14.07870000,128.5700
1624512311230000,1,7.78000000,128.3900
1624512370121000,1,7.78506819,128.3800
1624512370121000,1,4.53493181,128.3800
1624512454920000,1,7.77918998,128.4800
1624512454920000,1,16.00000000,128.4800
1624512478748000,1,1.87000000,128.4700
1624512479079000,1,5.91014911,128.4700
1624512484271000,1,7.78232800,128.4300
1624512484382000,1,29.99767000,128.4300
1624512484382000,1,7.78232800,128.4300
1624512484382000,1,13.58429168,128.4200
1624512566275000,1,7.78300886,128.4200
1624512605511000,0,0.53373325,128.3600
1624512606618000,0,7.23366675,128.3600
1624512606618000,0,14.57776325,128.3600
1624512654481000,0,7.78302000,128.5800
1624512696605000,1,14.55867123,128.9300
1624512696968000,1,0.29711574,128.9300
1624512702862000,0,7.75220000,129.0700
1624512722572000,0,7.72050000,129.1300
1624512727085000,0,0.38250000,129.3300
1624512738433000,0,7.71430000,129.4300
1624512749317000,1,16.00000000,129.2600
1624512755887000,1,13.95252728,129.0800
1624512776437000,0,7.70400000,129.2300
1624512889803000,1,0.78825804,128.6300
1624512890001000,0,5.00000000,128.7700
1624512915925000,0,13.99488000,128.8200
1624513024334000,0,23.04457211,129.3800
1624513024334000,0,9.21325789,129.3800
1624513024850000,0,7.72900000,129.4100
1624513063798000,0,7.69920000,129.6700
1624513064120000,0,26.00000000,129.6900
1624513065127000,1,7.24563016,129.6200
1624513065140000,1,6.50389283,129.6200
1624513068360000,1,7.71131637,129.5800
1624513074360000,1,19.29000000,129.5900
1624513090665000,0,10.00000000,129.7700
1624513095486000,1,1.72711760,129.5700
1624513118630000,0,16.00000000,129.3900
1624513118630000,0,7.70290000,129.3900
1624513118630000,0,2.50000000,129.3900
1624513121719000,0,14.39566000,129.4200
1624513169526000,1,5.47902614,128.9200
1624513170287000,1,52.00000000,128.8400
1624513175521000,0,7.75750000,128.9400
1624513175521000,0,20.64200000,128.9500
1624513175521000,0,14.03178331,128.9700
1624513175521000,0,2.50000000,128.9700
1624513175521000,0,7.76165362,128.9800
1624513175521000,0,0.38250000,129.0200
1624513175521000,0,36.92456307,129.0200
1624513179477000,0,20.64200000,129.0200
1624513181320000,1,0.36750000,128.9200
1624513181320000,1,0.37125000,128.9100
1624513181530000,1,0.38250000,128.8700
1624513182381000,1,0.38625000,128.8000
1624513248443000,1,7.43328778,128.6400
1624513248443000,1,0.37125000,128.6300
1624513248443000,1,7.17546222,128.6200
1624513315585000,0,1.00000000,128.8500
1624513344956000,1,7.75300000,128.8600
1624513431081000,1,2.86070000,128.8500
1624513496695000,1,2.67609998,128.6200
1624513496695000,1,6.69024002,128.6200
1624513496735000,1,0.00001864,128.6200
1624513505069000,1,0.53373325,128.5700
1624513507144000,0,9.26000000,128.7500
1624513593554000,0,7.76342867,128.9000
1624513593678000,0,1.00000000,128.9200
1624513593786000,0,6.64325833,128.9200
1624513593788000,0,2.60492949,128.9200
1624513594133000,0,9.87545799,128.9500
1624513594152000,0,13.24143152,128.9500
1624513605638000,1,7.70780000,129.0000
1624513663399000,1,7.74000000,129.1000
1624513785341000,1,0.00511468,129.1000
1624513785341000,1,16.00000000,129.1000
1624513785341000,1,2.99756897,129.1000
1624513807712000,1,0.41236097,129.0900
1624513812937000,0,7.74000000,129.2400
1624513813124000,0,0.00343871,129.2400
1624513832668000,0,18.34020000,129.6000
1624513832871000,0,78.58586539,129.6000
1624513833260000,0,6.95271436,129.6000
1624513833322000,0,151.62162025,129.6000
1624513833853000,0,11.55811622,129.7400
1624513833853000,0,0.37188378,129.8000
1624513841606000,1,220.00000000,129.8000
1624513847896000,1,4.40000000,129.8100
1624513852052000,0,2.81068148,129.8000
1624513852106000,0,3.08924056,129.8000
1624513900961000,1,171.09280000,129.6500
1624513900961000,1,7.70905989,129.6500
1624513903324000,1,0.37500000,129.6700
1624513903324000,1,46.10500000,129.6700
1624513907634000,0,9.18958742,129.7800
1624513907634000,0,22.97325258,129.7800
1624513908942000,0,9.18547000,129.8000
1624513909033000,0,0.00000892,129.8000
1624513909033000,0,7.70100000,129.8100
1624513909033000,0,22.95880108,129.8100
1624513921458000,0,19.15300000,129.7900
1624513938364000,1,7.71000000,129.4700
1624513957896000,0,7.68430000,129.6300
1624513987614000,0,9.21244000,129.4800
1624513990329000,0,7.70470000,129.5400
1624514044259000,1,7.72000000,129.3200
1624514051241000,0,9.21665000,129.3900
1624514064432000,1,3.51932648,129.3000
1624514130599000,0,7.72760000,129.3500
1624514155057000,1,7.73000000,129.2400
1624514168163000,1,0.00427003,129.2400
1624514168163000,1,7.72572997,129.2300
1624514289301000,0,16.00000000,129.5800
1624514290585000,0,8.44827442,129.6100
1624514291405000,0,0.36750000,129.6200
1624514296824000,0,16.00000000,129.7100
1624514296968000,0,20.23400000,129.7400
1624514314903000,1,16.00000000,129.5900
1624514346470000,0,2.49162039,129.6900
1624514358254000,1,7.35000000,129.5000
1624514388333000,1,15.68000000,129.6300
1624514406153000,0,0.52575652,129.8700
1624514410264000,1,26.98000000,129.7200
1624514422652000,1,16.00000000,129.7500
1624514423398000,1,7.63446000,129.7700
1624514434112000,1,18.34555000,129.7800
1624514441826000,1,0.00000099,129.7800
1624514448775000,1,7.70942909,129.6300
1624514461323000,1,18.83780000,129.5900
1624514461365000,1,0.00002724,129.5900
1624514464246000,1,14.65000000,129.4900
1624514464492000,1,15.56064000,129.5900
1624514464531000,1,0.00000963,129.5900
1624514471213000,0,7.70120000,129.6300
1624514477347000,1,4.39000000,129.5700
1624514480889000,1,0.00921246,129.5700
1624514491244000,1,15.32890000,129.4800
1624514495878000,1,0.00009379,129.4800
1624514507412000,0,7.71140000,129.5400
1624514521097000,0,16.00000000,129.5100
1624514521157000,1,1.00000000,129.5200
1624514521157000,1,2.79921234,129.5200
1624514521332000,1,9.91228000,129.5200
1624514521365000,1,3.79921220,129.5200
1624514556211000,0,7.73280000,129.4000
1624514558396000,1,1.25000000,129.2800
1624514560282000,1,6.55724449,129.2900
1624514562477000,1,7.61000000,129.3200
1624514564524000,1,0.00556255,129.3200
1624514564524000,1,5.93443745,129.3200
1624514585767000,1,16.17842541,129.3300
1624514585835000,1,0.33017195,129.3300
1624514613613000,0,7.70950000,129.3900
1624514616818000,0,14.17513000,129.5400
1624514622511000,1,33.22125000,129.6300
1624514622656000,1,0.00000444,129.6300
1624514641176000,1,29.70661000,129.5800
1624514641199000,1,0.00000405,129.5800
1624514657239000,0,7.72750000,129.5100
1624514671316000,1,14.55342000,129.4900
1624514671813000,1,20.02406119,129.4900
1624514675043000,0,7.72772000,129.5000
1624514675793000,1,0.40048122,129.4900
1624514774598000,0,4.00000000,129.2800
1624514959238000,0,1.73724000,129.0700
1624514959281000,0,0.00000513,129.0700
1624515189419000,1,15.10122770,129.0900
1624515189419000,1,7.28747405,129.0600
1624515190206000,1,5.40000000,129.0400
1624515305367000,1,0.52575652,129.1200
1624515419943000,0,16.00000000,128.9700
1624515419943000,0,7.60345022,128.9700
1624515419943000,0,7.76048435,128.9800
1624515419943000,0,9.24355492,128.9900
1624515419943000,0,14.57086039,129.0000
1624515419943000,0,18.20900000,129.0100
1624515419943000,0,2.50000000,129.0100
1624515419943000,0,12.46156041,129.0200
1624515428184000,0,16.00000000,128.9400
1624515428184000,0,9.24857440,128.9400
1624515428184000,0,3.80172510,128.9500
1624515428184000,0,9.24771336,128.9500
1624515428184000,0,47.39347449,128.9600
1624515428184000,0,2.53579326,128.9700
1624515534814000,0,2.65428653,129.0000
1624515534815000,0,6.59252412,129.0000
1624515534815000,0,9.24767128,129.0100
1624515534815000,0,7.72550000,129.0200
1624515534817000,0,11.46361311,129.0300
1624515534853000,0,18.39960000,129.0100
1624515534913000,0,30.00000000,129.0400
1624515534973000,0,9.24681065,129.0300
1624515534973000,0,9.24767128,129.0300
1624515534996000,0,2.51250000,129.0500
1624515535149000,0,1.09700000,129.0500
1624515535166000,0,8.14762494,129.0500
1624515535166000,0,9.24767128,129.0500
1624515535412000,0,9.23563676,129.1200
1624515535419000,0,0.00000001,129.1200
1624515535564000,0,3.51589495,129.2400
1624515535819000,0,60.02000000,129.3200
1624515540125000,1,7.69820000,129.3100
1624515540155000,1,20.29100000,129.3000
1624515588570000,1,7.72000000,129.4600
1624515588838000,1,0.00139851,129.4600
1624515599844000,0,7.69490000,129.6100
1624515613476000,1,7.71884751,129.5100
1624515635900000,1,7.71000000,129.5700
1624515637424000,1,0.00659858,129.5700
1624515637424000,1,7.71659858,129.5700
1624515637424000,1,30.09396896,129.5400
1624515663999000,1,7.72000000,129.4900
1624515684509000,1,0.00045738,129.4900
1624515684509000,1,7.71954262,129.4600
1624515687458000,1,0.00200984,129.4600
1624515713821000,1,7.72482687,129.4100
1624515713821000,1,30.00000000,129.3800
1624515713821000,1,38.62153675,129.3700
1624515713821000,1,12.00254667,129.3600
1624515722070000,1,16.00000000,129.3700
1624515722070000,1,34.12362270,129.3600
1624515722070000,1,7.72703495,129.3600
1624515722070000,1,0.36375000,129.3500
1624515722070000,1,20.29100000,129.3400
1624515722070000,1,9.72187296,129.3300
1624515850969000,0,7.72140000,129.4200
1624516070602000,1,7.72820000,129.3500
1624516205962000,0,0.52307215,129.1600
1624516239620000,0,0.36375000,129.1200
1624516239620000,0,1.63625000,129.1400
1624516354052000,1,9.00000000,129.4400
1624516354588000,1,0.38250000,129.3900
1624516354588000,1,13.41859739,129.3600
1624516377069000,1,7.56974918,129.4100
1624516436007000,0,9.20697329,129.6200
1624516436327000,0,8.96000000,129.6300
1624516459425000,0,7.71304251,129.7500
1624516694825000,0,14.77524654,129.7000
1624516694825000,0,7.71499002,129.7000
1624516695111000,0,9.19861945,129.7100
1624516695111000,0,9.19805192,129.7200
1624516704910000,0,0.93293114,129.9700
1624516711852000,0,7.65940000,130.1200
1624516730346000,0,7.63760000,130.5500
1624516734585000,0,14.57582000,130.7200
1624516737318000,1,2.97689876,130.5800
1624516737318000,1,0.85789181,130.5800
1624516737424000,1,6.58435508,130.5800
1624516737453000,1,0.00000001,130.5800
1624516743464000,1,16.00000000,130.4200
1624516747207000,0,9.14038694,130.5600
1624516747207000,0,22.84990306,130.5600
1624516747571000,0,7.63070000,130.5700
1624516747571000,0,9.13856589,130.5700
1624516747571000,0,10.66653411,130.5700
1624516748302000,0,22.83346932,130.6600
1624516748302000,0,7.16653068,130.6600
1624516748563000,0,59.36280000,130.6800
1624516761863000,1,0.34477475,130.4200
1624516877063000,0,7.62760000,130.4400
1624516943601000,1,7.68000000,130.0300
1624516990197000,0,7.65310000,130.0000
1624517104937000,1,0.52307215,129.9200
1624517200965000,1,7.67852118,130.1800
1624517225008000,0,7.68487858,130.2200
1624517225086000,0,16.00000000,130.2500
1624517234174000,0,7.67000000,130.3500
1624517240463000,0,0.68229000,130.7600
1624517256853000,1,15.68000000,130.4700
1624517315453000,0,0.37499999,130.8600
1624517315486000,0,0.00000001,130.8600
1624517326925000,1,16.00000000,130.6500
1624517368010000,0,0.37124999,130.8300
1624517415862000,0,7.65875165,130.6900
1624517415862000,0,7.65700000,130.6900
1624517415862000,0,16.00000000,130.6900
1624517415862000,0,38.30011781,130.7000
1624517415862000,0,2.50000000,130.7000
1624517415862000,0,15.08001697,130.7100
1624517424129000,0,16.00000000,130.7400
1624517424129000,0,7.65529688,130.7400
1624517424129000,0,0.35000000,130.7400
1624517424129000,0,24.50000000,130.7400
1624517424129000,0,38.52571690,130.7500
1624517500664000,1,0.37875000,130.4300
1624517500664000,1,30.00000000,130.4300
1624517504389000,1,7.66390802,130.4200
1624517505798000,1,46.10006618,130.3800
1624517626350000,1,14.11000000,130.4500
1624517919503000,1,0.38625000,130.6200
1624518006124000,0,0.51804182,130.5300
1624518029309000,1,0.15609383,130.4400
1624518132025000,1,7.80060000,130.3000
1624518133379000,1,14.65601052,130.2100
1624518153187000,1,1.89682643,130.0800
1624518287344000,0,1.00000000,129.9000
1624518287383000,0,4.00000000,129.9000
1624518304318000,1,5.00000000,129.9500
1624518428855000,0,24.47481000,130.1100
1624518428925000,0,16.00000000,130.1100
1624518428993000,0,9.52519000,130.1100
1624518434706000,1,7.68491081,130.0500
1624518434706000,1,7.67660000,130.0500
1624518434706000,1,20.59600000,130.0500
1624518434706000,1,0.35000000,130.0500
1624518434914000,0,7.67240000,130.0500
1624518434935000,0,6.02008919,130.0500
1624518725888000,1,7.49379692,130.7100
1624518739429000,0,1.00000000,130.9600
1624518743542000,0,7.59200000,131.0400
1624518743542000,0,8.88281000,131.0400
1624518763728000,0,0.15242742,131.2100
1624518785870000,1,7.61450000,131.2400
1624518905284000,1,0.51804182,130.9300
1624518978827000,0,7.56667184,130.7000
1624519103420000,1,6.95402827,130.4300
1624519103423000,1,0.24568041,130.4300
1624519119757000,1,0.83588244,130.3400
1624519361506000,1,7.63310704,130.9400
1624519550101000,0,3.00000000,130.9100
1624519596170000,1,6.07799795,131.3700
1624519596211000,1,9.92200205,131.3700
1624519597036000,0,6.07799000,131.3000
1624519597210000,0,0.00000795,131.3000
1624519666158000,0,10.00000000,131.3000
1624519689911000,1,0.78137435,131.2300
1624519729190000,0,7.60370300,131.6400
1624519760551000,0,0.23872046,131.7100
1624519805768000,0,0.51191018,131.8200
1624519945292000,0,7.62055212,131.3300
1624519986040000,1,7.46608208,131.2000
1624519986040000,1,0.15236902,131.2000
1624520030871000,0,7.62759029,131.1900
1624520041442000,0,7.62801370,131.1900
1624520041442000,0,15.99198630,131.1900
1624520144033000,1,7.47410546,131.0500
1624520201935000,1,7.48118892,130.9200
1624520201941000,1,0.15267733,130.9200
1624520208483000,0,7.64000000,130.9600
1624520208538000,0,0.00098818,130.9600
1624520218143000,0,7.64000000,130.9200
1624520218160000,0,0.00335605,130.9200
1624520243835000,0,7.64000000,130.9500
1624520294180000,0,7.63664883,131.0300
1624520341941000,1,2.87946000,131.0900
1624520342015000,1,0.00000009,131.0900
1624520372150000,1,16.00315000,131.2000
1624520372223000,1,0.00000053,131.2000
1624520396882000,0,6.47000000,131.2500
1624520396936000,0,0.00427551,131.2500
1624520432705000,1,14.23206070,131.2900
1624520432705000,1,7.17712611,131.2900
1624520451337000,1,7.35000000,131.2300
1624520492348000,1,7.61000000,131.2700
1624520503261000,1,0.00498959,131.2700
1624520503261000,1,7.60501041,131.2700
1624520518834000,1,5.24000000,131.3200
1624520557400000,0,5.40000000,131.6800
1624520575470000,1,0.41000000,131.5400
1624520588803000,1,1.44882831,131.4900
1624520609253000,1,1.50250533,131.5800
1624520626548000,1,6.32000000,131.6100
1624520628168000,1,6.66640000,131.5700
1624520632003000,1,2.70000000,131.4700
1624520704782000,1,0.51191018,131.5400
1624520733425000,0,16.00000000,131.5800
1624520733507000,1,395.64028000,131.5800
1624520733563000,1,80.00000000,131.5800
1624520733617000,1,0.84800000,131.5800
1624520733627000,1,0.37500000,131.5800
1624520733630000,1,1.08280000,131.5800
1624520733677000,1,146.37140000,131.5800
1624520733761000,1,190.13209210,131.5800
1624520733761000,1,1.59912766,131.5800
1624520733776000,1,1.43050000,131.5800
1624520733791000,1,18.88166424,131.5800
1624520733805000,1,1.15450000,131.5800
1624520733811000,1,7.60502346,131.5800
1624520733893000,1,1.08840000,131.5800
1624520734149000,1,1.94143832,131.5800
1624520734200000,1,11.55805632,131.5800
1624520734267000,1,190.13354135,131.5800
1624520734724000,1,0.37500000,131.5800
1624520734762000,1,1.61426513,131.5800
1624520734781000,1,190.13714406,131.5800
1624520734900000,1,9.64779601,131.5800
1624520734923000,1,39.46575226,131.5800
1624520734963000,1,4.18049122,131.5800
1624520735204000,1,10.16995961,131.5800
1624520736330000,1,5.32897000,131.5800
1624520738288000,1,2.58832265,131.5800
1624520739093000,1,5.39947148,131.5800
1624520739112000,1,17.25178978,131.5800
1624520739360000,1,8.59955870,131.5800
1624520739419000,1,24.36084709,131.5800
1624520739536000,1,16.73844890,131.5800
1624520739565000,1,10.63728889,131.5800
1624520739599000,1,1.36958678,131.5800
1624520747364000,0,4.75620000,131.6900
1624520752348000,1,56.25484847,131.5900
1624520753694000,1,1.69000000,131.5900
1624520753953000,1,11.48917502,131.5900
1624520754092000,1,2.09390000,131.5900
1624520758065000,1,3.76137767,131.5900
1624520758650000,1,1.25000000,131.5900
1624520759554000,1,11.48429154,131.5900
1624520759967000,1,19.18246175,131.5900
1624520760368000,1,8.94000000,131.5900
1624520760895000,1,30.09862266,131.5900
1624520760935000,1,1.20000000,131.5900
1624520760948000,1,19.09100000,131.5900
1624520760996000,1,1.35350000,131.5900
1624520760997000,1,7.99999999,131.5900
1624520761039000,1,14.60000000,131.5900
1624520761194000,1,18.88085269,131.5900
1624520761322000,1,11.39304696,131.5900
1624520761470000,1,1.62050000,131.5900
1624520761471000,1,27.91400001,131.5900
1624520761472000,1,8.47200000,131.5900
1624520762698000,1,11.18636329,131.5900
1624520762707000,1,19.01500000,131.5900
1624520762737000,1,11.34028464,131.5900
1624520762780000,1,0.37500000,131.5900
1624520762850000,1,19.10300000,131.5900
1624520762854000,1,5.38000000,131.5900
1624520762859000,1,1.02240000,131.5900
1624520762922000,1,1.20630000,131.5900
1624520762934000,1,1.00580000,131.5900
1624520763030000,1,5.63000000,131.5900
1624520763103000,1,3.80778899,131.5900
1624520763116000,1,7.61539882,131.5900
1624520763188000,1,190.17636650,131.5900
1624520763246000,1,11.44217749,131.5900
1624520763478000,1,18.94500000,131.5900
1624520763488000,1,9.82498000,131.5900
1624520763554000,1,11.50000000,131.5900
1624520763623000,1,5.32477639,131.5900
1624520763636000,1,5.13985342,131.5900
1624520763637000,1,11.49800001,131.5900
1624520763655000,1,2.68450291,131.5900
1624520763759000,1,1.29220406,131.5900
1624520763764000,1,0.37500000,131.5900
1624520763790000,1,30.17176321,131.5900
1624520763876000,1,3.69208646,131.5900
1624520764026000,1,0.88073226,131.5900
1624520764081000,1,1.09104073,131.5900
1624520764117000,1,2.07680000,131.5900
1624520764377000,1,2.17953772,131.5900
1624520764541000,1,30.12744161,131.5900
1624520764965000,1,11.49565863,131.5900
1624520765858000,1,1.11540000,131.5900
1624520766104000,1,18.89698607,131.5900
1624520766195000,1,3.94117363,131.5900
1624520767659000,1,3.71941554,131.5900
1624520767706000,1,22.89538555,131.5900
1624520767716000,1,4.64488628,131.5900
1624520767760000,1,29.32836751,131.5900
1624520768937000,1,1.21050000,131.5900
1624520769137000,1,4.91276082,131.5900
1624520769257000,1,8.46430857,131.5900
1624520769280000,1,9.66089433,131.5900
1624520769355000,1,1.97727998,131.5900
1624520769548000,1,12.31504904,131.5900
1624520769559000,1,2.70376590,131.5900
1624520769609000,1,11.41111156,131.5900
1624520771566000,1,1.36948773,131.5900
1624520771942000,1,6.79381189,131.5900
1624520772040000,1,15.21599735,131.5900
1624520772145000,1,5.06504127,131.5900
1624520772184000,1,11.25949710,131.5900
1624520772227000,1,9.90028450,131.5900
1624520772296000,1,1.35795144,131.5900
1624520773718000,1,1.24000000,131.5900
1624520774219000,1,10.32000000,131.5900
1624520775140000,1,7.70561931,131.5900
1624520775761000,1,18.60346352,131.5900
1624520775822000,1,11.18636329,131.5900
1624520775896000,1,11.51000000,131.5900
1624520778275000,1,13.54338020,131.5900
1624520778390000,1,3.42383576,131.5900
1624520778432000,1,13.39009102,131.5900
1624520778487000,1,5.32576186,131.5900
1624520778552000,1,15.05142581,131.5900
1624520778574000,1,3.80390407,131.5900
1624520778629000,1,8.90127267,131.5900
1624520778653000,1,6.05246708,131.5900
1624520778813000,1,5.41192897,131.5900
1624520779995000,1,22.80000000,131.5900
1624520780039000,1,11.46000000,131.5900
1624520780258000,1,6.92489156,131.5900
1624520780269000,1,7.61023428,131.5900
1624520780970000,1,12.10537721,131.5900
1624520781007000,1,8.70597218,131.5900
1624520781068000,1,2.29630361,131.5900
1624520781092000,1,4.64146474,131.5900
1624520781110000,1,1.70121676,131.5900
1624520781128000,1,4.54374969,131.5900
1624520781872000,1,15.10902870,131.5900
1624520782361000,1,1.82587751,131.5900
1624520782810000,1,11.46712271,131.5900
1624520783025000,1,12.02397199,131.5900
1624520783218000,1,5.89608703,131.5900
1624520783258000,1,5.47188333,131.5900
1624520783305000,1,1.13809526,131.5900
1624520783436000,1,3.15671465,131.5900
1624520783497000,1,16.50215621,131.5900
1624520783558000,1,4.15784702,131.5900
1624520783605000,1,0.87539706,131.5900
1624520783747000,1,1.24000000,131.5900
1624520784875000,1,10.30000000,131.5900
1624520786129000,1,1.90210000,131.5900
1624520787152000,1,6.31500000,131.5900
1624520787196000,1,19.18700000,131.5900
1624520787210000,1,2.83185612,131.5900
1624520787213000,1,2.83185612,131.5900
1624520787216000,1,2.83220000,131.5900
1624520788833000,1,1.24000000,131.5900
1624520789406000,1,0.91700000,131.5900
1624520793584000,1,5.79174391,131.5900
1624520793744000,1,1.25000000,131.5900
1624520797941000,1,11.28245022,131.5900
1624520803434000,1,1.80569035,131.5900
1624520803470000,1,3.80497833,131.5900
1624520803703000,1,5.49145164,131.5900
1624520804209000,1,0.80000000,131.5900
1624520806504000,1,6.62000000,131.5900
1624520806644000,1,18.60364138,131.5900
1624520806699000,1,1.40000000,131.5900
1624520806739000,1,2.02123117,131.5900
1624520806760000,1,7.72077727,131.5900
1624520806781000,1,26.19702873,131.5900
1624520806867000,1,15.15444282,131.5900
1624520806870000,1,10.01833742,131.5900
1624520806871000,1,7.41267118,131.5900
1624520806945000,1,7.86452403,131.5900
1624520806963000,1,2.58165177,131.5900
1624520806982000,1,2.65937637,131.5900
1624520807131000,1,0.90409218,131.5900
1624520807151000,1,4.31745725,131.5900
1624520807188000,1,4.29157444,131.5900
1624520807221000,1,2.10477936,131.5900
1624520807265000,1,4.80056122,131.5900
1624520808703000,1,17.89700000,131.5900
1624520808736000,1,18.35224079,131.5900
1624520808819000,1,11.30000000,131.5900
1624520808895000,1,15.37213085,131.5900
1624520808942000,1,0.89825419,131.5900
1624520808999000,1,8.75797841,131.5900
1624520809031000,1,18.35224079,131.5900
1624520809191000,1,6.01400731,131.5900
1624520809254000,1,14.34378806,131.5900
1624520809263000,1,5.31796000,131.5900
1624520809284000,1,9.28147156,131.5900
1624520809345000,1,19.03456677,131.5900
1624520809377000,1,18.12762787,131.5900
1624520809545000,1,2.25974803,131.5900
1624520810155000,1,8.86111495,131.5900
1624520810185000,1,18.99800000,131.5900
1624520810224000,1,18.82309395,131.5900
1624520810295000,1,11.41465643,131.5900
1624520810422000,1,2.28165963,131.5900
1624520811278000,1,17.47849453,131.5900
1624520811341000,1,4.15598701,131.5900
1624520811398000,1,1.04463887,131.5900
1624520811507000,1,15.05917920,131.5900
1624520811514000,1,5.77144035,131.5900
1624520811568000,1,4.68561533,131.5900
1624520811568000,1,0.20000000,131.5900
1624520811568000,1,12.31040980,131.5800
1624520811602000,1,18.73286628,131.5800
1624520811607000,1,15.94300000,131.5800
1624520811618000,1,8.21980363,131.5800
1624520811629000,1,18.57850130,131.5800
1624520811629000,1,6.23015000,131.5800
1624520811639000,1,7.26200000,131.5800
1624520811641000,1,34.25003182,131.5800
1624520811655000,1,5.53081234,131.5800
1624520811669000,1,14.90400000,131.5800
1624520811694000,1,15.05889362,131.5800
1624520811703000,1,11.34199952,131.5800
1624520811708000,1,29.68336090,131.5800
1624520811712000,1,11.73100000,131.5800
1624520811713000,1,9.59850000,131.5800
1624520811716000,1,18.71829578,131.5800
1624520811725000,1,0.88623377,131.5800
1624520811748000,1,14.39059251,131.5800
1624520811799000,1,17.72348426,131.5800
1624520811810000,1,15.36057414,131.5800
1624520811815000,1,17.74311592,131.5800
1624520811816000,1,8.93999999,131.5800
1624520811836000,1,18.60364135,131.5800
1624520811880000,1,1.14466560,131.5800
1624520811884000,1,21.18164500,131.5800
1624520811934000,1,37.45868326,131.5800
1624520811942000,1,1.23320000,131.5800
1624520811954000,1,1.03080000,131.5800
1624520811959000,1,7.16228855,131.5800
1624520811977000,1,2.14147774,131.5800
1624520811993000,1,0.37500000,131.5800
1624520812062000,1,2.06844701,131.5800
1624520812065000,1,1.88112133,131.5800
1624520812135000,1,11.41665532,131.5800
1624520812144000,1,7.04347406,131.5800
1624520812174000,1,1.57426337,131.5800
1624520812186000,1,35.80554702,131.5800
1624520812207000,1,2.55544233,131.5800
1624520812222000,1,2.25443716,131.5800
1624520812236000,1,11.37217729,131.5800
1624520812240000,1,15.83823538,131.5800
1624520812243000,1,6.01400229,131.5800
1624520812254000,1,11.41110002,131.5800
1624520812287000,1,1.03362214,131.5800
1624520812302000,1,13.31796153,131.5800
1624520812340000,1,22.98619934,131.5800
1624520812354000,1,22.65695762,131.5800
1624520812384000,1,0.78219067,131.5800
1624520812406000,1,4.19897284,131.5800
1624520812429000,1,11.43448357,131.5800
1624520812438000,1,1.06537466,131.5800
1624520812455000,1,1.09331836,131.5800
1624520812468000,1,14.82721041,131.5800
1624520812497000,1,10.08312912,131.5800
1624520812532000,1,7.38957718,131.5800
1624520812558000,1,1.66350000,131.5800
1624520812594000,1,1.04935229,131.5800
1624520812598000,1,3.61861111,131.5800
1624520812602000,1,11.50178057,131.5800
1624520812608000,1,1.57402844,131.5800
1624520812648000,1,6.56527384,131.5800
1624520812661000,1,16.14028127,131.5800
1624520812684000,1,11.00386029,131.5800
1624520812686000,1,18.73487514,131.5800
1624520812698000,1,1.36898000,131.5800
1624520812701000,1,14.52230412,131.5800
1624520812707000,1,11.85608353,131.5800
1624520812743000,1,11.37414542,131.5800
1624520812883000,1,6.34091537,131.5800
1624520812892000,1,13.30822257,131.5800
1624520813027000,1,15.29649433,131.5800
1624520813028000,1,6.25187354,131.5800
1624520813031000,1,2.56070748,131.5800
1624520813045000,1,2.55303561,131.5800
1624520813079000,1,1.91343624,131.5800
1624520813080000,1,3.48462190,131.5800
1624520813081000,1,1.44901722,131.5800
1624520813082000,1,3.04260677,131.5800
1624520813083000,1,6.10847034,131.5800
1624520835172000,0,5.84258056,131.3700
1624520835241000,0,7.60890000,131.3900
1624520994443000,0,2.37200000,131.0100
1624521009689000,0,0.00008770,131.0100
1624521179177000,1,3.39059496,130.2800
1624521179183000,1,5.79880504,130.2800
1624521214816000,0,9.16748000,130.1500
1624521231829000,0,9.16522604,130.2000
1624521232157000,0,9.16339658,130.2100
1624521232352000,1,2.00000000,130.1100
1624521261398000,1,13.61755096,130.1900
1624521261398000,1,0.36375000,130.1800
1624521261398000,1,7.67752370,130.1800
1624521261398000,1,6.61069315,130.1700
1624521450281000,1,10.39660003,130.3500
1624521450310000,1,13.61439997,130.3500
1624521450310000,1,11.82600000,130.3500
1624521605818000,0,0.51368550,130.4300
1624521635408000,1,3.00000000,130.5000
1624521635875000,1,11.48110005,130.5000
1624521635993000,1,15.82340000,130.5000
1624521636030000,1,5.66780000,130.5000
1624521636113000,1,7.61397912,130.5000
1624521636114000,1,20.25716511,130.5000
1624521636146000,1,1.03630000,130.5000
1624521636156000,1,42.90998752,130.5000
1624521657763000,0,22.85842083,130.5200
1624521657763000,0,9.14367917,130.5200
1624521657881000,0,0.00010908,130.5200
1624521658059000,0,7.62490000,130.5300
1624521665690000,0,4.14920000,130.6600
1624521665838000,0,0.00007875,130.6600
1624521665838000,0,26.96892125,130.6800
1624521685564000,0,21.18700000,130.9100
1624521701369000,1,15.68000000,131.2300
1624521718593000,1,10.00000000,131.1000
1624521720927000,1,16.00000000,131.0600
1624521720927000,1,7.62938379,131.0100
1624521720927000,1,7.58790000,131.0100
1624521723809000,0,7.61290000,131.2000
1624521723809000,0,21.18700000,131.2000
1624521740624000,1,0.37125000,131.3500
1624521741048000,1,0.38625000,131.3200
1624521760961000,1,16.00000000,131.0900
1624521763804000,0,6.34650000,131.2300
1624521764028000,0,0.00009029,131.2300
1624521764028000,0,15.86500971,131.2400
1624521813082000,0,5.84244012,130.8400
1624521813082000,0,5.84555988,130.8400
1624521813383000,0,0.00000991,130.8400
1624521850635000,0,5.84645000,130.9100
1624521874193000,0,7.64063000,131.0000
1624521942787000,1,2.71755814,130.8900
1624521942787000,1,6.79391055,130.8900
1624521942887000,1,10.71686670,130.8800
1624522087856000,1,0.90992000,131.0400
1624522117940000,0,1.45725615,131.1300
1624522138151000,0,5.01700000,131.1200
1624522203183000,1,18.37000000,131.2200
1624522203860000,1,0.37500000,131.1500
1624522251904000,0,14.02652000,131.3400
1624522307303000,1,47.09781000,131.3800
1624522307454000,1,11.69219000,131.3800
1624522312373000,1,4.20670000,131.3300
1624522505306000,1,0.51368550,131.6300
1624522528815000,0,4.70130000,131.8600
1624522534336000,0,0.00000607,131.8600
1624522573125000,0,4.59603000,132.0400
1624522573151000,0,0.00000805,132.0400
1624522573166000,0,4.59810000,132.0600
1624522573188000,0,0.00002846,132.0600
1624522573188000,0,7.54110000,132.0700
1624522573188000,0,11.49490189,132.0700
1624522573236000,0,5.40000000,132.0800
1624522573356000,0,3.77754221,132.0700
1624522573517000,0,0.82058625,132.0700
1624522573517000,0,4.56391375,132.0700
1624522573540000,0,0.00015246,132.0700
1624522586047000,0,53.81318000,132.3100
1624522586538000,0,0.00000727,132.3100
1624522588974000,0,0.15092063,132.5200
1624522600054000,0,20.69700000,132.9000
1624522600817000,0,48.85861956,132.9500
1624522600817000,0,20.69698044,132.9500
1624522601579000,0,20.69700000,132.9900
1624522601579000,0,101.58598000,132.9900
1624522602806000,0,20.69700000,133.0700
1624522606076000,1,0.38250000,132.9700
1624522606076000,1,16.00000000,132.9500
1624522610953000,1,16.00000000,132.7200
1624522611360000,1,0.37500000,132.6600
1624522611370000,1,2.44448601,132.6600
1624522614964000,0,0.94144948,132.6700
1624522614964000,0,2.35336052,132.6700
1624522617785000,0,6.11830370,132.7400
1624522617785000,0,2.35336630,132.7400
1624522617896000,0,0.00000886,132.7400
1624522617967000,0,3.02726948,132.7700
1624522617967000,0,6.11830370,132.7700
1624522618263000,0,2.35330000,132.7700
1624522618411000,0,3.02720000,132.8400
1624522618812000,0,0.00006948,132.8400
1624522618812000,0,1.12983052,132.8800
1624522625876000,1,3.23176536,132.8500
1624522625876000,1,3.26677387,132.8500
1624522644062000,0,16.00000000,133.0600
1624522644179000,0,7.51970000,133.0700
1624522666171000,0,7.50530000,132.8000
1624522680767000,1,3.77673000,132.4100
1624522680875000,1,0.00000321,132.4100
1624522683562000,0,3.87118648,132.5200
1624522683562000,0,1.54846352,132.5200
1624522684526000,0,1.54735000,132.5300
1624522684807000,0,3.86838083,132.5900
1624522684807000,0,1.54722917,132.5900
1624522684880000,0,0.00000642,132.5900
1624522688509000,0,16.00000000,132.7500
1624522776669000,1,2.00000000,132.7500
1624522879934000,1,46.97560000,132.7200
1624522879992000,1,44.00000000,132.7200
1624522880006000,1,7.90160000,132.7200
1624522880079000,1,1.02550000,132.7200
1624522880157000,1,2.25190000,132.7200
1624522880201000,1,26.75840000,132.7200
1624522921037000,0,3.01960000,132.5900
1624522955917000,1,37.03705000,132.5300
1624522955975000,1,8.25595000,132.5300
1624522996928000,0,16.00000000,132.2800
1624523044150000,0,16.00000000,132.1400
1624523054141000,1,80.00000000,132.1600
1624523054222000,1,20.00000000,132.1600
1624523178057000,1,3.16405187,131.8700
1624523178311000,1,7.34798614,131.8700
1624523179781000,1,16.99696000,131.8700
1624523189245000,1,0.00000199,131.8700
1624523195731000,1,6.56936469,131.8700
1624523195764000,1,4.44927062,131.8700
1624523197545000,1,6.56936000,131.8700
1624523206454000,1,0.00000469,131.8700
1624523269632000,0,7.59599000,131.7600
1624523290873000,0,7.59649000,131.7300
1624523290920000,0,0.00000802,131.7300
1624523318824000,1,48.75717306,131.6400
1624523347204000,0,7.59922000,131.6700
1624523405800000,0,0.51124620,131.6000
1624523484359000,1,2.16716365,131.3100
1624523484367000,1,1.31900000,131.3100
1624523484371000,1,2.16716365,131.3100
1624523484579000,1,6.61417015,131.3100
1624523484630000,1,5.83099303,131.3100
1624523484726000,1,2.99849039,131.3100
1624523484765000,1,12.32801913,131.3100
1624523510342000,1,16.46300000,131.1000
1624523511125000,0,4.89067744,131.1300
1624523523715000,0,4.89115444,131.1100
1624523560934000,0,5.02578274,131.0500
1624523561034000,0,2.60989466,131.0500
1624523584627000,0,7.63567000,131.0500
1624523618975000,1,14.62928170,130.8800
1624523618988000,1,0.29855677,130.8800
1624523645260000,1,14.04410560,130.8800
1624523647751000,0,7.64285000,130.9100
1624523648171000,0,0.00000656,130.9100
1624523648171000,0,38.21277344,130.9600
1624523666146000,1,7.64588171,130.7100
1624523666146000,1,13.72406843,130.7000
1624523666146000,1,38.21600398,130.7000
1624523680947000,1,9.01499747,130.4500
1624523735326000,0,2.97050000,130.5900
1624523769020000,0,20.35382000,130.6800
1624523769042000,0,0.00000775,130.6800
1624523769123000,0,1.00000000,130.6900
1624523774096000,0,2.72504000,130.8400
1624523774194000,0,0.00000926,130.8400
1624523774200000,0,6.81260000,130.8500
1624523774210000,0,0.00000673,130.8500
1624523826104000,0,2.50871918,130.9400
1624523838459000,0,2.33903269,131.1800
1624523838459000,0,2.33909731,131.1800
1624523838584000,0,0.00000691,131.1800
1624523838584000,0,15.20444309,131.1900
1624523918348000,1,7.61207536,131.3000
1624524033228000,0,0.00000937,131.6700
1624524033228000,0,5.39999063,131.7500
1624524055065000,1,16.00000000,131.9100
1624524055065000,1,7.65150000,131.8800
1624524055065000,1,8.65035890,131.8500
1624524067150000,1,1.55014943,131.8300
1624524067171000,1,2.61880194,131.8300
1624524067243000,1,4.49341379,131.8300
1624524067571000,1,5.66576956,131.8300
1624524067920000,1,1.38010000,131.8300
1624524068035000,1,41.29176528,131.8300
1624524072658000,0,4.03864000,131.8100
1624524072730000,0,0.00000593,131.8100
1624524072730000,0,1.61535407,131.8100
1624524072813000,0,0.00000612,131.8100
1624524072813000,0,10.50015388,131.8400
1624524087087000,0,1.38010000,132.0000
1624524087097000,0,4.01990000,132.0000
1624524095077000,1,29.50000000,132.0700
1624524095077000,1,27.33800000,132.0600
1624524095077000,1,16.00000000,132.0500
1624524095077000,1,7.69970000,132.0400
1624524095077000,1,2.83688342,132.0200
1624524095077000,1,0.36750000,132.0100
1624524095077000,1,14.55886590,131.9800
1624524095077000,1,2.50000000,131.9800
1624524095077000,1,11.38240641,131.9800
1624524095077000,1,252.42340000,131.9700
1624524095077000,1,0.36750000,131.9600
1624524095077000,1,165.77820000,131.9500
1624524095077000,1,0.37875000,131.9200
1624524095077000,1,0.31964130,131.9100
1624524095077000,1,46.39424134,131.9000
1624524095077000,1,2.85321046,131.8900
1624524095077000,1,61.40000000,131.8900
1624524095077000,1,11.28099172,131.8900
1624524095077000,1,0.36375000,131.8800
1624524095077000,1,56.79471162,131.8500
1624524095077000,1,11.22298065,131.8500
1624524095090000,0,7.09220855,131.8200
1624524095100000,0,16.00000000,131.8200
1624524095109000,0,7.56910056,131.8200
1624524095110000,0,37.83671513,131.8200
1624524095175000,0,14.52897855,131.8200
1624524095178000,0,188.80000000,131.8200
1624524095178000,0,210.00000000,131.8200
1624524095192000,0,61.40000000,131.8200
1624524095192000,0,0.37500000,131.8200
1624524095250000,0,64.00000000,131.8200
1624524095254000,0,98.50578074,131.8200
1624524095273000,0,124.79190000,131.8200
1624524095277000,0,184.01750000,131.8200
1624524095291000,0,75.79900000,131.8200
1624524095292000,0,42.50000000,131.8200
1624524095292000,0,75.79900000,131.8200
1624524095314000,0,189.17706817,131.8200
1624524095324000,0,30.00000000,131.8200
1624524095328000,0,15.00000000,131.8200
1624524095397000,0,67.00000000,131.8200
1624524095407000,0,14.52897855,131.8200
1624524095434000,0,1.47102145,131.8200
1624524095448000,0,1.13760000,131.8200
1624524095467000,0,25.63208000,131.8200
1624524095472000,0,61.00000000,131.8200
1624524095481000,0,16.60099320,131.8200
1624524095503000,0,8.47400000,131.8200
1624524095507000,0,1.19997855,131.8200
1624524095517000,0,234.07280000,131.8200
1624524095528000,0,127.80000000,131.8200
1624524095561000,0,163.70650000,131.8200
1624524095562000,0,1.00000000,131.8200
1624524095572000,0,14.52897855,131.8200
1624524095599000,0,41.71807905,131.8200
1624524095690000,0,75.79900000,131.8200
1624524095691000,0,75.79900000,131.8200
1624524095719000,0,0.47118395,131.8200
1624524095740000,0,7.57852373,131.8200
1624524095830000,0,10.00000000,131.8200
1624524095885000,0,14.52897855,131.8200
1624524095890000,0,189.19316394,131.8200
1624524095992000,0,7.03178990,131.8200
1624524095994000,0,543.13174974,131.8200
1624524100846000,1,19.19800000,132.0400
1624524104406000,1,14.00000000,131.9700
1624524104582000,1,7.53900000,131.9600
1624524108027000,0,0.23569204,132.0600
1624524108157000,0,0.00481004,132.0600
1624524112812000,1,16.00000000,131.9900
1624524117866000,1,7.57310210,131.9300
1624524117866000,1,27.33799790,131.9300
1624524118177000,1,7.55700000,131.9100
1624524118598000,1,7.56650000,131.8800
1624524138769000,1,7.57530000,131.8200
1624524141009000,1,17.65310000,131.7200
1624524141076000,1,26.00000000,131.7200
1624524141132000,1,15.00000000,131.7200
1624524141187000,1,13.56990000,131.7200
1624524151406000,0,1.48305000,131.4200
1624524152127000,0,0.00000655,131.4200
1624524178800000,1,7.59734000,131.5000
1624524183585000,1,7.60790000,131.3300
1624524183650000,1,7.59460000,131.3200
1624524186430000,1,7.59930000,131.2400
1624524198957000,1,7.61109999,131.1400
1624524198973000,1,0.00000001,131.1400
1624524198973000,1,3.03545719,131.1300
1624524199256000,0,3.03545000,131.1300
1624524199256000,0,16.00000000,131.2100
1624524199256000,0,8.95759232,131.2100
1624524201752000,0,0.71777012,131.1800
1624524212206000,1,30.00000000,131.1300
1624524219224000,0,0.38625000,131.1300
1624524219224000,0,0.36375000,131.1700
1624524219224000,0,3.22557884,131.1900
1624524248354000,0,14.05233057,131.3500
1624524248354000,0,33.39766943,131.3600
1624524248376000,0,13.67161679,131.3600
1624524269651000,0,7.03178990,131.3900
1624524269731000,0,0.55121010,131.3900
1624524269731000,0,0.64876845,131.4100
1624524269799000,0,1.47102145,131.4100
1624524303540000,1,7.61252000,131.3000
1624524305337000,1,0.51124620,131.2400
1624524318008000,1,7.61000000,131.2600
1624524319507000,1,0.00494558,131.2600
1624524319507000,1,7.61493442,131.2600
1624524345560000,1,7.61154000,131.3000
1624524393768000,0,0.18037656,131.6700
1624524477118000,0,15.09664694,131.8200
1624524546104000,1,16.00000000,132.4100
1624524647021000,1,2.83240000,132.3900
1624524647157000,1,0.00000690,132.3900
1624524647157000,1,7.08105050,132.3900
1624524647437000,1,18.41986000,132.3500
1624524672184000,1,48.70300000,132.2800
1624524672263000,1,39.00000000,132.2200
1624524695474000,0,7.55560000,132.0800
1624524712618000,1,23.98800000,132.0600
1624524741870000,1,0.83500000,131.8800
1624524766061000,0,13.94000000,132.1000
1624524776924000,0,0.49747542,132.4100
1624524793043000,1,7.51670000,132.1400
1624524846013000,0,0.38000000,132.4700
1624524879523000,0,7.51700000,132.6900
1624524881066000,0,24.96214295,132.7100
1624524882930000,0,16.00000000,132.7000
1624524882930000,0,69.64000000,132.7100
1624524882962000,0,0.00814203,132.7100
1624524882962000,0,16.00000000,132.7100
1624524888162000,1,7.50200000,132.7000
1624524888162000,1,16.00000000,132.7000
1624524888162000,1,2.40644220,132.6700
1624524888162000,1,1.39394003,132.6700
1624524893835000,1,2.40645000,132.8300
1624524903096000,1,37.00000000,132.6600
1624524927546000,0,7.02446000,132.7800
1624524927686000,0,0.00000909,132.7800
1624524927686000,0,7.02383453,132.7900
1624524948936000,1,7.53964914,132.5500
1624524948952000,1,0.00000001,132.5500
1624524963265000,0,273.49000000,132.6000
1624524970937000,1,7.54116639,132.5400
1624524970937000,1,2.58926352,132.5300
1624524970937000,1,7.50820000,132.5200
1624524970937000,1,29.66651258,132.5200
1624524971413000,1,0.51673580,132.5400
1624524975801000,1,7.02443059,132.5400
1624524975801000,1,7.50050000,132.5300
1624524975801000,1,20.95392628,132.5200
1624524978686000,1,7.54116639,132.5400
1624524978686000,1,7.51459361,132.5400
1624524982368000,1,7.52510000,132.4200
1624524982368000,1,4.30118562,132.4100
1624525011729000,1,7.50180000,132.5200
1624525023035000,1,127.39563174,132.4300
1624525023207000,1,19.00000000,132.4300
1624525023266000,1,43.00000000,132.4300
1624525024804000,1,49.38940000,132.4300
1624525024971000,1,0.00006826,132.4300
1624525031713000,0,7.50971328,132.4900
1624525031962000,0,18.77000000,132.5000
1624525067309000,0,7.55509399,132.4600
1624525094248000,0,0.00400000,132.6000
1624525094248000,0,0.50105152,132.7000
1624525095148000,1,7.54195229,132.5200
1624525095148000,1,2.82402300,132.5200
1624525095148000,1,7.06042471,132.5200
1624525095235000,1,0.00009067,132.5200
1624525138553000,1,7.50540000,132.5200
1624525138555000,1,56.00000000,132.5100
1624525138555000,1,2.85370000,132.5100
1624525138569000,1,0.00005667,132.5100
1624525138569000,1,7.54129841,132.5000
1624525138569000,1,19.81184492,132.5000
1624525161265000,0,7.53130000,132.7300
1624525161530000,0,16.37800269,132.7400
1624525161530000,0,6.55123731,132.7400
1624525205628000,0,0.50154007,133.1100
1624525211907000,1,16.00000000,132.9900
1624525245653000,1,0.56000000,132.5100
1624525264263000,1,14.14110185,132.6500
1624525267739000,1,36.50300000,132.6600
1624525298112000,1,0.00437000,132.5100
1624525298112000,1,17.97563000,132.5100
1624525344043000,1,0.00337000,132.5100
1624525364336000,0,7.52720000,132.4200
1624525423434000,1,7.53927278,132.5800
1624525458522000,1,0.76000000,132.6000
1624525482430000,1,0.00326000,132.6000
1624525522572000,1,7.54000000,132.5200
1624525522659000,1,0.00267733,132.5200
1624525530996000,0,3.33425063,132.5400
1624525531113000,0,7.55021963,132.5500
1624525625178000,0,16.00000000,132.6300
1624525625178000,0,0.38625000,132.6400
1624525625307000,0,7.54464583,132.6500
1624525659865000,1,7.53764124,132.5900
1624525703962000,0,3.24217000,132.6100
1624525716068000,0,5.00000000,132.6900
1624525745064000,0,2.00000000,132.6800
1624525769927000,1,0.71066000,132.5600
1624525769927000,1,1.37534253,132.5200
1624525800239000,0,7.49780000,132.7100
1624525800836000,1,16.00000000,132.7200
1624525881614000,1,1.00000000,132.5200
1624525886146000,1,38.22200000,132.5200
1624525990832000,0,0.85643153,132.4900
1624526104843000,1,0.50154007,132.5400
1624526128005000,0,14.30713141,132.7600
1624526128005000,0,2.63244940,132.7600
1624526167884000,0,7.54192509,132.6800
1624526224274000,0,1.00000000,132.9500
1624526288957000,0,0.44451258,133.1300
1624526382262000,1,7.51459724,133.0100
1624526382262000,1,1.23628276,133.0100
1624526400735000,1,0.00000724,133.0100
1624526400735000,1,10.27071371,132.9300
1624526400826000,1,0.20960655,132.9300
1624526437402000,1,14.03472202,132.7500
1624526485096000,1,9.80000002,132.6900
1624526500837000,1,11.37479760,132.6900
1624526500871000,1,6.99111381,132.6900
1624526501008000,1,11.29335203,132.6900
1624526501123000,1,3.94371023,132.6900
1624526501522000,1,5.70502631,132.6900
1624526501522000,1,9.08347369,132.6900
1624526501546000,1,1.73835787,132.6900
1624526501588000,1,13.36516844,132.6900
1624526640104000,1,0.25911718,132.3200
1624526640104000,1,0.00000001,132.3200
1624526667330000,0,0.34548959,132.3500
1624526701884000,1,0.59606000,132.2300
1624526960933000,0,16.00000000,132.3700
1624527001421000,0,5.40000000,132.3800
1624527001421000,0,1.63711944,132.3800
1624527003540000,0,3.30929836,132.4100
1624527003746000,0,2.09687541,132.4100
1624527005307000,0,0.49928296,132.4900
1624527115568000,1,14.17199000,132.3000
1624527122864000,1,2.38800000,132.3000
1624527124548000,1,0.00001000,132.3000
1624527124548000,1,8.09992476,132.2800
1624527125500000,1,39.03400000,132.2800
1624527126958000,1,0.00007524,132.2800
1624527126958000,1,0.58755475,132.2700
1624527127100000,1,0.00007525,132.2700
1624527198125000,0,26.00000000,132.2500
1624527198188000,0,10.25239000,132.2500
1624527219952000,0,0.00000454,132.2500
1624527395041000,1,0.57785000,132.2900
1624527460048000,1,34.67454000,132.3300
1624527485404000,1,9.00000000,132.4700
1624527523969000,0,8.80934000,132.6300
1624527524439000,0,0.00000604,132.6300
1624527524439000,0,7.51139396,132.6600
1624527524787000,0,5.40000000,132.6800
1624527524898000,0,10.60000000,132.6300
1624527524904000,0,1.00000000,132.6300
1624527525027000,0,2.42696938,132.6100
1624527525117000,0,13.57303062,132.6100
1624527525774000,0,0.36750000,132.6700
1624527536608000,0,0.39756226,132.7800
1624527537546000,0,0.39756000,132.7700
1624527539210000,0,0.00000226,132.7700
1624527543609000,0,0.19480551,132.8700
1624527544178000,0,11.27029464,133.0400
1624527544178000,0,14.07970536,133.0600
1624527544376000,0,0.77931002,133.0600
1624527544376000,0,5.40000000,133.0900
1624527544376000,0,14.78220775,133.1200
1624527544376000,0,30.00000000,133.1200
1624527544376000,0,30.00000000,133.1200
1624527544376000,0,11.34019843,133.1500
1624527544376000,0,0.35625000,133.1500
1624527544376000,0,7.69203380,133.1700
1624527563026000,0,0.55068501,133.2300
1624527563325000,1,16.00000000,133.0800
1624527573378000,0,0.47818000,133.2400
1624527573392000,0,0.00000481,133.2400
1624527577402000,0,2.98254563,133.3800
1624527577402000,0,0.23909241,133.3900
1624527577402000,0,2.98276922,133.3900
1624527577402000,0,7.48360000,133.4000
1624527577402000,0,7.45640542,133.4100
1624527577402000,0,2.50000000,133.4300
1624527577402000,0,14.48277840,133.4600
1624527577402000,0,0.37875000,133.4600
1624527577402000,0,49.89420715,133.4600
1624527577402000,0,5.40000000,133.4700
1624527577402000,0,61.40000000,133.4800
1624527577402000,0,37.52812628,133.5100
1624527577402000,0,0.36750000,133.5200
1624527577402000,0,7.50061515,133.5200
1624527577402000,0,56.31879370,133.5400
1624527577402000,0,191.82063596,133.5400
1624527578921000,1,1.65690681,133.2700
1624527579479000,1,14.34309000,133.2700
1624527579480000,1,0.00000319,133.2700
1624527581668000,1,16.00000000,133.2100
1624527583670000,1,0.49000000,133.2700
1624527584070000,1,0.00713000,133.2700
1624527597164000,1,0.88200000,133.2400
1624527597165000,1,0.88200000,133.2400
1624527597184000,1,0.44100000,133.2400
1624527608959000,1,7.50161672,133.2600
1624527608959000,1,15.99838328,133.2600
1624527613874000,1,14.43768147,133.1200
1624527616253000,1,48.56758725,133.0600
1624527656932000,1,7.51000000,133.0400
1624527688364000,1,2.03000000,132.8300
1624527688836000,1,0.73590600,132.8000
1624527699858000,1,31.71100000,132.8000
1624527699858000,1,9.31900000,132.8000
1624527702716000,1,10.95000000,132.8000
1624527733193000,1,0.00500000,132.8000
1624527733193000,1,2.59500000,132.7300
1624527739509000,1,8.38220869,132.6900
1624527785524000,0,1.65000000,132.7400
1624527785544000,0,0.00549686,132.7400
1624527905122000,1,0.49928296,132.6600
1624527949706000,1,7.37697313,132.8100
1624527986269000,1,7.37665869,132.8000
1624527986298000,1,0.15054405,132.8000
1624528010546000,1,7.37805238,132.7900
1624528084843000,1,7.52522303,132.8500
1624528084843000,1,37.62314819,132.8300
1624528229064000,1,1.00000000,132.5100
1624528229187000,1,0.24939000,132.5100
1624528341804000,0,11.40765339,132.4900
1624528365700000,1,8.00000000,132.4300
1624528386706000,1,7.54796155,132.4100
1624528440425000,0,1.58088080,132.4700
1624528440425000,0,5.94201920,132.4900
1624528441624000,0,7.50840000,132.5100
1624528469135000,1,1.15000000,132.4000
1624528519750000,1,0.65628640,132.4100
1624528553259000,0,1.42087000,132.4500
1624528594297000,1,0.01339360,132.4100
1624528594297000,1,26.65966640,132.4100
1624528594369000,1,36.07233000,132.4100
1624528631097000,1,0.00000360,132.4100
1624528631097000,1,22.04099640,132.4100
1624528703054000,1,0.00000360,132.4100
1624528709530000,0,2.99999000,132.4100
1624528709676000,0,0.00000640,132.4100
1624528805615000,0,0.49750868,132.4600
1624528811706000,1,0.37486803,132.3300
1624528842527000,1,7.55642053,132.2800
1624528862441000,0,1.32000000,132.3900
1624528874261000,0,1.00000000,132.3300
1624528874268000,0,2.00000000,132.3300
1624528923996000,0,5.40000000,132.4800
1624529133173000,1,1.15582000,132.1600
1624529179759000,1,1.00000000,131.9800
1624529179759000,1,0.82687310,131.9800
1624529180473000,1,2.86136858,131.9800
1624529186956000,1,11.53888861,131.9800
1624529187905000,1,24.09786000,131.9800
1624529188011000,1,0.00000971,131.9800
1624529193497000,1,3.29490840,131.8600
1624529193704000,1,0.00000001,131.8600
1624529229646000,1,19.36900000,131.7800
1624529229646000,1,7.58511525,131.7800
1624529229646000,1,19.22800000,131.7600
1624529288911000,0,1.30479000,131.5500
1624529288952000,0,0.00000890,131.5500
1624529442364000,0,7.57716000,132.0500
1624529446857000,0,0.00000840,132.0500
1624529446857000,0,7.57715160,132.0500
1624529492687000,0,0.00001680,132.0500
1624529492687000,0,7.57731320,132.0500
1624529539059000,0,9.19000000,132.2100
1624529539113000,0,0.00630939,132.2100
1624529569054000,1,2.20000000,132.2100
1624529679810000,1,0.78570000,132.2600
1624529705404000,1,0.49750868,132.3100
1624529768538000,1,0.58656069,132.3100
1624529782227000,1,0.01197063,132.3100
1624529782227000,1,31.48299937,132.3100
1624529782256000,1,0.00000063,132.3100
1624529805747000,1,14.61803000,132.2300
1624529805953000,1,4.24843892,132.2300
1624529806283000,1,1.26150000,132.2300
1624529806423000,1,0.00003108,132.2300
1624529934489000,0,0.52134989,132.4000
1624530051037000,1,0.53471000,132.1700
1624530051037000,1,1.28237063,132.1700
1624530185875000,0,0.49969279,132.0600
1624530198604000,1,8.00000000,131.9300
1624530278403000,0,0.81764842,131.9400
1624530302165000,1,7.58590945,131.7800
1624530302234000,0,203.00000000,131.7800
1624530302352000,0,4.04400000,131.7800
1624530302432000,0,7.58564452,131.7800
1624530302479000,0,57.00000000,131.7800
1624530302545000,0,33.78444603,131.7800
1624530314928000,1,0.19690000,131.9100
1624530314976000,1,0.00000520,131.9100
1624530318670000,1,0.50244000,131.8300
1624530367252000,0,3.26650657,131.8900
1624530422184000,1,4.04410000,131.9400
1624530422669000,1,17.74490000,131.9400
1624530561374000,0,1.48648000,132.0000
1624530585982000,1,14.57960000,131.9600
1624530605230000,0,0.49662597,131.8900
1624530653985000,1,3.75000000,132.0000
1624530694164000,1,37.68100000,131.9000
1624530748364000,1,0.48935000,131.8000
1624530748364000,1,18.55900000,131.8000
1624530779717000,1,3.20370000,131.6800
1624530799021000,0,7.44922669,131.7600
1624531051870000,0,1.32814000,131.7000
1624531054199000,1,7.44031728,131.6600
1624531089684000,1,11.39005000,131.4700
1624531100590000,1,0.48600000,131.4600
1624531100658000,1,0.00004000,131.4600
1624531110340000,0,2.09000000,131.2600
1624531110351000,0,0.00226486,131.2600
1624531120622000,0,7.61273685,131.4600
1624531353399000,1,1.17410000,131.4400
1624531354393000,1,12.46290000,131.4400
1624531368096000,1,23.00000000,131.4100
1624531368157000,1,28.30400000,131.4100
1624531425361000,1,0.55554000,131.2500
1624531428575000,1,5.40000000,131.0900
1624531428575000,1,30.00000000,131.0800
1624531430099000,0,16.00000000,131.2100
1624531504722000,1,0.49662597,131.3000
1624531544015000,1,0.54937000,131.3400
1624531551075000,0,0.48600000,131.3000
1624531552215000,0,0.01400000,131.3000
1624531579605000,0,9.19630000,131.4900
1624531579666000,0,0.00000939,131.4900
1624531706417000,1,2.00000000,131.6700
1624531819327000,0,3.03622933,131.8600
1624531819327000,0,5.95848298,131.8600
1624531842388000,1,0.58029000,131.7600
1624531842388000,1,0.23426611,131.7500
1624532002169000,1,34.53500000,131.7500
1624532002169000,1,9.71309000,131.7500
1624532002185000,1,11.17252492,131.7500
1624532002216000,1,1.19338508,131.7500
1624532133768000,1,0.52616000,131.5600
1624532155465000,0,14.53567000,131.4800
1624532182651000,1,5.00000000,131.3200
1624532320985000,1,7.60466278,131.4500
1624532320985000,1,16.00000000,131.4500
1624532320985000,1,14.34520864,131.4300
1624532324261000,0,0.91427268,131.5800
1624532405926000,0,0.49274701,131.6700
1624532436530000,0,1.17410000,131.7100
1624532457567000,1,7.44348560,131.5900
1624532470552000,0,5.40000000,131.8400
1624532559276000,0,0.15073473,132.0200
1624532565673000,0,1.44503000,131.9800
1624532565749000,0,0.00000952,131.9800
1624532565749000,0,1.44505048,131.9900
1624532789750000,0,0.15064345,132.1000
1624532934060000,1,4.87913357,132.4600
1624532958949000,1,3.58000000,132.4900
1624533012149000,1,3.78383510,132.5000
1624533049101000,1,1.50590999,132.4600
1624533086555000,1,4.87762352,132.5200
1624533117849000,1,38.00000000,132.4900
1624533117911000,1,34.79700000,132.4900
1624533147760000,1,7.54342821,132.5100
1624533147760000,1,2.45657179,132.5100
1624533173362000,1,0.38625000,132.5800
1624533173362000,1,4.08099150,132.5700
1624533221445000,0,5.00000000,132.6000
1624533305151000,1,0.49274701,132.7400
1624533313735000,0,5.40000000,132.9800
1624533382320000,1,0.45570999,132.9100
1624533382342000,1,0.00000001,132.9100
1624533446645000,0,3.71268347,132.8500
1624533558651000,0,0.30000000,132.6100
1624533693013000,1,7.54849453,132.4500
1624533693013000,1,25.17920547,132.4500
1624533697074000,1,31.83079000,132.4500
1624533722541000,1,11.38581560,132.5100
1624533732990000,1,1.22187596,132.5100
1624533733052000,1,5.92023218,132.5100
1624533733277000,1,1.76743481,132.5100
1624533767656000,1,7.78464000,132.5100
1624533899962000,1,0.25227668,132.8100
1624533932722000,1,7.54199000,132.8800
1624533932760000,1,0.00000277,132.8800
1624533988595000,0,5.40000000,133.1700
1624533989029000,0,0.38625000,133.1800
1624534022603000,1,1.24767387,133.0800
1624534022632000,1,1.42198944,133.0800
1624534022634000,1,1.26302305,133.0800
1624534022805000,1,12.64231364,133.0800
1624534022805000,1,4.40600000,133.0800
1624534047921000,0,1.40938680,133.0500
1624534205360000,0,0.48880877,133.1400
1624534265218000,0,0.14959031,133.0300
1624534281216000,1,1.50794000,132.9000
1624534340398000,0,1.26811414,132.8700
1624534340461000,1,0.73100000,132.8700
1624534366266000,1,0.00088586,132.8700
1624534427796000,1,7.53179213,132.7300
1624534427796000,1,1.77299902,132.7100
1624534591214000,1,10.90678887,133.0100
1624534597883000,1,13.00000000,133.0100
1624534615608000,1,1.61220000,133.0100
1624534615682000,1,0.26900000,133.0100
1624534615714000,1,1.39201113,133.0100
1624534615714000,1,13.38700000,133.0100
1624534616405000,1,0.52663000,132.9200
1624534692787000,0,1.50340000,133.1200
1624534752855000,0,0.00000287,133.1200
1624534752937000,0,1.50237420,133.2200
1624534753312000,0,5.40000000,133.2400
1624534794449000,0,14.62401000,133.7100
1624534794600000,0,0.00000426,133.7100
1624534794877000,1,0.37500000,133.6200
1624534794877000,1,0.38250000,133.6000
1624534794877000,1,8.88960000,133.5800
1624534794877000,1,22.45155703,133.5800
1624534795347000,0,1.23856000,133.6700
1624534795376000,0,12.24587099,133.6700
1624534798565000,0,0.14942100,133.8500
1624534799196000,0,1.23809821,134.0800
1624534799196000,0,0.38625000,134.1000
1624534799196000,0,1.49385271,134.1000
1624534799196000,0,2.50000000,134.1100
1624534799196000,0,13.99048490,134.1400
1624534799196000,0,4.56254471,134.1500
1624534799679000,0,0.32736465,133.9500
1624534799679000,0,1.54793535,133.9500
1624534800490000,0,0.00013471,133.9500
1624534802905000,0,9.28779000,134.1100
1624534802936000,0,0.00000207,134.1100
1624534811577000,0,1.57139938,133.8600
1624534811577000,0,3.92848062,133.8600
1624534812154000,0,1.57090892,133.9400
1624534812154000,0,3.92726108,133.9400
1624534812454000,0,0.38700000,133.8400
1624534812466000,0,0.00001750,133.8400
1624534812466000,0,1.98225917,133.8400
1624534813642000,0,1.57049101,134.0300
1624534813642000,0,3.92622753,134.0300
1624534815699000,0,1.71147000,134.0100
1624534821634000,1,0.33619724,133.8900
1624534826138000,0,0.00000196,134.0100
1624534826521000,0,8.81646000,134.0500
1624534826575000,0,0.00000512,134.0500
1624534835061000,0,1.19967879,134.3200
1624534835061000,0,1.19966121,134.3200
1624534836912000,0,0.34213628,134.4000
1624534836915000,0,0.00000001,134.4000
1624534841753000,0,1.14577258,134.4900
1624534841753000,0,2.86442742,134.4900
1624534855266000,1,0.37125000,134.4900
1624534855354000,0,6.87738000,134.4700
1624534855356000,0,0.00000043,134.4700
1624534855512000,1,0.37500000,134.5000
1624534855560000,0,2.62986129,134.4700
1624534867697000,1,2.10750000,134.3600
1624534872167000,0,0.32729000,134.3700
1624534880979000,1,16.00000000,134.1900
1624534895850000,0,0.90750000,134.0800
1624534896034000,0,0.00000207,134.0800
1624534896034000,0,0.90758793,134.0900
1624534896217000,1,0.36375000,133.9400
1624534896306000,0,6.80356598,133.9400
1624534897163000,1,3.12021265,133.9700
1624534901465000,0,0.86620000,134.1600
1624534901572000,0,0.00000842,134.1600
1624534915194000,0,6.47006000,134.4300
1624534915229000,0,0.00000354,134.4300
1624534918648000,1,0.37875000,134.3600
1624534926198000,1,14.13380784,134.2100
1624534926770000,0,2.80878000,134.2200
1624534927406000,0,0.00000360,134.2200
1624534927406000,0,0.77509640,134.2200
1624534938290000,1,1.88251000,134.1400
1624534940848000,0,0.00000757,134.2200
1624534945447000,0,9.73460000,134.1800
1624534948864000,0,0.00000343,134.1800
1624534977026000,0,9.20869000,134.0400
1624534981468000,0,0.00000849,134.0400
1624534981468000,0,0.88889151,134.1100
1624534981672000,0,0.88906614,134.1300
1624534981672000,0,0.88863386,134.1300
1624534981734000,0,0.00012723,134.1300
1624534987448000,0,16.00000000,134.2400
1624534987737000,0,3.14395016,134.1900
1624535005233000,0,12.85194000,134.1600
1624535050700000,0,12.65464000,134.0000
1624535056639000,0,0.00000459,134.0000
1624535056639000,0,7.46508541,134.0800
1624535056788000,0,0.82872000,134.0800
1624535056937000,0,0.00000115,134.0800
1624535056937000,0,0.82869885,134.1100
1624535057345000,0,0.00000993,134.1100
1624535057345000,0,0.82872115,134.1100
1624535057345000,0,4.55794892,134.1300
1624535057856000,0,0.45888037,134.0900
1624535057883000,0,0.00000001,134.0900
1624535058527000,0,0.69836000,134.0900
1624535058548000,0,0.00000362,134.0900
1624535066415000,0,18.01498000,134.1500
1624535105337000,1,0.48880877,134.0900
1624535156083000,0,0.70461000,134.0800
1624535175697000,1,0.38700000,134.0500
1624535311760000,0,0.68885721,134.5900
1624535311760000,0,1.72208279,134.5900
1624535311891000,0,4.47743000,134.6200
1624535320575000,0,0.14788680,134.6300
1624535400557000,0,0.47000000,134.7400
1624535478340000,1,0.53074840,134.3600
1624535478533000,1,0.01083160,134.3600
1624535493221000,1,11.74656714,134.2600
1624535504079000,1,15.25500000,134.2600
1624535542353000,1,1.01700000,134.2300
1624535564224000,0,0.65459065,134.4200
1624535564224000,0,0.08756081,134.4200
1624535600283000,0,16.00000000,134.3600
1624535600410000,0,7.44891379,134.3700
1624535600410000,0,24.82331940,134.3700
1624535600410000,0,16.00000000,134.3800
1624535602561000,0,0.36374999,134.5100
1624535602601000,0,0.00000001,134.5100
1624535608849000,0,10.00000000,134.5700
1624535623032000,1,48.07322977,134.3700
1624535702749000,0,5.40000000,134.5700
1624535735941000,1,3.30000000,134.4700
1624535957834000,0,2.88000000,134.4200
1624535957855000,0,0.00433360,134.4200
1624535968288000,0,7.43485745,134.6800
1624535971491000,0,2.14280000,134.8900
1624536004455000,0,0.38000000,134.7800
1624536007035000,0,0.48307282,134.9900
1624536008178000,0,5.40000000,134.9800
1624536008178000,0,2.50000000,134.9800
1624536011459000,0,7.39150000,134.8600
1624536018535000,0,0.94321000,134.9900
1624536018661000,0,0.00000638,134.9900
1624536018661000,0,1.99999362,135.0000
1624536018933000,0,6.05085909,135.0000
1624536018933000,0,1.00320067,135.0000
1624536018933000,0,1.99594024,135.0000
1624536018940000,0,0.00405976,135.0000
1624536025507000,1,16.00000000,135.1300
1624536025839000,1,0.37499999,135.1200
1624536025856000,1,0.00000001,135.1200
1624536026432000,1,0.37499999,135.0800
1624536026445000,1,0.00000001,135.0800
1624536026968000,1,0.37125000,135.0300
1624536033607000,1,10.36292180,135.0400
1624536047557000,1,16.00000000,134.9100
1624536060962000,0,7.40981700,135.1300
1624536060962000,0,13.64126656,135.1700
1624536060962000,0,37.04908496,135.1800
1624536063046000,0,0.14793995,135.1900
1624536063046000,0,0.35625000,135.2000
1624536063046000,0,1.49581005,135.2300
1624536063465000,0,0.50418995,135.2300
1624536064689000,0,16.00000000,135.3000
1624536079039000,1,16.00000000,135.2000
1624536080859000,1,0.80433500,135.1700
1624536082463000,1,0.01641500,135.1700
1624536088687000,1,39.12778967,134.9500
1624536110825000,0,7.41417000,135.0500
1624536112349000,0,7.40941000,135.1200
1624536112528000,0,0.00000618,135.1200
1624536136482000,0,7.41160000,135.0500
1624536144874000,0,16.00000000,135.2000
1624536159095000,1,159.79000000,135.2500
1624536172925000,1,16.00000000,135.2900
1624536197344000,1,163.63740000,135.0600
1624536198235000,1,1.59000000,135.0600
1624536201349000,1,15.94000000,135.0600
1624536206711000,1,122.82000000,134.9500
1624536208712000,1,13.96000000,134.9400
1624536223253000,0,13.84434904,135.1100
1624536233935000,0,7.40857000,135.1000
1624536234077000,0,0.00000918,135.1000
1624536253421000,1,2.31000000,135.0600
1624536262175000,0,7.35760000,135.2700
1624536262175000,0,16.00000000,135.2700
1624536263515000,0,0.37875000,135.3900
1624536263515000,0,0.37125000,135.4400
1624536264968000,0,1.06322000,135.5800
1624536267012000,0,0.00000173,135.5800
1624536272382000,1,16.00000000,135.5500
1624536276038000,1,16.00000000,135.5000
1624536276684000,0,0.36750000,135.6400
1624536278503000,1,11.91000000,135.5400
1624536291605000,1,4.28000000,135.5000
1624536291655000,1,5.72000000,135.5000
1624536301419000,1,2.13000000,135.3800
1624536307873000,1,0.36750000,135.1600
1624536318812000,1,0.00916204,135.0600
1624536322516000,0,1.56288590,135.1300
1624536322971000,0,1.56311720,135.1500
1624536322971000,0,3.90661364,135.1500
1624536323312000,0,1.56264546,135.2100
1624536323312000,0,1.56311720,135.2100
1624536323312000,0,3.90661364,135.2100
1624536327528000,0,1.26319000,135.3300
1624536370514000,1,2.59737501,135.1500
1624536373998000,0,16.00000000,135.3000
1624536396327000,1,0.41000000,135.1100
1624536398040000,0,0.89514000,135.1700
1624536403076000,0,0.87513743,135.2300
1624536420525000,1,0.00011000,135.1100
1624536433245000,1,0.85947000,135.2700
1624536433303000,1,0.00000141,135.2700
1624536549460000,1,2.90199654,135.2100
1624536549460000,1,2.90238257,135.2100
1624536549460000,1,14.12033464,135.1900
1624536549460000,1,7.25621434,135.1900
1624536586334000,1,13.75000000,135.3000
1624536600573000,0,1.27598000,135.4200
1624536600730000,0,0.00000594,135.4200
1624536600730000,0,1.91477406,135.4200
1624536600963000,0,1.27599000,135.4200
1624536607442000,1,155.29940143,135.3300
1624536607482000,1,85.97789857,135.3300
1624536687115000,1,7.39604000,135.1500
1624536693908000,1,7.39000000,135.0900
1624536694031000,1,0.00928970,135.0900
1624536694301000,1,36.98469636,135.0700
1624536712521000,1,11.04000000,135.0500
1624536717629000,1,7.40168406,135.0400
1624536721729000,1,11.43000000,135.0400
1624536721752000,1,0.00900000,135.0400
1624536727261000,1,2.62640000,135.0200
1624536729873000,1,29.93000000,135.0200
1624536755955000,1,0.00260000,135.0200
1624536772625000,1,3.03000000,134.9300
1624536772904000,1,4.37622865,134.9300
1624536777856000,1,7.40622865,134.9300
1624536777856000,1,37.03114322,134.9100
1624536809952000,0,0.72010679,135.0800
1624536882787000,0,1.27392668,135.0200
1624536882787000,0,3.18481670,135.0300
1624536882787000,0,2.84125662,135.0400
1624536894862000,1,1.35313339,134.9400
1624536894901000,1,1.35313339,134.9400
1624536894926000,1,1.35330160,134.9400
1624536904674000,1,0.48307282,134.9800
1624536939942000,0,7.37000000,135.1200
1624536957118000,1,2.58000000,135.0500
1624536988295000,1,0.76755000,134.8300
1624537067733000,0,14.20000000,134.6300
1624537074303000,1,7.42000000,134.6200
1624537191027000,1,7.40490999,134.9600
1624537233619000,0,7.38900000,134.7300
1624537233684000,0,16.23366000,134.7400
1624537270390000,1,0.00638584,134.6200
1624537291004000,0,1.10555576,134.6300
1624537291004000,0,2.75444424,134.6300
1624537291081000,0,0.00923987,134.6300
1624537291327000,0,1.00020000,134.6600
1624537314999000,1,6.14000000,134.6100
1624537345770000,1,0.79000000,134.6100
1624537347893000,1,0.49000000,134.6100
1624537352590000,1,0.00572862,134.6100
1624537352590000,1,7.42427138,134.5900
1624537352673000,1,0.00338405,134.5900
1624537359865000,1,7.42000000,134.5400
1624537374759000,1,7.43000000,134.5200
1624537380013000,1,0.00116708,134.5200
1624537380013000,1,7.43116708,134.5200
1624537380013000,1,37.13766584,134.5100
1624537382091000,1,7.43000000,134.5200
1624537388278000,1,0.00116708,134.5200
1624537388278000,1,0.00816226,134.5100
1624537388278000,1,7.42627066,134.4300
1624537396704000,1,0.61237117,134.3200
1624537422538000,1,7.44208000,134.3000
1624537422612000,1,0.00000322,134.3000
1624537424769000,1,1.45637800,134.2400
1624537431179000,1,5.99081000,134.2400
1624537431253000,1,0.00000065,134.2400
1624537432429000,0,7.42630000,134.3000
1624537432429000,0,16.00000000,134.3000
1624537432429000,0,2.50000000,134.3000
1624537432429000,0,24.07370000,134.3000
1624537533662000,1,7.43704254,134.4000
1624537584304000,1,72.21620000,134.2800
1624537584389000,1,17.53000000,134.2800
1624537586505000,1,34.09000000,134.2800
1624537590550000,1,36.31880000,134.2800
1624537590565000,1,36.31880000,134.2800
1624537590580000,1,18.15696464,134.2800
1624537591555000,1,36.31338817,134.2800
1624537592468000,1,65.00000000,134.2800
1624537592526000,1,38.17323000,134.2800
1624537593000000,1,30.00000000,134.2800
1624537593227000,1,235.00000000,134.2800
1624537593357000,1,70.00000000,134.2800
1624537593416000,1,79.00000000,134.2800
1624537593481000,1,3.35244167,134.2800
1624537593489000,1,19.00000000,134.2800
1624537593493000,1,18.17211400,134.2800
1624537593494000,1,1.12203424,134.2800
1624537593496000,1,8.69399125,134.2800
1624537593629000,1,10.42909776,134.2800
1624537593757000,1,27.00000000,134.2800
1624537593827000,1,22.00000000,134.2800
1624537593842000,1,18.42494054,134.2800
1624537595556000,1,36.31771750,134.2800
1624537600565000,1,18.16251280,134.2800
1624537601155000,0,0.80262293,134.2900
1624537601155000,0,2.00660707,134.2900
1624537604182000,0,0.73940053,134.3000
1624537604182000,0,1.62720947,134.3100
1624537605397000,1,11.30597908,134.2800
1624537605583000,1,2.22760000,134.2800
1624537606058000,1,0.37500000,134.2800
1624537606190000,1,11.16307000,134.2800
1624537606897000,1,1.02240000,134.2800
1624537607411000,0,4.46057281,134.3000
1624537607411000,0,12.22561719,134.3100
1624537609047000,1,3.03397778,134.2800
1624537609555000,1,1.43620000,134.2800
1624537609908000,1,1.40080000,134.2800
1624537610402000,1,1.48670000,134.2800
1624537611581000,1,0.91600000,134.2800
1624537611749000,1,11.26348473,134.2800
1624537612877000,0,1.46423768,134.3000
1624537612877000,0,0.58568232,134.3000
1624537615133000,1,0.66521827,134.2800
1624537615812000,1,1.01760000,134.2800
1624537616215000,1,155.33790000,134.2800
1624537619939000,1,0.93140000,134.2800
1624537622781000,1,3.54924044,134.2800
1624537622807000,1,2.98050229,134.2800
1624537622938000,1,2.98050229,134.2800
1624537623365000,1,21.00000000,134.2800
1624537623390000,1,0.37500000,134.2800
1624537623411000,1,11.25474000,134.2800
1624537623420000,1,262.29550000,134.2800
1624537623426000,1,25.91195000,134.2800
1624537623440000,1,1.15530000,134.2800
1624537623463000,1,172.24310000,134.2800
1624537623468000,1,1.03530000,134.2800
1624537623469000,1,0.99330000,134.2800
1624537623485000,1,1.65610000,134.2800
1624537623487000,1,100.53355974,134.2800
1624537623495000,1,100.00000000,134.2800
1624537623516000,1,8.47200000,134.2800
1624537623517000,1,18.84999999,134.2800
1624537623530000,1,7.05522933,134.2800
1624537623534000,1,1.14370000,134.2800
1624537623541000,1,1.47720000,134.2800
1624537623581000,1,12.80000000,134.2800
1624537623607000,1,1.58636252,134.2800
1624537623610000,1,7.03691500,134.2800
1624537623613000,1,1.58636252,134.2800
1624537623623000,1,1.58671212,134.2800
1624537623640000,1,4.01996000,134.2800
1624537623705000,1,1.48859000,134.2800
1624537623782000,1,11.54684654,134.2800
1624537623785000,1,4.21118407,134.2800
