timestamp ms,type,amount,price
1627516941662000,1,0.57350312,139.9000
1627516994775000,0,4.74062991,139.5600
1627517007971000,0,20.47500000,139.4700
1627517022379000,0,7.19509935,139.4600
1627517025731000,0,7.17000000,139.5000
1627517035375000,0,4.74379041,139.3600
1627517035690000,0,4.74379041,139.3600
1627517139703000,0,7.18790000,139.0800
1627517232572000,0,7.19000000,139.0400
1627517232594000,0,0.00686969,139.0400
1627517234456000,0,7.19000000,139.0400
1627517234526000,0,0.00686969,139.0400
1627517234526000,0,7.18313031,139.0400
1627517237473000,0,23.85134070,139.0300
1627517237689000,0,7.19686969,139.0400
1627517238882000,0,15.76446091,139.0800
1627517238934000,0,10.00000000,139.0800
1627517238934000,0,35.98311155,139.0900
1627517239468000,0,9.99553000,139.0800
1627517239468000,0,7.19468439,139.0800
1627517239468000,0,35.97978561,139.0900
1627517265126000,0,7.19000000,139.0600
1627517267491000,0,0.00332594,139.0900
1627517326166000,0,7.18259894,139.3200
1627517335078000,0,9.50000000,139.4500
1627517335078000,0,21.00000000,139.4500
1627517335237000,0,183.53000000,139.4600
1627517351469000,0,7.17000000,139.4300
1627517351473000,0,0.00690336,139.4300
1627517358805000,0,7.17000000,139.4500
1627517358876000,0,0.00602338,139.4500
1627517364134000,0,7.17000000,139.4500
1627517364205000,0,9.70000000,139.4700
1627517385422000,0,7.17661544,139.4400
1627517385422000,0,20.99338456,139.4400
1627517385465000,0,0.00661544,139.4400
1627517387598000,0,7.17000000,139.4400
1627517387601000,0,0.00661544,139.4400
1627517402367000,0,0.00307912,139.5000
1627517402367000,0,1.19692088,139.5300
1627517402379000,0,5.97582395,139.5300
1627517410397000,0,8.59075449,139.5600
1627517465623000,0,7.17841616,139.4200
1627517465623000,0,3.25158384,139.4200
1627517465661000,0,7.83706621,139.4200
1627517465975000,0,2.30000000,139.4200
1627517483872000,0,3.91000000,139.5100
1627517483991000,0,0.00242500,139.5100
1627517483991000,0,20.95400000,139.5200
1627517483991000,0,7.17423593,139.5200
1627517484160000,0,28.13000000,139.5100
1627517543054000,0,10.63562055,139.4700
1627517543054000,0,2.74675746,139.4700
1627517543054000,0,20.99762199,139.4800
1627517543543000,0,20.99762000,139.4700
1627517543543000,0,7.17238000,139.4900
1627517555994000,0,0.00196018,139.4900
1627517555994000,0,1.60803982,139.4900
1627517560519000,0,1.47000000,139.5100
1627517561002000,0,1.47000000,139.5100
1627517561032000,0,0.01710487,139.5100
1627517561032000,0,1.45289513,139.5100
1627517567917000,0,6.86000000,139.5100
1627517567944000,0,2.53256397,139.5100
1627517568422000,0,4.32000000,139.5100
1627517568463000,0,0.00743000,139.5100
1627517585105000,0,1.37337873,139.4800
1627517585276000,0,2.30000000,139.4800
1627517585514000,0,8.54662000,139.4800
1627517585514000,0,1.37338000,139.4800
1627517585514000,0,2.29000000,139.4900
1627517585549000,0,0.01000000,139.4900
1627517585766000,0,1.47855243,139.4900
1627517585766000,0,2.29000000,139.4900
1627517585766000,0,2.30000000,139.4900
1627517587128000,0,2.65999145,139.5500
1627517587128000,0,2.29000855,139.5500
1627517593376000,0,1.32692000,139.5300
1627517593596000,0,0.17997700,139.5300
1627517594711000,0,0.88102980,139.5300
1627517595046000,0,26.96307320,139.5300
1627517610830000,0,18.76500000,139.6300
1627517827616000,1,15.94000000,139.9400
1627517925860000,1,0.33968760,139.8100
1627517925872000,1,0.00693240,139.8100
1627518036356000,1,16.57167611,139.3100
1627518046826000,0,0.48615291,139.4100
1627518468601000,0,0.33979498,139.1100
1627518871882000,1,7.06758948,138.6000
1627518918258000,1,7.22000000,138.3900
1627518918351000,1,0.00198532,138.3900
1627518947169000,0,0.77800000,138.4400
1627519060200000,1,7.23045499,138.2400
1627519060200000,1,2.42954501,138.2400
1627519214191000,0,5.83281288,138.5000
1627519229728000,0,4.25781890,138.5700
1627519524428000,0,7.24000000,138.1200
1627519524475000,0,0.00536211,138.1200
1627519540705000,0,7.24000000,138.1600
1627519540721000,0,0.00330251,138.1600
1627519756955000,1,0.40600000,138.2500
1627519767289000,1,0.00039000,138.2500
1627519795434000,0,7.22800000,138.2900
1627520130744000,0,7.24785000,138.0600
1627520290866000,0,7.24714825,138.0600
1627520303282000,0,16.01000000,138.0900
1627520399941000,0,0.81129203,137.6800
1627520399958000,0,0.00000001,137.6800
1627520401353000,1,0.37137491,137.6300
1627520401353000,1,2.30000000,137.6300
1627520401353000,1,21.00000000,137.6100
1627520401461000,0,0.40600000,137.6100
1627520401477000,0,0.93750000,137.6100
1627520401479000,0,2.30000000,137.6100
1627520401530000,0,7.98004274,137.6100
1627520401675000,1,21.00000000,137.6400
1627520401675000,1,10.00000000,137.6200
1627520401675000,1,37.04951504,137.6100
1627520432541000,0,7.24000000,138.0300
1627520432597000,0,0.00929716,138.0300
1627520498019000,0,7.21630000,138.0000
1627520521446000,0,10.80000000,138.0100
1627520521479000,0,1.73231680,138.0100
1627520553095000,0,17.63000000,137.9600
1627520553128000,0,0.00841504,137.9600
1627520568579000,1,7.24140000,138.0200
1627520570978000,0,4.90000000,138.0900
1627520582900000,1,0.93750000,138.0500
1627520582907000,1,6.30300415,138.0500
1627520583114000,1,0.00005055,138.0200
1627520594036000,0,32.21863000,137.9900
1627520594103000,0,18.36433000,137.9900
1627520594157000,0,0.00000396,137.9900
1627520594722000,1,21.00000000,138.0000
1627520594722000,1,2.30000000,137.9900
1627520594722000,1,7.00000000,137.9900
1627520594783000,0,24.07040961,137.9900
1627520641857000,0,37.30000000,138.0600
1627520642273000,0,0.00482395,138.0600
1627520642273000,0,31.00517605,138.0600
1627520644667000,0,0.00761549,138.0600
1627520671474000,0,7.24157629,138.0300
1627520671583000,0,34.14227012,138.0300
1627520702101000,1,2.30000000,138.1400
1627520702101000,1,5.68000000,138.1400
1627520702104000,1,21.65800000,138.1400
1627520702538000,0,7.23000000,138.1300
1627520776420000,0,1.70000000,138.4000
1627520776481000,0,1.07550000,138.4000
1627520776523000,0,1.63990000,138.4000
1627520776539000,0,2.81375624,138.4000
1627520781982000,0,3.31670000,138.5600
1627520781983000,0,2.23070000,138.5600
1627520782011000,0,1.50170000,138.5600
1627520782023000,0,0.15230000,138.5600
1627520782069000,0,0.64299474,138.6600
1627520782069000,0,0.49620526,138.6600
1627520820656000,1,4.87150000,138.3600
1627521016788000,0,7.23000000,138.3300
1627521034291000,0,21.00000000,138.2500
1627521034291000,0,2.30000000,138.2600
1627521034291000,0,21.00000000,138.2700
1627521034291000,0,21.56391432,138.2900
1627521034291000,0,7.23601439,138.3100
1627521034291000,0,18.76800000,138.3200
1627521034291000,0,0.36482935,138.3300
1627521034291000,0,57.30000000,138.3400
1627521034291000,0,24.31251660,138.3500
1627521043515000,0,7.20690000,138.3600
1627521043515000,0,2.30000000,138.3600
1627521043515000,0,16.88718970,138.3700
1627521043515000,0,7.23363561,138.3700
1627521043515000,0,0.38824576,138.3800
1627521043515000,0,66.13973282,138.3900
1627521047815000,0,19.05997858,138.2800
1627521047815000,0,21.00000000,138.2900
1627521047815000,0,10.00000000,138.3000
1627521047815000,0,21.00000000,138.3100
1627521047815000,0,5.51230625,138.3200
1627521058691000,0,5.39097858,138.2800
1627521058691000,0,21.00000000,138.2800
1627521058691000,0,9.00000000,138.2800
1627521058691000,0,7.23790622,138.2900
1627521058691000,0,21.00000000,138.2900
1627521058691000,0,21.21000000,138.3000
1627521058691000,0,0.38438493,138.3100
1627521058691000,0,54.33782108,138.3300
1627521058691000,0,71.00000000,138.3300
1627521058691000,0,0.36465698,138.3400
1627521058691000,0,174.79104422,138.3400
1627521067617000,0,9.52998929,138.2700
1627521067617000,0,10.70545270,138.2800
1627521067617000,0,0.37788602,138.2900
1627521067617000,0,7.23782595,138.3000
1627521067617000,0,10.92141410,138.3200
1627521067617000,0,0.38178221,138.3300
1627521067617000,0,128.11367865,138.3400
1627521085556000,0,5.00000000,138.2700
1627521085556000,0,7.23805561,138.2700
1627521085556000,0,10.97013305,138.2800
1627521085556000,0,7.21260000,138.2900
1627521085556000,0,2.30000000,138.3200
1627521085556000,0,10.78975916,138.3300
1627521085556000,0,0.38966160,138.3400
1627521085556000,0,15.00000000,138.3400
1627521085556000,0,18.00000000,138.3500
1627521095539000,0,7.19100000,138.3200
1627521095539000,0,7.46048393,138.3200
1627521095539000,0,7.23663164,138.3200
1627521095539000,0,10.82772835,138.3300
1627521095539000,0,4.70000000,138.3300
1627521095539000,0,18.18457733,138.3500
1627521095539000,0,54.28541708,138.3600
1627521095539000,0,10.73209509,138.3700
1627521095539000,0,71.00000000,138.3800
1627521095539000,0,17.00970621,138.4000
1627521095539000,0,2.30000000,138.4100
1627521111600000,0,2.50000000,138.3300
1627521111600000,0,7.23454077,138.3400
1627521111600000,0,10.94240080,138.3700
1627521111600000,0,7.22400000,138.3900
1627521111600000,0,4.70000000,138.3900
1627521122637000,0,3.73024197,138.3900
1627521122637000,0,7.23330199,138.3900
1627521122637000,0,7.20340000,138.4000
1627521122637000,0,2.30000000,138.4000
1627521122637000,0,8.44091467,138.4100
1627521141430000,1,3.04880000,138.2000
1627521141432000,1,1.27620000,138.2000
1627521141443000,1,1.52370000,138.2000
1627521141443000,1,1.03280000,138.2000
1627521141457000,1,0.31880000,138.2000
1627521141775000,1,1.25000000,138.0700
1627521143190000,1,4.79193472,137.9200
1627521143221000,1,7.34743169,137.9200
1627521154802000,0,2.30000000,137.9600
1627521154839000,0,2.18490000,138.0000
1627521176064000,0,1.25000000,138.1700
1627521186525000,1,7.80000000,138.0900
1627521209911000,1,51.55000000,138.0800
1627521238668000,1,16.14000000,137.9900
1627521239169000,1,0.00430021,137.9900
1627521262117000,1,10.80000000,137.9200
1627521316558000,1,10.62000000,138.0100
1627521316558000,1,10.38000000,138.0100
1627521318091000,1,10.62000000,138.0100
1627521666898000,1,13.50000000,137.8500
1627521686363000,1,2.88000000,137.8600
1627521748617000,1,1.00000000,137.6600
1627521748861000,1,1.81090000,137.5900
1627521752675000,1,21.00000000,137.3400
1627521753582000,0,2.30000000,137.4500
1627521753582000,0,1.65900000,137.4600
1627521755382000,1,10.00000000,137.2900
1627521755796000,1,6.67339712,137.2900
1627521755919000,1,1.48640000,137.2800
1627521755971000,1,63.92973278,137.2800
1627521757212000,1,1.19696168,137.1100
1627521760348000,1,2.70000000,137.0000
1627521760348000,1,1.35000000,137.0000
1627521760348000,1,4.50000000,137.0000
1627521760348000,1,1.60000000,137.0000
1627521760348000,1,5.40000000,137.0000
1627521760348000,1,1.45000000,137.0000
1627521760414000,1,5.05000000,137.0000
1627521760414000,1,2.65000000,137.0000
1627521760414000,1,3.00000000,137.0000
1627521760414000,1,1.25000000,137.0000
1627521760414000,1,5.10000000,137.0000
1627521760414000,1,2.80000000,137.0000
1627521769092000,0,2.30000000,137.0900
1627521772489000,0,18.13191000,137.2300
1627521773504000,0,0.00000982,137.2300
1627521834634000,0,7.28892000,137.3100
1627521834671000,0,0.00000572,137.3100
1627521839608000,1,0.36195847,137.1400
1627521839625000,1,0.00000001,137.1400
1627521840231000,0,2.30000000,137.0800
1627521840478000,0,1.70620000,137.1900
1627521840478000,0,1.19120000,137.1900
1627521840482000,0,2.29090000,137.1900
1627521840520000,0,1.10220000,137.4300
1627521840603000,1,0.93749999,137.2500
1627521840604000,1,0.00000001,137.2500
1627521840700000,0,0.93750000,137.2500
1627521840700000,0,0.36660834,137.3000
1627521842424000,1,2.30000000,137.2400
1627521842424000,1,3.68633203,137.2400
1627521842432000,1,14.38266797,137.2400
1627521844474000,0,2.30000000,137.0900
1627521844479000,0,10.00000000,137.1000
1627521844594000,0,1.00000000,137.1800
1627521844813000,0,2.30000000,137.2800
1627521844813000,0,1.10223835,137.2900
1627521844813000,0,57.30000000,137.2900
1627521844813000,0,4.94759999,137.3700
1627521844862000,1,2.30000000,137.2900
1627521844893000,1,0.93000000,137.2900
1627521845121000,0,23.30000000,137.1900
1627521845183000,0,58.40223000,137.1900
1627521846503000,1,7.26950000,137.2000
1627521846570000,1,2.30000000,137.2100
1627521847002000,1,7.26640000,137.1200
1627521848355000,0,2.30000000,137.1000
1627521850181000,1,2.29999999,137.2500
1627521850184000,1,0.00000001,137.2500
1627521850184000,1,3.57114937,137.2200
1627521850190000,1,6.42885063,137.2200
1627521850467000,1,7.26250000,137.1500
1627521850467000,1,11.09191202,136.8700
1627521850467000,1,0.65394192,136.8500
1627521850469000,1,48.46477128,136.8400
1627521850469000,1,3.66628854,136.8300
1627521851559000,0,10.00000000,137.0400
1627521851559000,0,0.68220298,137.0500
1627521851612000,0,4.41424419,137.0500
1627521851747000,0,2.30000000,137.0300
1627521852067000,0,2.30000000,137.0200
1627521852067000,0,15.78256301,137.0400
1627521852115000,0,0.50000000,137.0300
1627521852145000,0,2.30000000,137.0300
1627521852210000,0,2.30000000,137.0100
1627521852358000,0,2.30000000,137.0900
1627521854024000,1,7.29901357,137.0800
1627521854024000,1,2.70098643,137.0800
1627521854024000,1,38.49284703,137.0700
1627521854093000,1,10.00000000,137.0700
1627521855685000,0,2.30000000,137.0300
1627521855685000,0,1.01819524,137.0800
1627521856054000,0,10.00000000,137.1600
1627521856054000,0,1.96825088,137.1700
1627521856121000,0,1.17310000,137.1600
1627521856124000,0,1.57330000,137.1600
1627521857519000,1,10.00000000,137.1800
1627521857547000,1,21.00000000,137.1800
1627521857767000,1,7.25190000,137.0600
1627521857767000,1,21.30400000,137.0400
1627521857843000,1,7.25190000,137.0600
1627521858428000,0,2.30000000,137.1900
1627521858428000,0,57.30000000,137.1900
1627521858428000,0,1.33999897,137.2100
1627521858428000,0,0.37633314,137.2600
1627521858428000,0,7.25140000,137.2700
1627521858428000,0,6.09592000,137.3100
1627521858428000,0,11.57885939,137.3900
1627521858429000,0,16.37965490,137.3900
1627521858432000,0,43.04148571,137.3900
1627521858432000,0,43.22241154,137.4300
1627521858777000,0,2.30000000,137.2600
1627521858850000,0,2.30000000,137.2900
1627521859116000,1,0.93750000,137.3100
1627521861440000,0,0.93000000,137.0100
1627521861568000,0,0.00750000,137.0100
1627521861868000,0,2.30000000,137.1100
1627521861868000,0,5.92280000,137.1200
1627521861878000,0,0.36148284,137.1200
1627521861879000,0,0.93099381,137.1200
1627521861881000,0,1.04480000,137.1200
1627521861881000,0,1.73992335,137.1200
1627521861970000,0,0.93750000,137.1200
1627521863818000,0,2.30000000,137.2800
1627521864097000,0,7.26990000,137.3100
1627521864132000,0,1.10640000,137.3000
1627521864440000,1,0.93749999,137.3300
1627521864443000,1,0.00000001,137.3300
1627521864990000,1,2.27936011,137.1000
1627521865618000,0,1.05670000,137.3100
1627521865625000,0,1.24330000,137.3100
1627521867073000,1,0.38264549,137.3400
1627521867073000,1,7.15185451,137.3000
1627521868077000,0,0.93750000,137.3100
1627521868172000,0,2.30000000,137.4100
1627521868230000,1,0.93750000,137.3700
1627521868230000,1,7.28250000,137.3200
1627521868426000,0,7.24600000,137.4900
1627521868617000,0,25.37523000,137.5300
1627521869861000,1,2.30000000,137.4500
1627521869958000,1,2.30000000,137.3900
1627521973730000,1,7.28592981,137.1800
1627521975086000,1,0.69000000,137.1000
1627521983391000,1,6.00000000,137.1200
1627521983397000,1,19.32000000,137.1200
1627522072882000,1,9.55958091,137.2100
1627522114885000,1,1.00000000,137.1100
1627522123343000,1,14.78000000,137.1100
1627522158088000,0,0.28887655,137.0800
1627522204535000,0,21.68000000,137.1200
1627522211870000,0,1.69000000,137.1200
1627522212055000,0,3.54000000,137.1200
1627522212306000,0,11.01000000,137.1200
1627522429460000,0,7.28000000,137.2500
1627522585638000,1,2.29999999,137.4800
1627522671061000,0,7.58000000,137.5500
1627522671121000,0,6.32000000,137.5500
1627522671820000,0,16.19000000,137.5500
1627522687239000,0,7.27000000,137.5900
1627522689252000,0,0.00164558,137.5900
1627522734256000,0,21.00000000,137.5000
1627522839419000,0,1.20000000,137.5900
1627522844156000,0,0.71000000,137.5900
1627522844199000,0,0.71000000,137.5900
1627522845171000,0,1.66000000,137.5900
1627522845204000,0,1.66000000,137.5900
1627522845707000,0,1.30452126,137.5900
1627522845960000,0,0.02662288,137.5900
1627522846414000,0,1.30452126,137.5900
1627522846687000,0,0.83443720,137.5900
1627522872107000,0,5.13000000,137.5900
1627522906225000,0,7.27524238,137.5200
1627523182155000,0,7.14869720,137.1700
1627523237502000,0,7.28078970,137.4300
1627523237510000,0,20.53230000,137.4400
1627523238394000,0,14.81000000,137.5000
1627523239129000,0,23.16400000,137.5300
1627523251973000,0,0.00218568,137.5900
1627523252007000,0,5.34670000,137.7100
1627523252019000,0,1.92265545,137.7100
1627523252019000,0,1.06424455,137.7200
1627523252589000,0,6.65720000,137.8400
1627523252788000,0,8.34280000,137.8400
1627523253550000,1,2.30000000,137.8700
1627523254198000,1,2.30000000,137.8600
1627523254278000,1,24.75432000,137.8300
1627523254340000,1,20.00000000,137.8300
1627523584783000,1,2.00646600,137.7200
1627523871489000,0,20.58000000,137.8000
1627523917076000,0,6.29000000,137.7900
1627523917392000,0,0.97141042,137.7900
1627523917392000,0,38.31300000,137.7900
1627523918444000,0,7.26000000,137.7900
1627523929038000,0,21.00000000,137.7400
1627523929891000,0,7.26000000,137.7500
1627523929967000,0,0.00323675,137.7500
1627523982997000,0,5.44000000,137.7300
1627523983041000,0,4.53000000,137.7300
1627523983657000,0,3.49000000,137.7300
1627523983712000,0,0.00100000,137.7300
1627524006615000,1,43.00000000,137.6100
1627524128750000,0,0.62235767,137.6500
1627524129084000,0,4.52840000,137.7400
1627524129097000,0,2.73380000,137.7400
1627524129323000,0,0.00141042,137.7900
1627524129323000,0,4.49698958,137.8200
1627524129547000,0,10.50301042,137.8200
1627524129847000,0,19.71434000,137.8600
1627524129910000,0,0.00000822,137.8600
1627524152632000,0,0.18825072,138.3900
1627524204390000,1,4.47552723,138.8000
1627524245926000,1,1.36600000,138.8200
1627524245930000,1,1.08250000,138.8200
1627524245932000,1,55.55150000,138.8200
1627524304381000,0,0.51000000,138.6800
1627524304487000,0,0.00743000,138.6800
1627524389498000,0,7.21000000,138.6200
1627524405018000,1,21.00000000,138.2300
1627524450481000,0,7.23000000,138.3600
1627524556100000,0,7.23000000,138.2700
1627524576015000,0,7.23882869,138.2200
1627524576015000,0,20.99117131,138.2200
1627524594663000,0,7.23882869,138.2200
1627524594784000,0,7.23882869,138.2200
1627524594784000,0,16.07651097,138.2400
1627524644144000,0,7.23672827,138.2600
1627524702631000,1,7.22830000,138.2800
1627524703065000,1,1.31010000,138.2700
1627524762291000,0,7.23000000,138.3400
1627524864647000,0,13.64000000,138.3400
1627524868205000,0,0.00600000,138.3400
1627524868205000,0,0.00192145,138.3600
1627524868205000,0,7.07207855,138.3600
1627524868313000,0,44.26492145,138.3600
1627525566911000,0,0.70000000,138.2900
1627525566915000,0,0.00007000,138.2900
1627525611771000,1,2.30000000,138.5300
1627525611849000,1,2.30000000,138.5000
1627525611849000,1,14.04199000,138.4900
1627525625008000,0,6.69364913,138.6400
1627525626700000,0,8.54021000,138.8000
1627525628055000,1,3.90600000,138.8300
1627525628401000,1,2.30000000,138.8300
1627525628401000,1,10.00000000,138.8300
1627525628502000,1,3.00000000,138.8300
1627525633924000,0,1.24010000,138.8700
1627525633929000,0,1.95780000,138.8700
1627525633948000,0,3.97820000,138.8700
1627525636751000,0,4.73000000,139.0300
1627525646895000,0,8.53350000,138.9400
1627525686707000,1,7.20388000,138.7400
1627525745935000,0,0.54448800,138.7200
1627525745963000,0,36.52151200,138.7200
1627525745963000,0,23.69800000,138.7200
1627525790641000,0,7.20670127,138.8500
1627525790704000,0,15.77820487,138.8900
1627525790704000,0,10.85179513,138.9000
1627525834640000,0,0.97000000,138.6500
1627525886729000,0,7.21839596,138.6400
1627526176037000,0,0.49000000,138.7100
1627526176637000,0,0.00367000,138.7100
1627526237509000,0,7.20000000,138.8800
1627526274973000,1,7.17610000,138.7000
1627526334224000,0,37.90400000,138.7800
1627526334224000,0,10.06600000,138.7800
1627526445412000,0,7.22000000,138.5400
1627526445562000,0,0.00262987,138.5400
1627526648004000,1,0.63233100,138.5700
1627526648095000,1,0.44674200,138.5700
1627526666958000,0,0.44459000,138.6600
1627526667329000,0,0.62959900,138.6600
1627526758990000,0,7.21220565,138.7200
1627526758990000,0,20.99779435,138.7200
1627526934098000,0,11.52840000,138.6900
1627526934259000,0,1.00000000,138.6900
1627526934497000,0,21.29060000,138.6900
1627527342541000,0,1.01170300,138.3800
1627527342612000,0,0.02064700,138.3800
1627527350077000,0,0.44459000,138.3000
1627527350077000,0,0.21865496,138.3000
1627527356302000,0,0.41000000,138.3000
1627527356467000,0,0.00094404,138.3000
1627527461371000,0,10.00000000,138.3400
1627527466724000,0,10.00000000,138.3400
1627527621455000,1,1.31250000,138.1600
1627527644142000,1,17.15000000,138.0200
1627527723315000,0,7.24533446,138.1000
1627527894766000,0,60.72800000,138.2900
1627527894766000,0,38.82600000,138.2900
1627528281611000,0,0.44263500,138.2300
1627528282365000,0,0.27084500,138.2300
1627528382536000,0,0.36552800,138.2000
1627528430539000,0,41.92800000,138.1400
1627528442546000,1,0.44263500,138.0600
1627528443611000,1,0.63637300,138.0600
1627528501667000,0,14.73000000,138.1900
1627528726454000,1,0.60000000,138.0200
1627528928224000,0,17.23000000,137.9100
1627528999026000,0,7.25000000,137.9000
1627529111180000,0,0.00598974,137.9000
1627529111180000,0,20.99401026,137.9000
1627529111212000,0,0.00598974,137.9000
1627529198824000,0,1.68000000,137.8300
1627529198860000,0,5.57915635,137.8300
1627529347238000,1,37.00000000,137.5300
1627529445567000,0,7.27550000,137.5200
1627529630606000,0,7.28000000,137.3800
1627529634678000,0,7.15000000,137.3800
1627529634713000,0,5.96000000,137.3800
1627529634897000,0,0.35378000,137.3800
1627529635028000,0,7.15000000,137.3800
1627529635088000,0,0.38612000,137.3800
1627529635272000,0,3.30000000,137.3800
1627529636111000,0,29.82000000,137.3800
1627529636611000,0,6.22710000,137.3800
1627529681015000,0,3.98000000,137.4700
1627529681079000,0,5.94000000,137.4700
1627529690781000,0,0.38345440,137.4700
1627529691708000,0,0.67299563,137.4700
1627529692499000,0,9.36000000,137.4700
1627529692560000,0,0.86654997,137.4700
1627529704582000,0,2.00000000,137.4900
1627529705171000,0,19.69000000,137.4900
1627529705173000,0,33.37498380,137.4900
1627529719675000,0,0.68000000,137.5500
1627529719782000,0,0.00811000,137.5500
1627530063398000,1,7.24655873,137.9300
1627530063503000,1,7.24655873,137.9300
1627530066361000,0,0.44058500,138.0100
1627530066719000,0,1.95354300,138.0100
1627530420718000,0,0.46000000,137.6200
1627530441948000,0,0.00385000,137.6200
1627530481420000,0,2.11242007,138.1200
1627530481420000,0,7.23449993,138.1200
1627530512876000,0,17.17000000,138.5500
1627530513396000,0,28.83000000,138.5500
1627530567197000,1,0.75611000,138.4700
1627530605656000,0,42.22500000,138.7100
1627530605656000,0,10.41500000,138.7100
1627530605948000,0,16.58000000,138.7100
1627530605970000,0,0.00100000,138.7100
1627530719989000,1,43.08275000,139.0400
1627530720150000,1,19.91725000,139.0400
1627531069498000,0,3.19000000,138.5900
1627531069547000,0,2.66000000,138.5900
1627531072518000,0,7.21000000,138.6200
1627531078688000,0,0.49516460,138.6500
1627531078713000,0,0.01010540,138.6500
1627531200795000,0,0.49999999,138.5000
1627531200849000,0,0.00000001,138.5000
1627531234266000,1,3.22000000,138.6700
1627531234309000,1,0.00143300,138.6700
1627531302670000,1,7.21000000,138.5800
1627531302704000,1,0.00213751,138.5800
1627531322215000,1,1.04152468,138.3500
1627531327823000,1,0.44058500,138.2500
1627531328661000,0,1.95354299,138.2500
1627531328672000,0,0.00000001,138.2500
1627531334588000,1,0.35037188,138.1900
1627531374432000,1,2.87106112,138.1100
1627531433226000,0,7.22000000,138.5500
1627531444272000,0,3.77000000,138.5900
1627531444318000,0,3.44911087,138.5900
1627531444318000,0,44.41000000,138.5900
1627531446995000,0,0.43708300,138.5800
1627531464764000,0,6.69000000,138.6200
1627531464926000,0,21.70300000,138.6200
1627531473388000,0,3.17409500,138.7600
1627531527302000,0,7.20000000,138.8600
1627531574438000,0,1.50000000,139.0000
1627531611802000,0,7.19000000,139.0100
1627531615650000,0,0.38000000,139.0700
1627531615748000,0,0.00350000,139.0700
1627531633506000,0,0.14400100,139.0900
1627531647171000,0,1.93112000,139.1400
1627531982805000,1,7.20700000,138.5800
1627531982805000,1,21.00000000,138.5800
1627531982873000,0,58.79300000,138.5800
1627531988442000,1,1.93112000,138.6000
1627531988492000,1,0.43708300,138.6000
1627531994863000,1,3.31809600,138.6000
1627532007491000,0,7.21275579,138.7100
1627532007491000,0,20.43574488,138.7100
1627532013413000,0,3.13819700,138.7100
1627532027232000,0,0.43476200,138.7100
1627532027484000,0,1.92061900,138.7100
1627532027917000,0,0.50000000,138.7100
1627532033830000,0,0.14423400,138.7500
1627532041542000,0,33.93000000,138.7500
1627532060537000,0,6.55000000,138.7500
1627532060930000,0,0.88500000,138.7500
1627532060930000,0,13.87500000,138.7500
1627532060959000,0,0.65800000,138.7500
1627532066096000,0,58.00000000,138.8300
1627532106076000,0,7.20000000,138.9100
1627532106145000,0,0.00312181,138.9100
1627532108276000,0,7.20000000,138.9500
1627532108377000,0,0.00088625,138.9500
1627532118153000,0,3.87000000,139.0300
1627532191577000,0,0.37000000,139.0800
1627532247545000,0,0.00700000,139.0800
1627532292412000,0,1.48000000,139.1700
1627532292581000,0,0.00795549,139.1700
1627532463263000,1,2.56211334,139.2100
1627532709508000,0,1.11000000,139.1800
1627532709523000,0,0.00757485,139.1800
1627532719156000,0,19.90900000,139.2100
1627532724420000,0,0.81099000,139.3300
1627532731975000,0,56.66400000,139.3400
1627532758191000,1,4.89300000,139.4300
1627532779029000,1,5.72810000,139.4000
1627532790038000,0,0.37409000,139.4400
1627532973681000,0,7.17000000,139.4700
1627532973737000,0,0.00329246,139.4700
1627533087278000,0,7.17048000,139.5300
1627533087377000,0,0.00000631,139.5300
1627533118405000,1,24.00000000,139.5100
1627533118465000,1,6.85820000,139.5100
1627533119254000,0,7.14010000,139.5700
1627533119664000,0,0.51205130,139.6200
1627533119664000,0,0.50424870,139.6400
1627533119729000,0,1.00210000,139.6400
1627533135409000,0,7.15000000,139.7700
1627533135412000,0,0.00976769,139.7700
1627533135412000,0,16.28653140,139.8100
1627533135412000,0,4.87726304,139.8200
1627533168809000,0,1.57971892,139.9300
1627533180676000,1,2.01830000,139.9600
1627533180759000,1,0.28170000,139.9600
1627533180759000,1,1.01510000,139.9300
1627533197759000,1,16.80910962,139.9100
1627533197808000,1,21.00000000,139.9000
1627533215431000,0,1.29680000,140.0700
1627533219466000,0,7.14140000,140.1100
1627533219529000,0,1.35270000,140.1200
1627533219537000,0,1.46940000,140.1200
1627533219555000,0,1.37730000,140.1200
1627533219571000,0,0.28780416,140.1200
1627533219574000,0,1.02280000,140.1200
1627533219588000,0,1.95930000,140.1200
1627533219596000,0,0.99410541,140.1200
1627533219714000,0,7.14140000,140.1600
1627533219791000,1,21.00000000,140.1300
1627533219876000,1,21.00000000,140.1500
1627533219892000,0,5.16820000,140.1600
1627533219909000,0,8.84802206,140.1600
1627533261345000,0,73.59200000,140.3700
1627533261345000,0,25.85600000,140.3700
1627533261345000,0,21.00000000,140.3700
1627533272608000,1,7.11680000,140.1100
1627533308067000,0,0.78052896,140.1000
1627533308122000,0,2.14069366,140.1000
1627533308123000,0,2.37098996,140.1000
1627533308140000,0,3.17256920,140.1000
1627533308246000,0,1.39730000,140.1300
1627533308254000,0,3.25690000,140.1300
1627533308263000,0,1.46790000,140.1300
1627533308275000,0,0.93750000,140.1300
1627533308285000,0,6.01860000,140.1300
1627533308289000,0,5.14120000,140.1300
1627533308296000,0,2.61740000,140.1300
1627533308305000,0,0.32425222,140.1300
1627533308383000,0,0.32425221,140.1100
1627533308392000,0,8.14052957,140.1100
1627533308659000,0,21.37589070,140.2200
1627533308706000,0,7.68425281,140.2200
1627533308712000,0,25.93973717,140.2200
1627533308712000,0,8.46478178,140.2200
1627533308847000,0,8.46478178,140.2800
1627533308847000,0,0.53199974,140.2900
1627533334755000,1,7.11190000,140.5200
1627533334755000,1,2.30000000,140.5200
1627533334881000,1,35.00000000,140.5000
1627533532015000,0,0.37000000,140.6000
1627533541597000,0,0.00868000,140.6000
1627533541597000,0,1.43259366,140.6000
1627533541598000,0,3.67479750,140.6000
1627533541621000,0,31.39860884,140.6000
1627533682547000,1,5.14120000,140.6500
1627533704484000,1,7.10680000,140.6100
1627533704484000,1,0.00226000,140.6000
1627533760726000,0,7.11177840,140.7100
1627533865153000,1,6.07340000,140.5400
1627533865177000,1,1.02310000,140.5400
1627533865211000,1,1.13600000,140.5300
1627533865217000,1,1.47320000,140.5300
1627533865222000,1,17.32280000,140.5300
1627533865222000,1,7.11220000,140.5300
1627533865229000,1,0.00003421,140.5300
1627533865311000,1,2.94508820,140.5100
1627533865418000,1,7.36281936,140.4500
1627533865418000,1,9.79528064,140.4500
1627533865419000,1,1.02310000,140.4500
1627533865420000,1,4.70550000,140.4500
1627533865446000,1,3.62028202,140.4500
1627533865446000,1,2.94508820,140.4500
1627533865774000,1,1.68290000,140.4200
1627533873566000,0,2.30000000,140.3400
1627533876279000,0,2.30000000,140.3500
1627533891142000,0,7.12463000,140.4400
1627533953222000,1,1.00000000,140.3700
1627533953284000,1,17.00516143,140.3700
1627534012211000,1,2.65267000,140.3900
1627534012352000,1,0.00000740,140.3900
1627534012352000,1,1.69999260,140.3700
1627534012615000,1,4.93173000,140.3700
1627534162476000,0,43.93000000,140.1500
1627534162664000,0,10.80000000,140.1500
1627534162727000,0,9.00000000,140.1500
1627534162954000,0,8.54000000,140.1500
1627534162998000,0,7.11000000,140.1500
1627534163547000,0,9.39000000,140.1500
1627534164557000,0,0.00200000,140.1500
1627534164557000,0,23.58800000,140.1500
1627534169207000,0,1.92061900,140.1000
1627534169207000,0,0.42938100,140.1000
1627534169320000,0,0.00538100,140.1000
1627534175083000,0,1.00000000,140.0300
1627534175444000,0,2.28000000,140.0300
1627534175570000,0,0.00243100,140.0300
1627534300333000,1,0.19600000,139.9300
1627534301375000,1,0.00400000,139.9300
1627534301375000,1,5.26141824,139.8600
1627534301880000,1,2.45861000,139.8000
1627534302034000,1,0.00000682,139.8000
1627534302039000,1,37.00000000,139.7900
1627534630119000,0,1.06456456,139.8600
1627534646765000,0,0.85423000,139.9400
1627534646909000,0,7.13600000,139.9800
1627534669604000,0,7.14000000,139.9900
1627534669688000,0,0.00622624,139.9900
1627534767539000,0,18.66000000,139.9000
1627534772646000,0,70.20000000,139.9600
1627535370712000,0,1.06450000,139.3300
1627535373046000,0,23.02000000,139.3300
1627535373081000,0,19.18000000,139.3300
1627535374426000,0,19.88000000,139.3300
1627535374761000,0,0.00500000,139.3300
1627535376880000,0,30.57000000,139.3300
1627535377049000,0,0.00900000,139.3300
1627535602849000,0,0.58000000,139.4200
1627535602878000,0,0.00394000,139.4200
1627535614450000,1,19.66000000,139.1800
1627535614455000,1,1.34000000,139.1800
1627535639089000,1,2.30000000,139.4800
1627535639237000,1,2.30000000,139.4500
1627535639237000,1,1.77587636,139.4300
1627535639333000,1,7.16593207,139.4200
1627535647310000,1,2.51088000,139.2800
1627535648543000,1,1.81000000,139.2800
1627535842594000,1,1.72764585,139.3200
1627535842594000,1,7.16235415,139.3200
1627535842627000,1,0.00960157,139.3200
1627535842673000,1,1.72804246,139.3100
1627535842673000,1,35.86007200,139.2900
1627535842673000,1,47.00000000,139.2900
1627535994397000,0,15.39000000,139.2600
1627535994430000,0,12.83000000,139.2600
1627535995051000,0,32.17800000,139.2600
1627535995051000,0,20.48200000,139.2600
1627535995151000,0,9.26600000,139.2600
1627536142477000,1,5.96045760,139.0300
1627536282876000,0,0.18783619,139.0000
1627536698302000,0,0.62544000,139.1000
1627536698302000,0,22.37456000,139.1000
1627536698359000,0,17.00000000,139.1000
1627536698423000,0,13.58644000,139.1000
1627536698423000,0,5.41356000,139.1000
1627536698484000,0,20.67144000,139.1000
1627537063947000,1,1.69990000,139.4100
1627537079875000,1,0.14995100,139.4800
1627537079875000,1,0.15604900,139.4800
1627537083567000,0,0.43433700,139.5000
1627537128750000,0,0.30600000,139.5300
1627537161267000,0,0.09578000,139.5300
1627537161267000,0,49.23278000,139.5300
1627537161357000,0,4.02322000,139.5300
1627537209200000,0,1.34260000,139.6400
1627537209283000,0,1.02940000,139.6400
1627537209299000,0,29.00000000,139.6400
1627537209484000,0,2.22150000,139.6400
1627537209501000,0,0.45550000,139.6400
1627537217232000,1,45.00000000,139.6200
1627537851344000,0,31.00000000,139.7800
1627537851424000,0,3.28600000,139.7800
1627537978620000,0,0.71796000,139.8800
1627537978620000,0,7.87298593,139.8900
1627538126645000,0,81.76000000,139.9100
1627538127325000,0,1.28086000,139.9100
1627538128280000,0,0.35159460,139.9100
1627538131858000,0,0.34986000,139.9100
1627538134398000,0,2.02174000,139.9100
1627538135018000,0,3.43000000,139.9100
1627538143689000,0,20.29977223,139.9100
1627538143978000,0,14.38217317,139.9100
1627538143978000,0,27.59782683,139.9100
1627538144004000,0,15.92617317,139.9100
1627538373859000,1,7.14000000,139.9100
1627538559196000,0,0.51000000,140.0200
1627538559225000,0,0.00964000,140.0200
1627538668180000,0,1.02100000,139.9400
1627538925520000,0,2.92879700,139.9800
1627538931124000,0,1.75955000,139.9800
1627539099043000,0,1.24620000,139.7900
1627539099045000,0,1.36880000,139.7900
1627539099060000,0,1.29180000,139.7900
1627539099076000,0,3.24580000,139.7900
1627539099347000,0,0.85867620,139.8200
1627539099363000,0,6.29172380,139.8200
1627539106899000,0,0.43433700,139.9900
1627539216759000,0,0.43000000,140.1500
1627539249751000,1,7.13390000,140.1100
1627539251373000,1,0.00006638,140.1100
1627539251373000,1,0.42993362,140.0800
1627539290521000,1,0.00165438,140.0800
1627539469880000,1,20.00000000,139.9900
1627539469885000,1,26.00000000,139.9900
1627539613169000,0,5.08000000,139.6700
1627539613480000,0,0.00493823,139.6700
1627539614484000,0,21.00000000,139.7500
1627539642806000,0,3.08000000,139.8000
1627539642902000,0,0.00484600,139.8000
1627539642902000,0,0.43158800,139.8000
1627539683172000,0,0.44500000,139.8800
1627539683172000,0,0.21500000,139.8800
1627539708284000,0,0.00400000,139.8800
1627539717543000,0,21.00000000,139.9900
1627539721832000,0,2.00000000,140.0000
1627539767814000,0,0.40000000,140.0300
1627539767819000,0,0.00114000,140.0300
1627540026208000,0,7.15595895,139.8000
1627540181279000,1,2.00000000,139.5000
1627540187282000,0,2.30000000,139.5200
1627540187497000,0,7.13490000,139.5600
1627540237355000,1,7.15783494,139.6400
1627540237444000,1,1.68730000,139.6200
1627540237540000,1,1.04243660,139.6200
1627540237606000,0,2.30000000,139.6300
1627540237606000,0,0.93750000,139.6400
1627540237606000,0,19.05250000,139.6400
1627540237621000,0,1.94750000,139.6400
1627540237621000,0,0.36110624,139.6400
1627540238052000,1,2.73129461,139.5400
1627540247821000,1,12.71623370,139.3300
1627540420118000,0,0.20176330,139.7200
1627540420323000,0,0.15683670,139.7200
1627540439058000,1,7.15854000,139.6300
1627541070973000,0,0.33820780,139.7100
1627541071344000,0,0.00690220,139.7100
1627541216162000,0,7.15000000,139.8800
1627541266418000,1,3.05000000,139.8800
1627541266440000,1,0.00542900,139.8800
1627541294964000,1,0.42000000,139.8400
1627541294994000,1,0.00916000,139.8400
1627541299349000,0,0.14226479,139.8800
1627541328300000,1,0.14516600,139.7400
1627541328300000,1,0.07073198,139.7400
1627541374143000,0,1.11460000,139.9500
1627541648511000,0,0.31828440,140.0500
1627541766482000,0,0.34071324,139.7000
1627541790360000,1,0.61557862,139.5200
1627541990325000,0,7.16578004,139.6300
1627541990475000,0,7.16578004,139.6300
1627541990475000,0,19.64300000,139.6400
1627542092243000,0,1.00000000,139.3600
1627542092367000,0,0.00980899,139.3600
1627542124602000,0,0.42916000,139.4400
1627542124602000,0,3.12799990,139.4400
1627542195543000,0,0.31781000,139.5100
1627542195543000,0,1.90219000,139.5100
1627542202929000,0,0.00731100,139.5100
1627542203380000,0,21.26000000,139.5800
1627542203413000,0,49.74000000,139.5800
1627542203413000,0,7.13000000,139.5800
1627542203523000,0,0.03831354,139.5800
1627542288509000,0,7.16000000,139.6000
1627542330945000,1,0.30000000,139.6000
1627542685588000,1,0.14900000,139.5700
1627542685750000,1,0.00001800,139.5700
1627542805218000,0,0.31905860,139.4600
1627542805229000,0,0.00651140,139.4600
1627542864039000,0,7.16783397,139.5700
1627542864039000,0,7.16050000,139.5700
1627542962670000,1,0.14816718,139.5200
1627542962904000,1,0.00302382,139.5200
1627543095685000,0,2.36284199,139.6200
1627543404715000,0,7.15610000,139.6100
1627543732545000,0,0.43000000,139.8400
1627543781454000,0,0.00610000,139.8400
1627543846604000,0,7.14284176,140.0800
1627543846750000,0,7.14000000,140.0800
1627543851292000,0,0.00284176,140.0800
1627543851292000,0,0.36248585,140.1100
1627543851347000,1,59.63467000,140.1100
1627543851347000,1,0.00000239,140.1100
1627543922576000,0,3.28000000,140.0700
1627543922598000,0,3.86264492,140.0700
1627544005679000,0,5.00000000,139.8800
1627544130917000,1,1.44641693,139.5400
1627544273148000,0,7.16885391,139.5700
1627544583961000,1,1.98021600,139.6800
1627544610352000,0,0.32953480,139.8000
1627544610371000,0,0.00672520,139.8000
1627544704090000,1,9.90107800,139.7800
1627544759017000,1,0.50130000,139.7800
1627544824098000,0,7.16000000,139.7100
1627544905738000,0,1.00000000,139.6600
1627544943176000,0,1.63000000,139.8200
1627545544225000,0,1.16000000,139.4400
1627545544278000,0,0.00543724,139.4400
1627545595253000,0,7.17560000,139.4300
1627545595359000,0,0.00003530,139.4300
1627545595359000,0,35.87817649,139.4700
1627545653060000,0,7.17000000,139.4700
1627545653106000,0,0.00392254,139.4700
1627545800539000,0,0.81469000,139.6100
1627545985624000,0,223.01000000,139.3100
1627545985700000,0,0.00540000,139.3100
1627545987165000,0,7.18126239,139.3300
1627545987165000,0,20.99873761,139.3300
1627545992257000,0,7.18000000,139.3300
1627545992271000,0,0.00126239,139.3300
1627546055956000,1,21.00000000,139.0600
1627546055956000,1,2.30000000,139.0500
1627546055956000,1,1.50000000,139.0400
1627546055956000,1,20.32200000,139.0400
1627546055956000,1,4.87800000,139.0300
1627546108122000,1,7.18693821,139.0800
1627546108122000,1,47.00000000,139.0700
1627546108122000,1,10.84849356,139.0700
1627546108365000,1,2.43018386,139.0400
1627546108793000,1,0.85100000,139.0300
1627546109990000,0,6.79880000,139.0600
1627546110363000,0,1.59220000,139.0600
1627546110463000,0,1.50350000,139.0600
1627546110478000,0,1.26890000,139.0600
1627546110530000,0,1.00000000,139.0600
1627546110531000,0,1.13550000,139.0600
1627546110546000,0,1.02930000,139.0600
1627546110850000,1,7.18693000,139.0900
1627546111306000,1,57.30000000,139.0900
1627546111381000,0,0.54849000,139.0700
1627546135537000,0,7.17000000,139.3900
1627546139688000,1,6.70410000,139.2600
1627546262850000,1,4.02000000,138.8700
1627546263768000,1,20.26015000,138.8700
1627546263830000,1,20.00000000,138.8700
1627546263894000,1,1.00000000,138.8700
1627546264224000,1,1.71984999,138.8700
1627546264249000,1,0.00000001,138.8700
1627546642839000,1,4.71000000,138.9300
1627546662490000,0,1.00091776,139.0500
1627546662490000,0,1.10013375,139.0500
1627546662490000,0,1.64808449,139.0500
1627546662515000,0,3.44601526,139.0500
1627546662515000,0,2.30000000,139.0500
1627546662551000,0,8.53752946,139.0700
1627546662551000,0,21.34536087,139.0800
1627546662551000,0,35.97629475,139.0900
1627546662715000,0,0.93750000,139.1000
1627546662716000,0,6.25605097,139.1000
1627546662716000,0,22.74394903,139.1200
1627546662741000,0,0.60706349,139.1200
1627546662746000,0,5.07170000,139.1200
1627546662753000,0,15.90970000,139.1200
1627546662755000,0,10.09070000,139.1200
1627546662818000,1,2.30000000,139.1000
1627546662822000,0,6.23752946,139.1000
1627546662827000,1,21.34474652,139.1000
1627546662882000,0,55.49006932,139.1300
1627546662991000,0,43.00000000,139.1800
1627546663040000,0,8.53582278,139.1700
1627546663040000,0,48.76417722,139.1700
1627546663073000,0,2.30000000,139.1700
1627546663142000,0,4.41524071,139.1700
1627546663142000,0,21.33900496,139.1700
1627546663903000,0,65.80000000,139.4200
1627546664252000,1,2.30000000,139.3300
1627546664252000,1,2.70000000,139.3200
1627546664470000,0,1.01700000,139.4100
1627546664605000,0,21.00000000,139.5600
1627546664605000,0,21.27158625,139.5700
1627546664605000,0,8.50841375,139.5700
1627546665283000,0,21.00000000,139.5900
1627546665388000,1,7.00000000,139.5900
1627546665441000,1,6.08870000,139.5900
1627546665457000,1,29.97390000,139.5900
1627546665504000,1,1.05810000,139.5900
1627546665509000,1,1.00780000,139.5900
1627546665515000,1,1.06780000,139.5900
1627546665631000,1,1.60360000,139.5600
1627546665650000,1,1.03850000,139.5600
1627546665653000,1,2.60330000,139.5600
1627546665653000,1,2.11380000,139.5600
1627546665906000,1,40.67000000,139.5600
1627546670459000,1,5.00000000,139.5100
1627546672787000,1,4.44000000,139.4900
1627546686540000,1,3.05000000,139.5500
1627546686888000,1,1.23461380,139.5500
1627546800574000,1,20.60000000,139.2500
1627546800696000,1,22.40000000,139.2500
1627546813610000,1,0.50893837,139.0800
1627546998573000,0,14.46640000,139.0600
1627547031185000,0,71.00000000,139.1100
1627547031358000,1,29.00000000,139.1100
1627547336162000,0,1.57800934,139.1500
1627547438658000,1,8.00000000,139.1600
1627547438743000,1,0.84000000,139.1600
1627547438761000,1,1.02900000,139.1600
1627547456162000,1,20.00000000,139.0200
1627547586420000,1,5.66000000,139.1000
1627547851441000,1,3.93000000,139.0700
1627547851492000,1,13.13693582,139.0700
1627547851492000,1,7.18717841,139.0700
1627548007667000,1,12.08000000,139.2000
1627548007680000,1,47.92000000,139.2000
1627548076328000,1,7.17000000,139.2900
1627548076352000,1,0.00614999,139.2900
1627548206399000,1,7.17000000,139.3400
1627548206437000,1,0.00358302,139.3400
1627548245376000,0,7.17240000,139.5000
1627548246098000,1,7.17242000,139.5000
1627548472934000,0,7.80000000,139.9100
1627548542301000,1,38.00000000,139.6600
1627548785832000,1,5.58446747,139.6000
1627548785888000,1,9.86620104,139.6000
1627548786081000,1,7.19850498,139.6000
1627548786168000,1,7.17242000,139.6000
1627548865158000,1,7.14160000,139.4000
1627548865158000,1,2.89391427,139.4000
1627548949904000,1,7.06000000,139.2200
1627548949941000,1,5.89000000,139.2200
1627549025030000,1,6.57000000,139.0300
1627549025297000,1,19.21000000,139.0300
1627549026179000,1,7.01000000,139.0300
1627549046637000,1,17.75000000,139.0000
1627549114803000,1,0.50000000,139.1700
1627549243454000,0,1.66218000,139.2900
1627549265714000,0,0.00000818,139.2900
1627549487700000,1,0.63000000,139.3000
1627549942228000,0,0.85000000,139.8700
1627549942251000,0,0.00094530,139.8700
1627550181983000,0,0.47058823,139.9100
1627550323490000,0,0.62200000,140.0900
1627550414980000,0,0.37800000,139.9600
1627550415253000,0,38.08000000,139.9600
1627550415294000,0,16.39917914,139.9600
1627550490374000,0,0.35355628,140.0200
1627550560812000,0,7.15000000,139.9200
1627550678730000,1,0.69000000,139.8200
1627550678778000,1,0.00233000,139.8200
1627550749340000,0,5.00000000,139.7000
1627550825258000,0,0.00004882,139.9200
1627550825258000,0,0.27573193,139.9300
1627551017227000,0,0.54569698,140.1500
1627551017227000,0,0.34477751,140.1500
1627551083245000,0,7.13775504,140.1800
1627551083245000,0,3.54086660,140.2000
1627551563603000,0,1.00000000,140.2000
1627551563603000,0,0.50000000,140.2000
1627551563681000,0,0.00130000,140.2000
1627551604184000,0,0.24500000,140.1100
1627551608448000,0,0.00500000,140.1100
1627551823601000,0,17.21046670,140.3800
1627551902462000,0,12.21232480,140.3500
1627551902823000,0,10.60438776,140.3900
1627551929966000,0,7.71000000,140.5000
1627551930173000,0,0.00816126,140.5000
1627551949531000,0,0.43000000,140.5700
1627551957274000,0,0.00530378,140.5700
1627551957274000,0,8.24469622,140.6300
1627551957432000,0,0.00349542,140.6300
1627551957432000,0,10.55634603,140.6700
1627551957432000,0,78.97015855,140.6900
1627552044525000,0,1.77315045,140.7100
1627552070093000,0,0.41000000,140.8300
1627552156202000,0,7.10375438,140.9000
1627552184986000,1,0.41000000,140.7500
1627552185050000,1,0.00178000,140.7500
1627552346257000,1,6.25798793,140.3600
1627552384594000,0,1.42000000,140.7100
1627552401352000,1,2.07000000,140.6200
1627552412827000,1,6.62000000,140.5100
1627552464831000,1,16.84177189,140.4700
1627552525008000,0,2.30000000,140.4700
1627552525140000,0,1.42450000,140.4800
1627552525177000,0,0.00008625,140.4800
1627552635286000,0,1.42000000,140.6300
1627552739945000,1,21.00000000,140.5400
1627552740032000,0,13.00000000,140.5400
1627552867495000,1,1.00000000,140.3100
1627552867753000,1,1.47010000,140.3100
1627552878745000,0,3.70882000,140.0800
1627552878867000,0,0.00000400,140.0800
1627553478455000,0,1.42000000,140.0400
1627553484283000,0,1.42845983,140.0800
1627553645514000,0,1.42000000,139.9900
1627553645619000,0,0.00935979,139.9900
1627553708720000,0,1.42848559,140.0700
1627553708720000,0,21.00000000,140.0900
1627553708720000,0,2.30000000,140.0900
1627553708720000,0,0.37947021,140.1000
1627553708720000,0,8.47976068,140.1000
1627553708720000,0,7.14286225,140.1100
1627553708720000,0,7.11300000,140.1100
1627553708720000,0,11.01359459,140.1100
1627553708720000,0,16.30154400,140.1200
1627553708720000,0,57.30000000,140.1300
1627553708720000,0,21.19849720,140.1300
1627553708720000,0,10.65220493,140.1400
1627553708720000,0,0.37544724,140.1500
1627553708720000,0,57.48795567,140.1500
1627553708720000,0,10.71395212,140.1600
1627553708720000,0,55.11098988,140.1700
1627553708720000,0,4.70000000,140.1700
1627553708720000,0,10.79683264,140.1800
1627553708720000,0,0.37946068,140.1900
1627553708720000,0,111.41090000,140.2000
1627553708720000,0,0.73483196,140.2000
1627553708720000,0,1.58077802,140.2400
1627553779819000,0,1.42000000,140.0700
1627553779850000,0,0.00848559,140.0700
1627553884770000,0,1.42000000,140.3900
1627553980628000,0,1.42588000,140.3300
1627553982417000,0,0.00000708,140.3300
1627553982417000,0,1.42509292,140.4000
1627554143403000,0,0.14174798,140.3900
1627554303122000,1,10.28000000,140.1800
1627554333101000,0,7.13000000,140.1400
1627554384381000,0,5.29464711,140.1400
1627554433756000,1,0.19077243,140.0700
1627554536454000,0,4.55000000,140.0900
1627554536639000,0,2.59000000,140.0900
1627554536684000,0,0.00119364,140.0900
1627554537587000,0,7.14000000,140.0900
1627554544350000,1,1.79782000,140.0100
1627554544461000,1,2.90646442,140.0100
1627554551151000,1,1.19900000,139.9100
1627554603376000,0,3.24000000,139.9600
1627554631786000,1,2.40000000,139.8900
1627554922539000,0,6.65976289,140.0200
1627555020232000,0,2.30000000,139.9100
1627555036114000,0,7.14933000,139.9300
1627555099597000,1,7.15000000,139.6600
1627555099618000,1,0.00595319,139.6600
1627555110255000,1,1.00000000,139.6000
1627555129516000,1,1.01327195,139.5400
1627555154898000,0,3.76490000,139.6900
1627555165349000,0,7.15967000,139.7500
1627555165485000,0,3.75210000,139.7400
1627555291628000,1,9.97000000,139.4900
1627555305239000,1,5.49707815,139.3800
1627555311199000,0,7.17280000,139.5000
1627555327452000,0,0.00007933,139.5000
1627555388184000,0,7.16591000,139.6100
1627555501874000,0,0.36430055,139.6100
1627555508278000,0,6.80174000,139.6100
1627555509400000,0,0.00000514,139.6100
1627555509400000,0,7.15999486,139.6100
1627555511397000,0,0.00605083,139.6100
1627555511397000,0,7.16394917,139.6100
1627555511587000,0,0.00209652,139.6100
1627555517318000,0,7.16411000,139.6500
1627555521676000,0,0.00000688,139.6500
1627555521676000,0,0.42999312,139.6500
1627555521677000,0,5.25000000,139.6500
1627555521713000,0,1.48412376,139.6500
1627555564524000,0,7.16235153,139.6900
1627555600912000,0,16.64870000,139.6700
1627555600972000,0,7.16411359,139.6700
1627555648801000,0,0.14269324,139.4600
1627555649885000,0,7.03239000,139.4600
1627555653351000,0,7.17245000,139.5100
1627555735772000,0,7.17836687,139.3800
1627555743739000,0,0.59135529,139.4800
1627555964781000,1,21.00000000,139.4700
1627555964781000,1,7.16692542,139.4700
1627555964842000,0,209.02924000,139.4700
1627555964892000,0,0.00000036,139.4700
1627556152664000,1,1.93828041,139.5500
1627556215876000,0,0.19879733,139.6900
1627556231450000,1,0.21345198,139.5900
1627556307101000,0,21.00000000,139.4900
1627556307101000,0,7.17259304,139.5000
1627556307101000,0,1.12145696,139.5200
1627556455146000,1,0.21841551,139.6100
1627556553867000,0,0.21121214,139.6700
1627556620704000,1,2.00000000,139.5100
1627556633521000,0,7.17229000,139.5000
1627556733023000,0,4.17563404,139.4900
1627556733031000,0,2.99740645,139.4900
1627556733318000,0,7.16450000,139.6300
1627556737027000,1,3.96500000,139.8700
1627556743484000,1,2.30000000,139.8900
1627557295998000,0,0.00119364,140.0900
1627557296305000,0,7.79890000,140.1600
1627557420390000,1,10.71046054,140.1400
1627557420458000,1,19.10907892,140.1400
1627557420508000,1,18.18046054,140.1400
1627557490395000,1,0.66219000,139.7700
1627557512118000,1,7.14150000,139.7300
1627557619169000,0,7.14843708,139.9600
1627557692265000,0,7.15000000,139.8800
1627557692265000,0,0.00259377,139.8800
1627557848158000,1,0.25000000,140.0000
1627557980108000,1,51.12898000,140.0800
1627557980186000,1,19.00000000,140.0800
1627557980195000,1,8.60595717,140.0800
1627558043395000,1,15.75198000,139.9100
1627558073661000,0,7.14000000,139.9500
1627558073717000,0,0.00936338,139.9500
1627558073837000,0,7.14936338,139.9500
1627558647605000,1,3.50300000,139.4100
1627558727616000,1,2.47820000,138.9600
1627558782488000,0,0.55000000,139.0200
1627558836863000,1,2.50790000,138.7300
1627558836905000,1,0.00009499,138.7300
1627558863733000,0,21.00000000,138.5200
1627558863733000,0,17.12221866,138.5300
1627558863733000,0,10.00000000,138.5300
1627558863733000,0,21.00000000,138.5400
1627558863733000,0,7.22269379,138.5500
1627558903556000,0,7.21699181,138.6400
1627558903556000,0,18.05089086,138.6400
1627558943396000,0,7.22217000,138.5500
1627558945677000,0,7.21000000,138.5900
1627558945700000,0,0.00944765,138.5900
1627559004235000,1,1.00000000,138.2900
1627559107933000,0,7.23000000,138.3400
1627559108018000,0,0.00221756,138.3400
1627559140575000,1,1.00000000,138.3400
1627559192889000,0,7.22000000,138.4000
1627559209220000,1,7.14340889,138.2900
1627559209276000,1,3.73882136,138.2900
1627559230471000,1,7.23218526,138.1900
1627559232298000,1,12.45177209,138.1700
1627559233357000,1,10.75103103,138.2100
1627559240988000,1,1.93260000,138.0200
1627559241227000,0,7.17682976,138.0200
1627559241227000,0,19.98803768,138.0300
1627559241453000,1,0.66000920,137.9200
1627559241524000,0,9.22516548,138.0100
1627559242366000,1,2.34669000,137.7800
1627559242423000,1,0.00000481,137.7800
1627559242423000,1,5.86672519,137.7600
1627559242661000,1,2.34669481,137.7400
1627559242661000,1,5.86673703,137.7400
1627559243091000,0,1.73662832,137.7700
1627559243387000,1,43.49403000,137.6000
1627559243682000,1,0.00000924,137.6000
1627559243951000,0,2.30000000,137.6300
1627559243951000,0,0.36790628,137.6300
1627559243951000,0,21.00000000,137.6400
1627559243951000,0,9.50000000,137.6400
1627559243951000,0,18.34790097,137.6500
1627559245119000,0,1.93260000,137.5100
1627559245356000,1,80.31732960,137.4100
1627559247696000,0,1.70000000,137.2500
1627559247720000,1,21.00000000,137.1400
1627559247746000,0,1.17478275,137.1400
1627559247746000,0,2.30000000,137.2400
1627559247746000,0,22.52521725,137.2500
1627559247802000,0,2.30000000,137.1900
1627559248074000,0,8.65070000,137.2400
1627559248087000,0,0.00005339,137.2400
1627559251093000,0,0.37681359,137.7600
1627559251093000,0,0.06318641,137.7700
1627559255397000,1,0.38479694,137.5400
1627559255397000,1,2.30000000,137.5100
1627559255397000,1,0.36289311,137.5000
1627559255471000,0,79.52666606,137.4900
1627559287201000,0,2.30000000,137.7300
1627559287211000,0,5.50000000,137.7400
1627559287305000,0,12.25200000,137.7400
1627559304659000,0,7.26000000,137.7500
1627559304817000,0,0.00421714,137.7500
1627559326855000,1,7.24230000,137.7300
1627559357410000,0,7.25579000,137.9000
1627559371830000,0,0.00000953,137.9000
1627559371830000,0,7.25221047,137.9700
1627559401078000,0,7.24000000,138.1400
1627559401115000,0,0.00409176,138.1400
1627559401272000,0,17.75200000,138.1700
1627559441367000,1,4.85428713,137.9900
1627559472224000,0,7.25572000,137.9300
1627559477049000,0,7.25309000,137.9700
1627559485413000,0,0.00000852,137.9700
1627559528329000,0,7.09824865,138.1900
1627559555028000,0,7.23476000,138.3300
1627559659519000,0,7.24084000,138.2000
1627559663355000,0,3.30000000,138.2400
1627559663363000,0,2.75000000,138.2400
1627559671220000,0,7.23603000,138.3000
1627559695823000,0,0.00000246,138.3000
1627559695823000,0,7.23368754,138.3200
1627559751188000,0,7.23918000,138.2200
1627559846359000,1,2.58848439,137.8900
1627559846359000,1,0.63551561,137.8700
1627559846360000,1,1.31340000,137.8700
1627559846361000,1,1.84440000,137.8900
1627559846363000,1,1.89680000,137.8900
1627559846364000,1,1.88880000,137.8900
1627559846366000,1,3.21520000,137.8900
1627559846545000,0,24.21808198,137.8400
1627559846598000,1,2.58848439,137.8200
1627559846598000,1,6.47280568,137.8200
1627559847081000,0,2.30000000,137.7700
1627559847089000,1,3.20460240,137.7200
1627559847108000,1,5.61567944,137.7200
1627559847137000,1,3.23032056,137.7200
1627559847137000,1,21.00000000,137.7200
1627559848891000,0,2.30000000,137.7400
1627559858636000,1,0.88722961,137.6500
1627559865571000,0,8.61325083,137.9000
1627559865595000,0,19.12881306,137.9100
1627559865649000,0,1.33120000,137.9100
1627559865649000,0,3.33070000,137.9100
1627559865659000,0,2.28950000,137.9100
1627559865660000,0,1.69850000,137.9100
1627559865662000,0,0.93750000,137.9100
1627559865667000,0,0.62055466,137.9100
1627559865681000,0,3.72346351,137.9100
1627559865690000,0,0.98166101,137.9100
1627559865692000,0,1.24079468,137.9100
1627559865704000,0,0.71731308,137.9100
1627559865720000,1,21.00000000,137.9000
1627559865723000,0,0.74899157,137.8900
1627559865723000,0,10.91564965,137.8900
1627559865723000,0,6.53129235,137.9100
1627559865724000,0,10.83270000,137.9200
1627559865758000,0,2.30000000,137.9000
1627559865763000,0,46.70759087,137.9000
1627559865763000,0,1.52605271,137.9200
1627559865763000,0,21.52907084,137.9200
1627559865909000,0,3.69570000,137.9600
1627559865910000,0,2.17170000,137.9600
1627559865953000,0,5.50000000,137.9600
1627559865957000,0,1.99010000,137.9600
1627559865958000,0,4.08830000,137.9600
1627559865961000,0,2.10240000,137.9600
1627559865962000,0,1.26420000,137.9600
1627559865967000,0,1.78870000,137.9600
1627559866002000,0,1.02550000,137.9600
1627559866011000,0,24.32190000,137.9600
1627559866014000,0,1.22300000,137.9600
1627559866017000,0,4.44030000,137.9600
1627559866116000,0,7.25170000,137.9800
1627559867690000,1,24.87482113,138.2000
1627559869573000,0,0.00000009,138.2200
1627559869573000,0,20.99999991,138.2200
1627559870494000,1,1.02550000,138.0100
1627559870575000,1,7.72130000,137.9400
1627559870575000,1,1.75440000,137.9400
1627559870582000,1,0.52430000,137.9400
1627559870582000,1,1.09580000,137.9400
1627559870593000,1,3.06150000,137.9400
1627559870599000,1,3.64940000,137.9400
1627559870656000,0,21.00000000,138.0000
1627559870656000,0,1.00043260,138.0100
1627559870883000,1,7.50470000,137.8300
1627559871018000,0,7.24228649,137.8200
1627559871339000,0,2.30000000,137.7900
1627559871426000,0,25.30000000,137.7700
1627559871475000,0,32.00000000,137.7700
1627559871475000,0,21.00000000,137.9100
1627559871475000,0,2.28130672,137.9100
1627559871523000,0,1.00000000,137.7600
1627559871900000,0,36.44700000,137.7500
1627559871967000,0,2.30000000,137.7400
1627559872836000,0,2.30000000,137.8200
1627559872836000,0,0.36917265,137.8300
1627559872836000,0,21.00000000,137.8500
1627559872884000,1,1.14065336,137.8500
1627559872894000,1,14.00000000,137.8500
1627559872895000,1,0.93750000,137.8500
1627559872896000,1,81.95917907,137.8500
1627559873387000,0,2.30000000,137.8500
1627559875988000,1,7.22180000,137.7800
1627559876047000,1,5.82570000,137.7500
1627559876047000,1,4.53620000,137.7500
1627559876054000,1,1.00000000,137.7500
1627559876055000,1,0.93750000,137.7500
1627559876056000,1,1.16980000,137.7500
1627559876059000,1,4.37080000,137.7500
1627559876778000,0,2.30000000,137.5800
1627559876778000,0,4.95912657,137.6100
1627559877000000,0,2.30000000,137.6000
1627559877504000,1,0.29000000,137.4700
1627559879940000,0,2.30000000,137.5300
1627559880003000,0,2.30000000,137.5600
1627559880003000,0,55.00000000,137.5700
1627559880069000,0,2.30000000,137.5600
1627559880069000,0,4.20000000,137.5700
1627560084135000,0,5.09740000,137.4600
1627560084140000,0,0.00006715,137.4600
1627560227020000,0,5.09000000,137.5600
1627560240350000,0,5.09391943,137.5200
1627560330435000,1,3.35081585,137.2800
1627560330556000,1,3.88708415,137.2800
1627560438269000,0,3.44256682,137.2900
1627560513252000,1,14.69024131,137.3100
1627560569135000,0,0.21740705,137.5100
1627560607281000,0,5.09384029,137.5200
1627560607330000,1,2.58616000,137.5200
1627560607331000,1,0.00000989,137.5200
1627560656897000,0,0.00264258,137.5600
1627560690976000,1,4.99735000,137.5600
1627560697786000,1,0.00000742,137.5600
1627560699475000,0,0.18900000,137.5100
1627560712933000,0,0.18900000,137.4600
1627560732844000,1,0.18900000,137.4600
1627560747362000,0,0.18900000,137.4100
1627560755310000,0,0.18900000,137.3300
1627560772446000,0,5.09645000,137.4600
1627560832115000,1,0.18900000,137.4600
1627560832115000,1,0.18900000,137.4600
1627560832115000,1,0.18899999,137.4600
1627560832144000,1,0.00000001,137.4600
1627560874649000,0,0.18900000,137.3800
1627561012828000,1,0.18900000,137.3800
1627561012828000,1,0.18900000,137.3800
1627561012828000,1,0.18900000,137.3800
1627561012828000,1,0.18900000,137.3800
1627561066441000,0,1.00000000,137.5600
1627561136086000,1,7.23540000,137.6200
1627561136160000,1,2.63270000,137.6100
1627561136161000,1,0.00007807,137.6100
1627561136161000,1,6.58182193,137.5800
1627561136362000,1,1.62910000,137.5700
1627561136429000,1,1.00367807,137.5700
1627561136429000,1,4.61632193,137.5700
1627561136497000,1,1.96565132,137.5700
1627561136546000,1,0.18900000,137.5600
1627561136546000,1,0.18900000,137.5600
1627561136546000,1,0.18900000,137.5600
1627561136546000,1,0.18900000,137.5600
1627561136614000,1,1.31446386,137.5400
1627561136629000,1,10.88000000,137.5400
1627561137117000,1,5.16311657,137.4900
1627561137156000,1,2.09758343,137.4900
1627561138195000,1,0.25000000,137.3900
1627561159238000,0,7.27212000,137.5800
1627561192628000,0,0.50000000,137.5700
1627561216471000,0,0.00247475,137.5700
1627561216471000,0,2.43752525,137.5700
1627561216572000,0,18.56247475,137.5700
1627561247849000,0,0.21699819,137.5900
1627561265861000,0,7.05392000,137.5900
1627561307560000,0,0.36147642,137.6300
1627561454303000,1,7.25300000,137.6500
1627561454303000,1,8.72989000,137.6300
1627561454527000,1,10.76000000,137.6300
1627561454808000,1,2.59000000,137.6300
1627561454848000,1,0.91298585,137.6300
1627561454982000,1,2.13505150,137.6300
1627561518901000,1,2.41692000,137.4100
1627561518904000,1,0.00000596,137.4100
1627561519959000,1,6.07072000,137.3900
1627561521324000,1,0.00000172,137.3900
1627561521324000,1,0.18899828,137.3800
1627561590990000,0,7.26890000,137.6500
1627561800957000,0,7.24746000,138.0600
1627561884909000,0,0.00000576,138.3200
1627561884909000,0,0.00000701,138.3300
1627561908548000,1,29.69740000,138.1800
1627561941418000,0,0.18800000,138.1200
1627561967803000,1,0.38700000,138.0300
1627561980983000,1,0.00059000,138.0300
1627562102454000,1,1.39770000,137.7900
1627562121247000,1,0.42400000,137.9600
1627562121250000,1,3.57600000,137.9600
1627562121305000,0,21.00000000,137.9900
1627562121305000,0,7.25128693,137.9900
1627562121305000,0,1.40807613,137.9900
1627562121305000,0,2.30000000,137.9900
1627562121305000,0,1.32081274,137.9900
1627562136057000,0,7.10835236,137.9500
1627562136071000,0,0.14506842,137.9500
1627562350631000,1,0.18800000,137.6500
1627562350631000,1,0.18800000,137.6500
1627562371599000,0,0.68000000,137.7900
1627562426665000,0,7.25723302,137.8800
1627562426665000,0,2.30000000,137.8800
1627562426759000,0,7.25723302,137.8800
1627562437496000,0,7.25000000,137.8900
1627562437529000,0,0.00710650,137.8900
1627562437540000,0,21.18700000,137.9200
1627562781701000,0,1.00000000,138.0000
1627563597184000,0,0.19039144,138.3600
1627563597184000,0,7.23153156,138.3800
1627563597381000,0,7.23153156,138.3800
1627563878294000,0,5.00000000,138.1000
1627563910432000,0,7.24000000,138.1800
1627563910528000,0,0.00110602,138.1800
1627563917439000,0,7.23000000,138.2100
1627563917471000,0,0.00908018,138.2100
1627563917511000,0,36.20492660,138.2200
1627563917601000,0,7.23908018,138.2100
1627563977751000,0,0.32400000,138.3100
1627564009378000,0,0.00023000,138.3100
1627564013513000,0,0.67600000,138.4200
1627564107686000,0,7.21909000,138.6100
1627564110149000,0,0.78619753,138.7100
1627564110202000,0,6.42851759,138.7100
1627564110250000,0,8.56740000,138.7400
1627564110332000,0,0.00005080,138.7400
1627564110363000,0,21.41382246,138.7600
1627564110363000,0,1.00000000,138.7600
1627564110363000,0,7.83816850,138.7700
1627564110365000,0,1.49270000,138.8000
1627564110367000,0,1.26070000,138.8000
1627564110380000,0,1.26700000,138.8000
1627564110400000,0,1.00000000,138.7700
1627564110400000,0,0.19110000,138.8000
1627564110410000,0,2.03270000,138.8000
1627564110411000,0,24.62250000,138.8000
1627564110421000,0,1.58800000,138.8000
1627564110470000,0,23.21158368,138.8000
1627564110567000,0,10.91950000,138.8500
1627564110682000,0,8.56280000,138.8400
1627564110738000,0,0.00004522,138.8400
1627564110871000,0,7.26950000,138.9000
1627564110884000,0,7.39080000,138.9000
1627564111000000,0,15.13173488,138.8400
1627564123867000,1,3.09256000,138.8300
1627564129720000,1,0.57452605,138.7400
1627564190642000,0,0.61566702,139.0900
1627564190684000,0,2.52400000,139.1300
1627564190685000,0,1.01100000,139.1300
1627564190690000,0,1.55260000,139.1300
1627564190751000,0,5.76376203,139.1300
1627564193239000,1,2.30000000,139.2800
1627564193415000,1,2.30000000,139.2000
1627564193432000,1,2.97380000,139.2000
1627564193432000,1,1.61980000,139.2000
1627564193435000,1,1.15720000,139.2000
1627564350659000,0,2.30000000,139.1600
1627564503361000,0,2.25400000,139.5300
1627564531804000,1,30.82640000,139.4700
1627564531953000,1,3.56900000,139.4700
1627564532093000,1,22.60460000,139.4700
1627564547365000,0,7.17000000,139.5100
1627564552151000,0,0.00224942,139.5100
1627564552151000,0,6.02775058,139.5500
1627564552213000,0,1.14194065,139.5500
1627564554510000,1,1.00000000,139.4500
1627564558377000,1,3.00000000,139.4500
1627564579229000,0,0.33202000,139.5300
1627564609835000,0,2.30000000,139.5600
1627564609835000,0,7.16927419,139.5700
1627564609835000,0,16.27072581,139.5800
1627564725529000,0,7.17098000,139.5300
1627564725798000,0,0.00000904,139.5300
1627564750557000,0,7.16843173,139.5700
1627564822678000,0,7.16614000,139.6100
1627564965066000,1,0.71790000,139.6200
1627564989657000,0,21.00000000,139.6100
1627565018021000,0,2.30000000,139.5500
1627565027867000,0,1.90000000,139.5400
1627565027948000,0,1.58000000,139.5400
1627565028085000,0,3.69124273,139.5400
1627565028085000,0,2.30000000,139.5400
1627565029274000,1,1.41690000,139.5100
1627565029619000,0,5.63941087,139.5100
1627565029650000,0,0.11509002,139.5100
1627565029650000,0,10.77019567,139.5100
1627565031433000,0,7.17000000,139.5100
1627565031511000,0,0.00135155,139.5100
1627565032803000,0,7.17000000,139.5100
1627565032923000,0,0.00135155,139.5100
1627565032923000,0,2.30000000,139.5100
1627565033348000,0,2.30000000,139.5200
1627565034444000,0,7.17000000,139.5100
1627565075919000,0,7.17688512,139.4100
1627565075919000,0,2.08311488,139.4100
1627565076621000,0,0.21688512,139.4100
1627565076621000,0,7.17311488,139.4100
1627565077114000,0,0.00377024,139.4100
1627565077114000,0,2.29622976,139.4100
1627565077617000,0,7.17688512,139.4100
1627565077617000,0,2.29311488,139.4300
1627565077709000,0,0.00688512,139.4300
1627565078289000,0,2.30000000,139.4400
1627565078730000,0,2.30000000,139.4400
1627565079356000,0,7.17688512,139.4100
1627565079356000,0,2.30000000,139.4300
1627565079356000,0,0.22311488,139.4500
1627565079394000,0,8.08000000,139.4500
1627565080896000,0,14.84000000,139.4500
1627565085899000,0,7.17000000,139.4100
1627565086271000,0,0.00688512,139.4100
1627565087751000,0,7.17000000,139.4100
1627565087807000,0,0.00688512,139.4100
1627565114393000,0,7.17688512,139.4100
1627565114988000,0,7.17000000,139.4100
1627565115257000,0,0.00688512,139.4100
1627565116401000,0,7.17000000,139.4100
1627565116430000,0,0.00688512,139.4100
1627565117689000,0,2.30000000,139.4300
1627565118444000,0,7.17000000,139.4100
1627565120465000,0,0.00688512,139.4100
1627565120465000,0,7.17311488,139.4100
1627565122474000,0,0.00377024,139.4100
1627565122474000,0,7.17622976,139.4100
1627565122512000,0,0.00065536,139.4100
1627565124452000,0,7.17000000,139.4100
1627565125729000,0,0.00688512,139.4100
1627565125729000,0,10.88311488,139.4200
1627565125772000,0,0.00054599,139.4200
1627565135540000,0,7.17600000,139.4300
1627565137443000,1,0.82684629,139.3800
1627565161862000,0,0.00000003,139.4300
1627565161862000,0,7.17332434,139.4900
1627565161862000,0,2.29667563,139.4900
1627565161962000,0,0.00332437,139.4900
1627565161962000,0,7.17332434,139.4900
1627565163384000,0,2.30000000,139.4900
1627565163416000,0,4.87332434,139.4900
1627565165629000,0,0.00135155,139.5100
1627565165629000,0,0.96864845,139.5100
1627565188717000,0,7.16739224,139.6200
1627565188717000,0,0.32023000,139.6200
1627565199033000,0,10.87000000,139.7800
1627565239050000,0,7.15509299,139.8500
1627565299094000,1,0.71000000,139.7700
1627565299158000,1,0.00730000,139.7700
1627565322387000,1,0.74140000,139.6800
1627565404687000,0,2.30000000,139.5400
1627565404755000,0,7.14980000,139.5600
1627565468531000,1,5.00000000,139.6800
1627565468531000,1,0.71960000,139.6800
1627565712431000,0,0.97786270,139.7700
1627565738023000,1,0.72050000,139.7800
1627565738232000,1,0.18600000,139.7700
1627565818066000,1,0.71000000,139.6200
1627565824053000,0,0.55005729,139.6400
1627565829916000,1,0.00960000,139.6200
1627565829923000,1,7.16160000,139.4700
1627565830083000,1,2.70730000,139.3900
1627565830084000,1,0.00004839,139.3900
1627565830293000,1,2.70734839,139.3400
1627565830293000,1,6.76910227,139.3400
1627565830487000,1,1.47427440,139.2900
1627565830846000,0,20.99089664,139.2300
1627565830866000,1,2.70734839,139.2200
1627565830866000,1,6.76910227,139.2200
1627565830866000,1,1.28867862,139.2200
1627565831518000,0,2.30000000,139.1600
1627565831527000,0,4.86160000,139.1700
1627565831653000,0,30.19960000,139.1700
1627565831688000,0,2.30000000,139.1600
1627565831688000,0,22.23880000,139.1700
1627565831745000,1,2.30000000,139.2300
1627565831856000,1,2.30000000,139.2300
1627565832099000,1,1.30238889,139.2300
1627565832214000,1,2.35169838,139.2300
1627565832221000,1,0.87349754,139.2300
1627565832304000,1,2.64271519,139.2300
1627565832728000,1,3.02654012,139.1600
1627565832783000,1,40.25283231,139.1600
1627565832874000,1,10.84106873,139.1600
1627565832888000,1,5.86791111,139.1600
1627565833178000,1,9.92677778,139.1200
1627565833424000,1,6.96930904,139.1300
1627565833435000,1,0.19409096,139.1300
1627565833435000,1,0.94268905,139.1200
1627565833472000,1,3.32525010,139.1400
1627565844299000,0,2.30000000,139.2300
1627565844420000,0,9.19196000,139.2400
1627565844519000,0,7.49982232,139.2300
1627565844519000,0,0.00000608,139.2400
1627565845005000,0,7.16830000,139.3200
1627565846132000,1,0.36167896,139.3000
1627565846132000,1,7.62160146,139.2800
1627565861406000,0,4.06098000,139.3200
1627565880059000,0,1.00000000,139.2600
1627565911223000,1,0.71000000,139.1200
1627565959932000,0,2.24297000,139.3400
1627566011484000,0,1.67627000,139.4100
1627566028757000,1,0.72120000,139.3300
1627566028757000,1,9.92880000,139.3000
1627566028867000,1,10.70271855,139.3000
1627566028908000,1,10.62912956,139.3000
1627566028934000,1,17.88022404,139.3000
1627566173026000,1,0.72040000,139.3800
1627566233955000,0,7.17506631,139.4400
1627566234280000,0,0.58808085,139.4800
1627566234280000,0,8.52161915,139.4800
1627566245209000,0,0.51822000,139.5000
1627566245209000,0,7.17178000,139.5000
1627566285333000,0,7.17113439,139.5400
1627566285502000,0,4.67000000,139.5400
1627566285517000,0,2.50113439,139.5400
1627566299722000,1,1.00000000,139.5000
1627566299722000,1,0.71000000,139.5000
1627566299744000,1,0.00990000,139.5000
1627566570440000,1,0.71810000,139.4600
1627566673297000,0,7.17000000,139.5000
1627566689956000,0,0.00226996,139.5000
1627566689956000,0,7.16773004,139.5400
1627566690194000,0,0.00250213,139.5400
1627566695981000,0,7.17000000,139.5400
1627566717577000,0,7.16000000,139.5500
1627566717723000,0,0.00918762,139.5500
1627566717868000,0,0.77155108,139.5500
1627566718263000,0,6.39000000,139.5500
1627566718321000,0,0.00763654,139.5500
1627566727432000,0,7.16000000,139.5500
1627566727574000,0,0.00918762,139.5500
1627566728299000,0,7.16000000,139.5500
1627566728343000,0,0.00918762,139.5500
1627566730857000,0,7.16000000,139.5500
1627566730969000,0,0.00918762,139.5500
1627566731231000,0,7.16000000,139.5500
1627566741353000,1,0.71750000,139.4800
1627566765996000,0,21.00000000,139.5300
1627566765996000,0,10.82000000,139.5400
1627566768659000,0,0.00162819,139.5400
1627566768659000,0,0.00918762,139.5500
1627566768718000,0,1.25238958,139.5700
1627566768826000,0,7.16918762,139.5500
1627566768826000,0,10.79381000,139.5800
1627566768826000,0,29.92700238,139.6000
1627566770700000,0,10.77000000,139.5600
1627566915411000,0,5.73000000,139.5600
1627566915449000,0,0.00508624,139.5600
1627566916082000,0,0.90752014,139.5800
1627566916082000,0,5.92247986,139.6000
1627566917555000,0,5.73000000,139.5600
1627566917629000,0,0.00508624,139.5600
1627567023512000,0,5.73472437,139.5800
1627567023512000,0,0.66527563,139.5800
1627567023637000,0,0.00879077,139.5800
1627567023637000,0,0.00167857,139.6000
1627567023637000,0,10.76171034,139.6200
1627567023840000,0,5.73000000,139.5800
1627567024134000,0,0.00472437,139.5800
1627567024134000,0,8.69782000,139.6200
1627567024134000,0,10.78745563,139.6300
1627567025305000,0,5.01666147,139.6200
1627567025305000,0,10.73333853,139.6200
1627567032335000,0,0.00151320,139.6200
1627567032335000,0,5.00848680,139.6200
1627567032364000,0,0.00817467,139.6200
1627567032410000,0,0.00588247,139.6300
1627567032410000,0,10.77137945,139.6300
1627567032410000,0,0.61308705,139.6300
1627567032410000,0,3.23647318,139.6400
1627567032410000,0,28.67001665,139.6500
1627567032410000,0,2.30000000,139.6700
1627567032550000,0,5.01000000,139.6200
1627567033140000,0,0.00666147,139.6200
1627567033140000,0,40.68965000,139.6300
1627567033140000,0,21.00000000,139.6600
1627567033140000,0,1.70600805,139.6600
1627567033140000,0,0.58768048,139.6700
1627567034222000,0,5.01666147,139.6200
1627567034222000,0,10.84333853,139.6200
1627567036268000,0,0.00324504,139.6200
1627567036268000,0,3.71675496,139.6200
1627567037666000,0,1.29000000,139.6200
1627567037704000,0,0.00990651,139.6200
1627567038396000,0,5.01666147,139.6200
1627567038396000,0,21.00000000,139.6600
1627567038396000,0,0.85300402,139.6600
1627567038396000,0,1.71231952,139.6700
1627567038396000,0,21.49966303,139.6800
1627567038396000,0,1.46835196,139.6800
1627567039797000,0,5.01666147,139.6200
1627567039797000,0,10.75333853,139.6200
1627567288183000,1,0.72050000,139.5300
1627567331876000,1,1.49853000,139.4300
1627567332066000,1,0.56087000,139.4300
1627567332066000,1,8.71008067,139.4300
1627567510843000,1,0.61953383,139.5100
1627567606748000,0,7.16482837,139.6800
1627567606748000,0,35.83398777,139.6900
1627567607295000,0,7.16000000,139.6800
1627567607297000,0,0.00482837,139.6800
1627567674403000,0,10.62714776,139.7600
1627567674403000,0,7.16012163,139.7800
1627567674509000,0,7.16012163,139.7800
1627567712036000,0,10.79325890,139.7400
1627567712253000,0,7.15979898,139.7900
1627567712253000,0,10.89669243,139.8000
1627567712253000,0,35.80754966,139.8000
1627567736503000,0,2.30000000,139.7500
1627567781026000,0,2.30000000,139.7800
1627567781026000,0,10.74000000,139.7900
1627567781099000,0,0.00647685,139.7900
1627567781099000,0,7.15819920,139.8100
1627567781099000,0,2.30000000,139.8100
1627567815683000,1,7.16000000,139.5700
1627567816026000,1,0.56524732,139.5700
1627567869563000,1,1.77452855,139.6600
1627567869707000,1,0.42447145,139.6600
1627567989100000,0,0.30528634,139.7300
1627567989118000,0,7.16010788,139.7700
1627567989826000,0,9.83000000,139.7900
1627568000994000,0,0.94544888,139.7900
1627568000994000,0,7.15825406,139.8000
1627568000994000,0,10.85158934,139.8200
1627568000994000,0,15.71347661,139.8200
1627568000994000,0,0.66123111,139.8200
1627568001107000,0,10.40000000,139.7900
1627568053995000,1,0.72040000,139.6700
1627568101703000,0,10.58000000,139.7000
1627568196840000,1,0.71920000,139.6900
1627568198767000,0,2.30000000,139.7000
1627568282840000,1,0.72040000,139.4400
1627568282880000,1,2.45318564,139.3700
1627568282880000,1,2.73511436,139.3700
1627568282889000,1,1.91360000,139.3700
1627568282892000,1,1.12190000,139.3700
1627568282893000,1,1.98630000,139.3700
1627568282898000,1,2.24308564,139.3700
1627568282908000,1,1.43280000,139.3600
1627568282918000,1,1.70380000,139.3600
1627568283002000,1,10.00000000,139.3700
1627568283006000,1,1.62635015,139.3600
1627568283009000,1,1.36280000,139.3600
1627568283013000,1,0.93750000,139.3600
1627568283075000,1,6.13278907,139.3400
1627568283075000,1,4.10786078,139.3300
1627568283140000,1,16.12213922,139.3300
1627568283146000,1,11.86700000,139.2900
1627568283250000,1,6.13278907,139.2800
1627568283250000,1,2.45318564,139.2800
1627568283519000,0,21.92835874,139.2700
1627568283545000,1,1.83000000,139.2600
1627568283557000,1,0.62318564,139.2600
1627568283557000,1,6.13278907,139.2400
1627568284268000,1,21.00000000,139.1300
1627568284520000,1,21.00000000,139.0900
1627568284705000,1,16.30772378,139.0800
1627568285054000,1,0.74103255,139.0900
1627568285105000,1,1.17154652,139.0900
1627568285105000,1,0.94690562,139.0700
1627568285156000,1,19.30051531,139.0700
1627568285191000,1,0.50000000,139.0700
1627568285332000,1,0.25257907,139.0700
1627568286425000,0,2.30000000,139.1800
1627568299473000,0,7.18890177,139.2400
1627568299473000,0,2.29109823,139.2400
1627568316315000,0,7.18805000,139.1800
1627568316494000,0,0.00000385,139.1800
1627568325628000,0,7.18892000,139.1700
1627568331799000,0,0.00000339,139.1700
1627568331799000,0,13.70999661,139.1700
1627568331843000,0,7.29000339,139.1700
1627568341213000,0,0.85000000,139.1800
1627568341377000,0,6.33833263,139.1800
1627568341539000,0,6.33000000,139.1800
1627568341945000,0,0.85000000,139.1800
1627568342014000,0,0.00833263,139.1800
1627568343501000,0,7.18000000,139.1800
1627568345002000,0,0.00833263,139.1800
1627568345002000,0,1.10166737,139.2100
1627568345619000,0,7.18000000,139.1800
1627568348887000,0,7.18000000,139.2200
1627568348936000,0,0.00635268,139.2200
1627568376849000,1,2.02890881,138.8900
1627568376990000,1,0.02104430,138.8900
1627568402659000,0,7.20000000,138.8800
1627568402738000,0,0.00557991,138.8800
1627568403406000,0,1.46000000,138.9300
1627568422870000,1,0.72000000,138.8600
1627568470405000,0,1.28000000,138.7000
1627568580669000,0,7.20910000,138.7900
1627568660425000,1,0.72000000,138.7700
1627568660503000,1,0.00100000,138.7700
1627568661966000,0,3.20000000,138.7800
1627568762132000,0,7.20000000,138.8100
1627568762228000,0,0.00822970,138.8100
1627568827581000,0,7.06101106,138.8700
1627568827718000,0,0.14410227,138.8700
1627568869031000,0,7.20379164,138.9000
1627568869031000,0,17.79620836,138.9400
1627568970093000,0,7.19960000,138.9900
1627568970150000,0,22.91220000,139.0400
1627569012870000,0,15.51000000,139.2100
1627569015961000,1,0.96984888,139.1100
1627569021216000,0,1.17636000,139.3900
1627569027088000,0,0.00000495,139.3900
1627569027088000,0,0.32573881,139.4300
1627569088550000,0,7.17381632,139.4900
1627569088550000,0,0.00000001,139.4900
1627569088618000,0,35.86131133,139.5600
1627569088618000,0,1.09076619,139.5600
1627569088618000,0,10.00000000,139.5600
1627569088618000,0,8.51579229,139.5700
1627569088618000,0,2.30000000,139.5900
1627569088947000,0,8.51505970,139.5900
1627569088947000,0,1.22824030,139.6000
1627569092630000,0,0.32193000,139.8100
1627569092668000,0,0.00000405,139.8100
1627569092899000,1,21.00000000,139.9200
1627569092899000,1,45.51197741,139.9100
1627569093194000,1,0.35000000,139.9300
1627569093194000,1,3.63400000,139.9200
1627569100329000,1,0.36998504,139.8600
1627569100329000,1,3.61401496,139.8400
1627569106565000,1,3.98400000,139.8700
1627569141884000,1,0.72000000,139.8600
1627569161269000,1,0.71650000,139.6200
1627569247386000,1,0.38917170,139.4200
1627569247386000,1,7.13650000,139.4100
1627569247386000,1,9.30710232,139.4100
1627569280508000,0,0.35838897,139.2900
1627569293922000,0,7.18919000,139.2200
1627569303374000,0,0.00000844,139.2200
1627569492422000,0,43.51479000,139.3900
1627569492489000,0,1.98521000,139.3900
1627569492733000,0,10.72658000,139.4200
1627569495958000,0,1.49030000,139.4800
1627569559818000,1,0.72050000,139.5300
1627569626671000,0,7.16843000,139.5900
1627569635138000,0,0.80237000,139.7200
1627569635294000,0,0.00000303,139.7200
1627569646688000,0,0.18500777,139.8200
1627569646761000,0,7.15645000,139.8300
1627569651194000,0,0.55000000,139.8700
1627569651196000,0,0.00552783,139.8700
1627569654838000,0,0.16824106,139.9200
1627569654838000,0,7.14175894,139.9900
1627569668718000,1,1.08060000,139.8100
1627569685538000,0,7.15000000,139.9200
1627569693999000,0,0.00183691,139.9200
1627569693999000,0,7.15166309,139.9200
1627569706209000,0,7.15275000,139.8900
1627569711797000,1,28.53779000,139.9600
1627569712087000,1,0.00000597,139.9600
1627569726180000,0,1.08070000,139.9000
1627569726208000,0,6.07115762,139.9000
1627569726495000,0,7.15185000,139.9000
1627569732098000,0,0.00000762,139.9000
1627569755246000,0,0.69419855,139.9200
1627569755267000,0,1.83647695,139.9200
1627569755267000,0,1.34322768,139.9200
1627569755267000,0,4.62130092,139.9200
1627569755267000,0,35.76680791,139.9400
1627569755267000,0,53.65412086,139.9700
1627569755267000,0,21.23287696,139.9800
1627569755267000,0,0.37889773,139.9800
1627569755346000,1,7.15092793,139.9800
1627569755370000,1,7.00000000,139.9900
1627569755370000,1,87.39506769,139.9800
1627569755739000,0,8.49520410,140.0300
1627569755739000,0,0.43842409,140.0300
1627569755820000,0,20.79445287,140.0300
1627569788181000,0,5.71128000,140.2200
1627569823619000,1,0.71920000,140.1600
1627569957695000,1,0.71560000,140.0000
1627570048702000,0,21.00000000,140.1400
1627570075590000,1,0.71660000,140.0000
1627570095819000,0,0.74891125,140.0300
1627570137847000,0,69.35000000,140.0300
1627570273742000,0,0.00108875,140.0300
1627570273742000,0,21.00000000,140.0300
1627570274188000,1,8.99891000,140.0400
1627570274235000,1,0.00000125,140.0400
1627570304149000,1,30.00000000,140.1200
1627570334303000,1,16.00000000,140.1300
1627570334354000,1,12.68518000,140.1300
1627570337595000,1,0.00000941,140.1300
1627570352020000,1,0.71730000,140.0700
1627570374635000,0,17.56000000,140.0700
1627570393033000,0,23.73000000,140.0700
1627570393326000,0,28.81000000,140.0700
1627570422705000,1,1.52300000,139.9900
1627570516165000,0,7.14666544,140.0100
1627570516165000,0,35.74099651,140.0300
1627570516165000,0,10.76692373,140.0400
1627570516165000,0,10.00000000,140.0400
1627570516165000,0,15.93217467,140.0600
1627570516165000,0,7.11460000,140.0700
1627570516165000,0,4.37537333,140.0700
1627570516165000,0,10.80989434,140.0800
1627570516165000,0,0.97446582,140.0900
1627570516165000,0,26.60649369,140.1000
1627570584727000,0,7.14000000,140.1400
1627570584727000,0,0.00018916,140.1400
1627570729242000,0,21.00000000,140.2400
1627570729242000,0,70.00000000,140.2500
1627570729242000,0,7.13421872,140.2500
1627570729325000,1,7.13421872,140.2500
1627570729986000,1,17.00000000,140.2500
1627570730137000,1,2.73156000,140.2500
1627570731262000,1,0.00000256,140.2500
1627570744717000,1,2.87987317,140.1500
1627570754549000,0,0.50000000,140.2000
1627570770744000,1,0.71000000,140.1500
1627570770828000,1,0.00660000,140.1500
1627570799951000,0,7.13920000,140.1400
1627570800107000,0,0.00006285,140.1400
1627570800212000,0,24.48340000,140.2100
1627570848196000,1,2.00000000,140.1300
1627570848268000,1,0.00850000,140.1300
1627570849104000,1,3.44006624,140.0400
1627570913588000,1,5.14846020,140.0700
1627570943962000,1,0.71770000,140.0600
1627570947815000,0,6.42545000,140.0600
1627570955174000,0,0.00000975,140.0600
1627570955174000,0,7.14383407,140.0600
1627570955174000,0,2.99898618,140.0600
1627570970843000,0,0.00001382,140.0600
1627571300208000,0,7.13000000,140.2500
1627571300222000,0,0.00373958,140.2500
1627571302321000,0,6.83009392,140.2300
1627571302419000,0,0.30553233,140.2300
1627571302548000,1,7.13562625,140.2300
1627571340042000,0,7.13441000,140.2400
1627571340050000,0,0.00000922,140.2400
1627571345755000,0,7.13240533,140.2800
1627571345755000,0,35.67051114,140.3000
1627571345755000,0,10.61319746,140.3300
1627571345755000,0,10.81146605,140.3600
1627571345755000,0,2.30000000,140.3600
1627571357545000,0,2.13000000,140.3100
1627571358072000,0,5.00000000,140.3100
1627571403122000,0,0.00287025,140.3100
1627571404013000,0,35.65360227,140.3700
1627571404867000,0,2.91000000,140.3900
1627571405915000,0,1.20512629,140.3800
1627571405915000,0,0.00610452,140.3900
1627571407034000,0,0.00009500,140.4000
1627571407034000,0,0.70000000,140.4700
1627571407034000,0,0.50503129,140.5100
1627571465180000,1,0.55959063,140.3900
1627571480062000,1,0.15540937,140.3900
1627571485703000,0,6.97000000,140.3900
1627571526916000,1,3.56200000,140.3200
1627571553903000,0,7.13000000,140.3100
1627571553990000,0,0.00124167,140.3100
1627571567907000,0,7.13049000,140.3200
1627571622118000,1,0.82540000,140.2800
1627571633014000,0,0.45372283,140.3500
1627571660029000,1,0.74700000,140.2300
1627571666577000,1,2.91242758,140.0400
1627571666647000,1,0.80074467,140.0400
1627571693927000,0,7.15143000,139.9400
1627571695095000,1,0.99629747,139.8600
1627571708781000,1,3.82794538,139.7600
1627571709029000,1,1.09640459,139.7600
1627571712771000,0,7.15369946,139.8800
1627571712771000,0,2.30000000,139.8800
1627571752370000,1,0.72160000,139.6100
1627571767388000,0,7.16276000,139.7000
1627571838905000,0,4.22174565,139.8900
1627571848558000,0,0.15679268,139.9300
1627571904072000,0,7.14000000,140.1100
1627571904144000,0,1.10224794,140.1400
1627571913090000,0,1.02638098,140.2100
1627571913095000,0,0.00000001,140.2100
1627571960033000,1,0.72940000,140.1000
1627571968818000,1,0.20000000,139.9700
1627572059061000,0,7.14000000,140.1100
1627572059091000,0,0.00060492,140.1100
1627572081477000,0,7.13699000,140.1800
1627572136352000,1,0.79190000,140.1800
1627572302389000,1,1.01560000,140.1800
1627572384777000,1,0.96280000,140.1900
1627572384777000,1,0.13183458,140.1900
1627572489598000,1,0.79740000,140.2400
1627572505276000,0,1.24447139,140.1800
1627572508358000,0,5.89302000,140.1800
1627572530942000,0,0.00000892,140.1800
1627572530942000,0,7.13429108,140.2300
1627572621206000,0,7.12000000,140.3400
1627572783032000,1,0.81480000,140.1900
1627572809537000,0,6.00000000,140.0000
1627572813832000,1,1.56320000,139.9900
1627572823642000,0,6.74000000,140.0400
1627572886166000,1,2.31610000,140.2400
1627572930148000,1,0.86334631,140.0200
1627573021288000,0,7.14000000,140.1000
1627573021400000,0,0.00269225,140.1000
1627573023371000,0,7.13970476,140.1400
1627573023371000,0,28.57029524,140.1500
1627573069488000,1,0.85930000,139.9500
1627573112070000,0,7.14000000,140.0000
1627573112161000,0,0.00683675,140.0000
1627573136988000,0,7.14683675,140.0000
1627573227905000,1,0.98790000,139.9000
1627573234559000,0,21.00000000,139.9800
1627573339793000,1,0.89000000,139.9200
1627573339852000,1,0.00610000,139.9200
1627573499620000,1,0.91460000,139.7600
1627573954904000,0,7.14000000,140.0700
1627574075557000,1,7.13541737,140.0800
1627574075557000,1,0.93460000,140.0700
1627574244355000,1,2.37000000,140.1400
1627574244357000,1,0.00460000,140.1400
1627574325692000,1,1.01000000,140.1000
1627574325754000,1,0.00750000,140.1000
1627574403186000,0,7.13653000,140.2100
1627574436631000,1,1.02000000,140.1100
1627574436650000,1,0.00360000,140.1100
1627574542047000,0,4.73390000,140.2500
1627574543419000,0,0.83614486,140.3300
1627574543429000,0,0.00000001,140.3300
1627574549948000,0,0.00167091,140.3900
1627574549948000,0,7.12590167,140.4700
1627574572850000,1,1.04000000,140.1000
1627574582821000,0,2.30000000,140.1100
1627574584994000,1,0.00060000,140.1000
1627574588410000,1,1.13470000,139.9400
1627574588496000,1,5.69700000,139.9400
1627574588708000,1,0.00000202,139.9400
1627574590608000,0,2.30000000,139.9500
1627574598959000,0,14.00000000,139.9700
1627574604876000,1,2.64221000,139.7400
1627574605149000,1,0.00000850,139.7400
1627574628916000,0,1.06520000,139.7000
1627574713036000,1,21.00000000,140.0500
1627574713646000,0,21.20508523,140.1400
1627574713646000,0,8.48226477,140.1400
1627574713809000,0,0.00000962,140.1400
1627574787434000,0,1.00000000,140.3000
1627574787540000,0,1.13470000,140.3000
1627574787607000,0,8.46579892,140.3000
1627574838137000,0,7.12525000,140.4200
1627574904650000,0,0.97449779,140.3800
1627574907527000,0,1.02550000,140.3800
1627574932543000,0,0.00000221,140.3800
1627575047828000,0,1.08640000,140.2100
1627575055709000,1,2.83000000,140.1000
1627575191585000,0,7.13258659,140.2700
1627575298491000,1,1.40970000,140.3500
1627575298491000,1,16.48326148,140.3400
1627575589602000,1,21.00000000,140.3200
1627575589602000,1,10.00000000,140.3200
1627575589602000,1,2.00000000,140.3200
1627575592822000,0,7.12272956,140.4600
1627575593354000,0,10.59000000,140.5100
1627575637086000,0,7.11000000,140.5700
1627575644050000,1,40.00000000,140.5500
1627575651971000,0,0.89349000,140.6300
1627575652097000,0,0.00000385,140.6300
1627575688822000,1,21.00000000,140.5000
1627575749121000,1,7.07760000,140.3900
1627575749121000,1,21.00000000,140.3900
1627575749121000,1,41.96232571,140.3700
1627575759120000,1,1.00000000,140.5100
1627575759177000,1,0.19140000,140.5100
1627575810923000,0,0.66490095,140.6300
1627575905395000,1,3.55850000,140.5000
1627575925112000,1,127.88538461,140.3500
1627575962576000,1,1.33940000,140.3700
1627575978453000,1,2.27147926,140.1000
1627576261149000,1,1.30819999,140.2600
1627576326152000,1,1.69490000,140.2200
1627576359633000,0,7.13748349,140.1700
1627576359711000,0,7.13000000,140.1700
1627576443950000,1,0.30000000,140.1700
1627576471902000,0,6.83000000,140.1700
1627576473394000,0,0.00707810,140.1700
1627576473394000,0,7.13292190,140.1700
1627576544479000,0,21.00000000,140.2000
1627576575275000,1,1.36940000,140.1300
1627576597471000,0,7.14528285,140.0200
1627576597499000,0,0.93750000,140.0400
1627576597534000,0,2.30000000,140.0500
1627576597534000,0,0.92010000,140.1000
1627576597543000,0,1.18230000,140.1000
1627576597791000,0,1.07300000,140.1400
1627576597794000,0,2.67560000,140.1400
1627576666796000,0,21.00000000,140.3400
1627576666796000,0,3.15000000,140.3600
1627576666928000,0,17.85000000,140.3600
1627576666928000,0,3.15527217,140.3600
1627576803413000,1,1.40120000,140.3100
1627576803865000,1,1.00000000,140.3000
1627577235658000,1,1.43000000,140.0400
1627577285724000,1,1.02900000,139.9600
1627577400463000,1,4.60000000,139.8400
1627577400616000,0,8.62000000,139.8400
1627577412237000,1,0.50000000,139.7800
1627577412768000,0,0.00038600,139.8400
1627577412768000,0,0.45961400,139.8900
1627577412873000,0,6.69248510,139.8900
1627577415476000,0,7.14000000,139.9300
1627577422094000,0,1.42410000,139.9300
1627577528763000,0,5.00000000,140.0000
1627577617349000,0,7.13975000,140.1400
1627577618201000,0,0.59462000,140.2100
1627577618340000,0,0.00000554,140.2100
1627577689953000,1,1.50310000,140.1600
1627577690023000,1,6.64790000,140.1400
1627577750039000,1,7.13441674,140.1000
1627577795464000,0,16.29214233,140.3000
1627577795464000,0,6.66278669,140.3000
1627577822265000,0,0.46000000,140.3000
1627577830083000,1,1.53130000,140.1700
1627577942483000,0,7.12197000,140.4900
1627578003431000,1,1.56000000,140.6300
1627578003572000,1,0.00400000,140.6300
1627578159599000,1,1.00000000,140.5800
1627578159599000,1,6.60317326,140.5700
1627578209292000,1,1.59370000,140.5800
1627578336439000,1,1.62870000,140.3400
1627578340393000,0,7.12000000,140.3400
1627578340438000,0,0.00843235,140.3400
1627578442894000,0,7.13000000,140.3100
1627578442972000,0,0.00057389,140.3100
1627578527072000,0,7.12644995,140.3800
1627578527072000,0,35.64239877,140.3900
1627578527196000,0,7.12644995,140.3800
1627578615850000,0,12.35000000,140.4400
1627578623932000,0,0.41854312,140.5000
1627579018433000,0,1.66290000,140.7600
1627579094744000,1,3.55250000,140.6300
1627579176858000,0,7.11362791,140.6500
1627579176858000,0,21.00000000,140.6500
1627579206878000,0,0.14140552,140.7300
1627579259491000,1,1.76530000,140.5900
1627579643960000,1,0.43516101,140.7700
1627579666628000,0,7.10170000,140.9000
1627579666638000,0,0.00007921,140.9000
1627579666667000,0,8.43700328,140.9300
1627579666667000,0,4.49719672,140.9300
1627579666757000,0,0.93750000,140.9300
1627579666796000,0,0.57408747,140.9800
1627579667353000,0,8.43137510,140.9900
1627579667432000,0,1.25000000,141.0000
1627579667432000,0,3.00000000,141.0000
1627579667432000,0,2.70000000,141.0000
1627579667432000,0,0.15177921,141.0000
1627579667462000,0,4.94822079,141.0000
1627579667462000,0,2.80000000,141.0000
1627579667462000,0,1.81660921,141.0000
1627579667467000,0,1.69167135,141.0000
1627579667483000,0,0.99171944,141.0000
1627579667483000,0,2.65000000,141.0000
1627579667483000,0,5.40000000,141.0000
1627579667483000,0,1.60000000,141.0000
1627579667483000,0,0.06675069,141.0000
1627579667485000,0,1.28324931,141.0000
1627579667485000,0,6.50000000,141.0000
1627579667485000,0,0.19866721,141.0000
1627579667485000,0,3.50217134,141.0000
1627579667503000,0,1.79916145,141.0000
1627579887115000,1,1.11200000,141.0300
1627579887119000,1,0.68670000,141.0300
1627579887760000,1,4.60000000,140.9500
1627579888108000,1,37.00000000,140.9200
1627580007420000,0,7.10523000,140.8000
1627580039337000,1,4.00000000,140.7200
1627580043208000,0,0.00000101,140.8000
1627580043208000,0,20.99999899,140.8000
1627580043246000,0,0.00000101,140.8000
1627580197789000,0,3.54850000,140.6000
1627580265011000,0,7.11000000,140.6400
1627580265081000,0,0.00398804,140.6400
1627580280569000,0,21.00000000,140.6300
1627580280583000,0,7.11388035,140.6400
1627580280583000,0,2.30000000,140.6500
1627580280749000,0,7.11388035,140.6400
1627580280749000,0,2.30000000,140.6500
1627580280749000,0,20.99611000,140.6500
1627580310742000,0,7.11000000,140.6800
1627580310817000,0,0.00172591,140.6800
1627580321793000,0,7.10000000,140.7200
1627580644442000,0,1.90000000,140.9000
1627580835979000,0,7.08000000,141.1900
1627580836001000,0,0.00654605,141.1900
1627580939366000,1,3.55650000,141.0000
1627581005276000,0,1.11200000,141.0100
1627581064940000,0,7.08000000,141.1700
1627581087745000,0,7.08000000,141.2300
1627581087885000,0,0.00416439,141.2300
1627581165564000,0,7.08000000,141.2500
1627581367590000,1,3.54650000,141.1700
1627581391706000,1,16.24988521,141.0000
1627581394050000,0,2.30000000,141.0600
1627581394050000,0,16.77000000,141.0700
1627581474931000,0,2.30000000,141.0600
1627581484389000,1,7.01000000,140.9600
1627581484399000,1,0.00950000,140.9600
1627581500364000,1,1.49029431,140.8200
1627581537479000,0,1.89982973,140.9600
1627581580346000,1,2.00000000,140.8300
1627581587754000,0,7.09745479,140.9700
1627581601556000,1,35.11051202,141.0000
1627581603613000,1,7.09513468,141.0000
1627581605267000,1,7.09513468,141.0000
1627581607263000,1,7.09513468,141.0000
1627581614120000,1,19.00000000,141.0000
1627581614182000,1,29.00000000,141.0000
1627581614193000,1,36.91375167,141.0000
1627581639430000,1,2.18850000,140.8200
1627581715122000,0,7.09803000,140.9600
1627581715233000,0,0.00000695,140.9600
1627581744032000,0,7.09186686,141.1000
1627581752539000,1,18.82000000,141.1300
1627581752568000,1,0.00103128,141.1300
1627581772032000,0,1.24179950,141.1500
1627581781558000,1,29.85134711,141.1400
1627581781848000,1,40.02980000,141.1400
1627581781917000,1,24.51229000,141.1400
1627581781961000,1,0.00000623,141.1400
1627581783564000,1,4.95870000,141.1400
1627581783567000,1,26.20768994,141.1400
1627581811521000,0,2.23530000,141.0100
1627581882357000,1,68.26756728,141.1600
1627581898214000,0,0.32569490,141.1700
1627581933863000,0,6.76000000,141.1700
1627581933884000,0,0.00234948,141.1700
1627582049858000,1,2.28000000,141.2400
1627582590772000,0,7.10805000,140.7600
1627582636801000,0,7.10000000,140.7800
1627582636853000,0,0.00720940,140.7800
1627582918348000,0,90.00000000,140.5000
1627583195112000,1,15.42012391,140.5200
1627583227447000,1,7.11000000,140.4800
1627583327280000,1,7.11000000,140.5600
1627583331569000,1,0.00112880,140.5600
1627583331569000,1,7.10887120,140.5200
1627583331586000,1,0.00429867,140.5200
1627583350495000,1,2.30000000,140.5300
1627583350495000,1,3.06782127,140.5300
1627583350497000,1,3.77586233,140.5300
1627583350499000,1,20.74618146,140.5300
1627583350759000,1,2.69039868,140.4700
1627583350777000,1,2.53578695,140.4600
1627583351160000,1,190.56000000,140.4100
1627583351551000,1,20.40600000,140.3100
1627583351738000,0,9.50000000,140.2900
1627583353145000,0,2.30000000,140.2500
1627583361411000,1,21.00000000,140.1200
1627583428674000,0,5.10501176,140.2700
1627583434899000,0,2.02000000,140.2700
1627583463397000,0,7.12000000,140.3300
1627583463441000,0,0.00896986,140.3300
1627583463698000,0,1.35000000,140.3600
1627583500870000,1,7.12000000,140.2900
1627583512181000,1,0.00420793,140.2900
1627583512181000,1,7.11579207,140.2800
1627583518785000,1,15.49134265,140.1200
1627583518785000,1,55.79789931,140.1100
1627583547998000,1,7.13223741,140.1300
1627583548088000,1,35.65538099,140.1100
1627583548088000,1,4.60000000,140.0900
1627583548088000,1,20.23000000,140.0900
1627583559689000,1,2.30000000,140.1600
1627583655324000,0,1.00000000,140.1500
1627583656438000,0,39.00000000,140.1500
1627583664265000,0,4.27382310,140.2000
1627583738521000,1,1.00000000,140.0800
1627583827349000,0,7.14036905,140.1100
1627583827488000,0,7.14036905,140.1100
1627583988718000,1,5.79258030,140.1000
1627584014073000,1,0.30000000,140.1000
1627584014073000,1,7.13000000,140.0600
1627584147939000,0,6.52244664,140.1100
1627584208095000,1,7.14026116,139.9800
1627584208095000,1,22.85973884,139.9700
1627584229054000,0,16.03833368,140.1100
1627584229054000,0,20.25923333,140.1100
1627584423271000,1,7.14000000,139.9400
1627584436138000,0,7.14444564,140.0300
1627584613661000,1,0.00206252,139.9400
1627584613661000,1,7.13793748,139.9200
1627584613745000,1,0.00499520,139.9200
1627584739829000,0,7.14000000,140.0200
1627584871768000,1,7.14010000,139.9800
1627584913031000,1,0.00000843,139.9800
1627584913031000,1,7.13999157,139.9400
1627584916336000,1,0.00209994,139.9400
1627584916336000,1,4.59790006,139.9300
1627584916358000,1,0.00209994,139.9300
1627585060206000,0,0.00569564,140.0200
1627585060206000,0,20.99430436,140.0200
1627585201353000,0,35.23780000,139.8900
1627585201460000,0,0.00000113,139.8900
1627585201515000,0,7.14480012,139.8900
1627585201617000,0,92.93496000,139.8900
1627585203277000,0,0.00000373,139.8900
1627585210736000,0,8.89875163,140.0000
1627585288702000,1,4.60000000,139.8200
1627585383340000,0,31.25879000,139.7200
1627585384151000,0,0.00000514,139.7200
1627585384151000,0,7.14769486,139.7200
1627585384159000,0,62.18700000,139.7200
1627585384504000,0,8.30943720,139.7200
1627585397655000,0,1.33233211,139.8300
1627585424670000,0,5.82254212,139.8300
1627585441447000,0,33.85713000,139.7800
1627585441839000,0,0.00000974,139.7800
1627585441839000,0,36.68999026,139.7800
1627585441859000,0,0.00812827,139.7800
1627585471997000,0,39.50000000,139.7600
1627585472045000,0,0.00804402,139.7600
1627585561712000,0,21.00000000,139.8500
1627585561773000,0,7.15351339,139.8600
1627585562054000,0,7.15000000,139.8600
1627585562720000,0,0.00351339,139.8600
1627585562720000,0,1.83648661,139.8600
1627585596176000,0,7.15000000,139.7800
1627585596181000,0,0.00707888,139.7800
1627585602344000,0,7.15707888,139.7800
1627585640478000,1,2.35540756,139.6500
1627585640478000,1,5.88868744,139.6400
1627585640478000,1,1.75590500,139.6300
1627585641361000,0,7.15753611,139.7800
1627585753372000,1,7.15140000,139.6700
1627585753372000,1,7.64459000,139.6500
1627585753372000,1,5.20401000,139.6500
1627585944234000,1,2.30000000,139.9600
1627585968165000,1,11.94000000,140.0000
1627585982822000,0,7.13959792,140.1400
1627585983001000,0,7.13000000,140.1400
1627585985593000,1,21.00000000,140.0800
1627585986230000,1,2.30000000,140.0700
1627586280624000,0,7.13389712,140.2500
1627586280624000,0,20.99610288,140.2500
1627586280768000,0,7.13389712,140.2500
1627586291065000,0,7.13000000,140.2500
1627586339942000,0,21.00000000,140.1700
1627586376284000,0,7.14132609,140.1000
1627586485710000,0,7.14825250,139.9700
1627586485931000,0,7.14000000,139.9700
1627586555470000,0,7.00173478,140.0400
1627586638141000,1,7.14000000,139.9100
1627586704673000,0,7.14000000,140.0300
1627586705649000,1,7.12500000,139.9600
1627586875384000,0,7.15041853,139.9200
1627586939965000,0,7.15386728,139.8700
1627587080469000,0,9.57740282,140.0400
1627587080469000,0,7.14259718,140.0400
1627587080475000,0,0.00227621,140.0400
1627587110899000,0,7.14000000,140.0600
1627587110931000,0,0.00421093,140.0600
1627587113445000,0,7.14000000,140.0600
1627587113495000,0,0.00421093,140.0600
1627587170462000,0,7.14543435,140.0300
1627587170462000,0,20.99456565,140.0300
1627587170466000,0,0.00543435,140.0300
1627587180130000,0,7.00252566,140.0300
1627587188967000,0,2.34000000,140.0800
1627587236866000,0,7.14000000,139.9500
1627587237085000,0,7.14668530,139.9900
1627587237085000,0,18.09300000,140.0200
1627587237085000,0,35.73339903,140.0300
1627587238897000,0,7.14000000,140.0400
1627587286436000,0,0.00482958,140.0400
1627587286436000,0,2.99517042,140.0400
1627587287045000,0,0.00482958,140.0400
1627587296725000,1,0.71846402,140.0100
