timestamp ms,type,amount,price
1622332840640000,1,2.68228707,163.6800
1622333071686000,1,1.73339723,161.2100
1622333071686000,1,1.66616642,161.2100
1622333102278000,0,0.37875000,161.2800
1622333102918000,0,0.37875000,161.3300
1622333203537000,1,8.00000000,162.2900
1622333203696000,1,12.00000000,162.2900
1622333206929000,1,22.35880000,162.2600
1622333253592000,1,16.00000000,162.3200
1622333352799000,1,0.45805000,162.8700
1622333352978000,1,0.00000773,162.8700
1622333382921000,0,15.45805000,163.0000
1622333383019000,0,20.00000000,163.0000
1622333389840000,0,13.05700000,163.0000
1622333389872000,0,0.00000478,163.0000
1622333390585000,0,1.21582730,163.2500
1622333424853000,1,0.37875000,162.9600
1622333424853000,1,0.92219813,162.9200
1622333424853000,1,2.30549532,162.9200
1622333424853000,1,0.38625000,162.9100
1622333424853000,1,2.13515157,162.8800
1622333474595000,1,0.82406000,162.0500
1622333512150000,1,1.00000000,161.6300
1622333532878000,1,2.06499000,161.6600
1622333549278000,0,7.51296908,161.8300
1622333608560000,0,0.93842059,161.5800
1622333623899000,1,4.31550000,160.9800
1622333714373000,1,1.60000000,161.2500
1622333797970000,1,6.19000000,161.3100
1622333814067000,0,8.62400000,161.3000
1622333814081000,0,0.17600000,161.3000
1622333837077000,1,6.19889000,161.1700
1622333840280000,0,13.11871000,161.3300
1622333845989000,1,0.00000597,161.1700
1622333866975000,1,1.78270202,160.0100
1622333868744000,1,0.60000000,160.0000
1622333943093000,0,0.36000000,159.3200
1622333954305000,1,0.65021147,159.0600
1622333954305000,1,4.34978853,159.0000
1622333955234000,1,0.65021147,159.0000
1622333957947000,1,0.60029677,158.6900
1622334002516000,0,8.80000000,159.1400
1622334005059000,0,8.80000000,159.2400
1622334052444000,0,0.33896256,159.4000
1622334059473000,1,8.80000000,159.2000
1622334059473000,1,12.55660000,159.2000
1622334060189000,1,0.91257000,159.1000
1622334107954000,1,0.94335000,159.1700
1622334108056000,1,0.00000428,159.1700
1622334108154000,1,0.94310000,159.1500
1622334117822000,1,0.93477000,159.0000
1622334118380000,1,0.96990000,159.0100
1622334119070000,0,8.80000000,159.1500
1622334130889000,1,0.94018461,159.1600
1622334143504000,0,50.26056456,159.5600
1622334153014000,1,0.94378000,159.3000
1622334157086000,1,0.93916000,159.3200
1622334158960000,1,12.52060000,159.1400
1622334179553000,1,0.91948000,159.0300
1622334193866000,1,0.88586000,158.5800
1622334194015000,1,0.00000473,158.5800
1622334194015000,1,2.21518527,158.5500
1622334200515000,1,1.00000000,157.9200
1622334201703000,0,0.28353601,158.1400
1622334210939000,0,1.00251000,158.1000
1622334211953000,1,0.60000000,157.8900
1622334213212000,1,0.00333275,157.8900
1622334213212000,1,0.85029615,157.7400
1622334213212000,1,0.84677110,157.7400
1622334213691000,1,2.50000000,157.5100
1622334223836000,1,0.83209000,157.4700
1622334223920000,1,0.00000516,157.4700
1622334223920000,1,2.08131484,157.4600
1622334239316000,0,1.56700000,157.9500
1622334291112000,1,0.74661000,158.3400
1622334293672000,1,8.80000000,158.2900
1622334295108000,1,12.62520000,158.2500
1622334334898000,1,8.80000000,158.4000
1622334356906000,0,7.67150000,158.4600
1622334384920000,1,8.80000000,158.6000
1622334390190000,1,0.78397907,158.7100
1622334413838000,1,0.64889000,158.3900
1622334429403000,0,7.66560000,158.5100
1622334429433000,0,0.00009772,158.5100
1622334433413000,1,0.66899237,158.5200
1622334441938000,1,12.62470000,158.2500
1622334482945000,0,8.80000000,157.9500
1622334490017000,0,30.00000000,158.0100
1622334490017000,0,179.68900000,158.0200
1622334490017000,0,7.68842735,158.0400
1622334490017000,0,17.06158635,158.0400
1622334509012000,0,19.18041398,158.4500
1622334509012000,0,7.66958602,158.4500
1622334648358000,1,6.29490000,158.7100
1622334667807000,1,8.80000000,158.8500
1622334784201000,1,8.80000000,158.4000
1622334784273000,1,6.30877594,158.3900
1622334813058000,1,13.00000000,157.5300
1622334826162000,0,24.61030000,157.5500
1622334877071000,0,0.36375000,158.2600
1622334877071000,0,1.60000000,158.2700
1622334877071000,0,13.79166724,158.3000
1622334940243000,1,0.60000000,157.1100
1622334940260000,1,0.00632898,157.1100
1622334941304000,1,0.50000000,157.0000
1622334941304000,1,1.00000000,157.0000
1622334941408000,1,6.36840416,156.6800
1622334941408000,1,0.12768877,156.6700
1622334941408000,1,24.23717844,156.6600
1622334941440000,1,24.63911280,156.6600
1622334941440000,1,11.44274562,156.6400
1622334959043000,1,0.12790996,156.3600
1622334959043000,1,0.36749999,156.2100
1622334959747000,1,10.00000000,156.1000
1622334975810000,1,8.80000000,156.4900
1622334975810000,1,3.19388011,156.4800
1622334975810000,1,8.00611989,156.4700
1622334978502000,1,3.19370000,156.5600
1622334978774000,1,0.00009858,156.5600
1622334985468000,0,0.78600000,156.7400
1622334985547000,0,0.37125000,156.7000
1622334985547000,0,0.41675000,156.7400
1622334996153000,1,1.21504752,156.3700
1622335020079000,0,0.79000000,156.3900
1622335044938000,0,8.80000000,155.7700
1622335044938000,0,19.99800000,155.8800
1622335044938000,0,6.42572871,155.9200
1622335044938000,0,0.38625000,155.9200
1622335044938000,0,32.14107608,155.9400
1622335044938000,0,7.80700591,155.9500
1622335044938000,0,15.77905688,155.9800
1622335045526000,1,0.36000000,155.6000
1622335045526000,1,0.64000000,155.5400
1622335055303000,0,0.79300000,155.5600
1622335082209000,0,24.78050000,156.5100
1622335089366000,0,7.71766000,157.4200
1622335089977000,0,0.35250000,157.8000
1622335089977000,0,0.44150000,157.8500
1622335091428000,1,0.38625000,157.2600
1622335102176000,1,0.60939000,156.3200
1622335107046000,1,0.00000435,156.3200
1622335134490000,1,5.36569000,156.5500
1622335139769000,1,12.75650000,156.2700
1622335139769000,1,0.85394000,156.2700
1622335140179000,1,12.76000000,156.2700
1622335160033000,1,0.85489000,156.8400
1622335162731000,0,0.78800000,156.9800
1622335199839000,0,0.79000000,156.9300
1622335214059000,0,17.10937138,157.2000
1622335231059000,0,0.78700000,157.4400
1622335233328000,0,0.79000000,157.4300
1622335246576000,1,12.72910000,156.8700
1622335247547000,1,1.75646956,156.7200
1622335261705000,1,0.66931000,157.0200
1622335292967000,1,0.74225333,157.0400
1622335307989000,1,0.75534000,156.8000
1622335311638000,1,15.42966947,156.3900
1622335332838000,0,0.99084175,157.0700
1622335351893000,0,0.79000000,157.0600
1622335356668000,0,0.36375000,157.2800
1622335356668000,0,0.42425000,157.3300
1622335389694000,0,8.80000000,156.9000
1622335389805000,0,102.57972136,156.9300
1622335389863000,0,6.37989986,156.9300
1622335403668000,1,4.73558000,156.6700
1622335410075000,0,7.74000000,156.8800
1622335464341000,0,0.98000000,157.0000
1622335474542000,1,0.65573627,156.7800
1622335474542000,1,1.64081373,156.7800
1622335475446000,0,3.00000000,156.9700
1622335551665000,1,0.71417000,157.2800
1622335571045000,1,0.68575187,157.2100
1622335571045000,1,1.71409656,157.2100
1622335578920000,1,0.65000000,157.0700
1622335578944000,1,0.00648761,157.0700
1622335612075000,1,0.74490042,157.2300
1622335615569000,0,0.78800000,157.3900
1622335632016000,1,6.35500000,157.2400
1622335647068000,1,6.36233000,157.1000
1622335647195000,1,0.00000664,157.1000
1622335691027000,0,0.78900000,157.2000
1622335694324000,1,0.68000000,156.9000
1622335694349000,1,0.00345879,156.9000
1622335708110000,1,0.66000000,156.4400
1622335708152000,1,0.00822840,156.4400
1622335736850000,0,0.79100000,157.1100
1622335852051000,1,8.79999999,158.0700
1622335862303000,1,0.84359218,158.0800
1622335875484000,1,5.12484406,157.9100
1622335876872000,1,7.49705000,157.9100
1622335876998000,1,0.00000594,157.9100
1622335876998000,1,158.38764406,157.9000
1622335877089000,1,13.38835000,157.9000
1622335890649000,1,0.79092796,157.9200
1622335890649000,1,2.43649541,157.9100
1622335890670000,1,3.89154047,157.9100
1622335895115000,1,0.00000594,157.9000
1622335971426000,1,0.67239451,157.7600
1622336095479000,1,0.68976000,158.0700
1622336095487000,1,0.00000339,158.0700
1622336095487000,1,6.32279661,158.0600
1622336099714000,1,6.33043000,157.8800
1622336126631000,0,0.28096600,158.2300
1622336136930000,1,0.56476000,158.0100
1622336181211000,0,8.62400000,158.3800
1622336187512000,1,6.31354000,158.2700
1622336190257000,1,0.73553711,158.2000
1622336216821000,1,0.41076000,158.5600
1622336217007000,1,0.00000382,158.5600
1622336225537000,1,0.39000000,158.6700
1622336240894000,1,0.97817000,158.6000
1622336244996000,1,0.38000000,158.6000
1622336245073000,1,0.00667648,158.6000
1622336250543000,0,8.62400000,158.6300
1622336263525000,0,8.80000000,158.4800
1622336278252000,0,8.80000000,158.5200
1622336306027000,1,6.30000000,158.6200
1622336306286000,1,0.00040419,158.6200
1622336311110000,1,6.30117000,158.6300
1622336315209000,1,6.30330000,158.5700
1622336333710000,1,8.80000000,158.5900
1622336344014000,1,14.16652000,158.4800
1622336376610000,1,8.80000000,158.6500
1622336411934000,0,0.30509500,159.3200
1622336429622000,0,1.51820000,159.4200
1622336429622000,0,6.11152483,159.4400
1622336429643000,0,1.51820001,159.4400
1622336429643000,0,19.07412495,159.4400
1622336429643000,0,9.64885649,159.4600
1622336429780000,0,7.62862986,159.4400
1622336430265000,0,49.56767878,159.5500
1622336434940000,1,8.80000000,159.6300
1622336484109000,1,1.13000000,159.3100
1622336550388000,1,1.17960000,160.0800
1622336565621000,0,7.59933000,159.9500
1622336603370000,1,2.84882099,159.9500
1622336603370000,1,7.40610153,159.9200
1622336603370000,1,6.24843624,159.9100
1622336603370000,1,12.48550000,159.9000
1622336603370000,1,0.38625000,159.8600
1622336603370000,1,1.50000000,159.8400
1622336603370000,1,0.36000000,159.8200
1622336603370000,1,7.84359539,159.8000
1622336603402000,1,0.95640461,159.8000
1622336603402000,1,9.44878933,159.7900
1622336603402000,1,31.25956362,159.7700
1622336603405000,1,47.00000000,159.7000
1622336603405000,1,9.42720390,159.6700
1622336603405000,1,7.27121593,159.6600
1622336603652000,1,2.84882099,159.9100
1622336603652000,1,7.40610153,159.8700
1622336603652000,1,0.37875000,159.7500
1622336603652000,1,0.36375000,159.6800
1622336603652000,1,0.86957748,159.6400
1622336616038000,1,0.37125000,159.7000
1622336616038000,1,0.66715000,159.6800
1622336616063000,0,8.80000000,159.9300
1622336649340000,1,1.03740503,159.8600
1622336649340000,1,2.59362497,159.8600
1622336649341000,1,0.00000625,159.8600
1622336649399000,1,12.48130000,159.8500
1622336668609000,1,1.54466942,160.1100
1622336668609000,1,1.49200317,160.1000
1622336668609000,1,1.49196592,160.0800
1622336668744000,1,12.47520000,160.0700
1622336672184000,0,19.00000000,159.9200
1622336672254000,0,0.00639768,159.9200
1622336672537000,0,9.61583474,159.9700
1622336710456000,0,4.07100887,159.9800
1622336752147000,1,48.95000000,159.4100
1622336753141000,1,15.94370000,159.3700
1622336753142000,1,0.00006697,159.3700
1622336823299000,1,1.34210000,159.1600
1622336823377000,1,0.00008546,159.1600
1622336823377000,1,1.34218546,159.1500
1622336823588000,1,12.55890000,159.1200
1622336842741000,1,12.54390000,158.8600
1622336883225000,0,6.30000000,158.7600
1622336884865000,1,8.05306000,158.5100
1622336884925000,1,4.52594000,158.5100
1622336884925000,1,1.27674512,158.5100
1622336885269000,1,1.27700247,158.4500
1622336930445000,1,12.62230000,158.1200
1622336940180000,0,8.80000000,158.1000
1622336941676000,0,6.33021300,158.1100
1622336944802000,0,8.80000000,158.1900
1622336961905000,0,6.20393088,158.0300
1622336961927000,0,0.12661083,158.0300
1622336964272000,0,6.32000000,158.1100
1622336964910000,0,17.86154864,158.2500
1622336980448000,1,1.20761000,157.9800
1622336980538000,1,0.00000768,157.9800
1622336980538000,1,3.29118232,157.9600
1622336985974000,0,6.33048000,158.0500
1622336987248000,1,1.29456510,157.9200
1622336987248000,1,8.80000000,157.9100
1622336987248000,1,0.38250000,157.9100
1622336987248000,1,12.61850000,157.9000
1622336987248000,1,9.47773483,157.8700
1622336987248000,1,16.15091599,157.8700
1622336987259000,1,15.48007637,157.8700
1622336987259000,1,3.23641276,157.8500
1622336987259000,1,8.41346515,157.8500
1622336987259000,1,9.36549670,157.8400
1622336987259000,1,18.38600000,157.8300
1622336987259000,1,0.16221425,157.8200
1622336987259000,1,14.57967003,157.8200
1622336987759000,0,0.37000000,157.8600
1622336987776000,1,3.23518399,157.7700
1622336987776000,1,1.29407360,157.7700
1622336987813000,0,0.37000000,157.7700
1622336987840000,0,0.37000000,157.8500
1622336987944000,1,5.10000000,157.7300
1622336987944000,1,8.41183155,157.7100
1622336989962000,0,6.71855913,157.5100
1622337007704000,0,8.80000000,157.9700
1622337009895000,0,2.97000000,158.1100
1622337047016000,0,0.00502891,158.1100
1622337047016000,0,1.98123509,158.1500
1622337062653000,0,6.32983000,158.1000
1622337087950000,0,6.19161074,158.4300
1622337093354000,0,12.60030000,158.6200
1622337093547000,0,7.52220000,158.6400
1622337111441000,1,33.76181000,158.4900
1622337112668000,1,16.40000000,158.4000
1622337165269000,1,23.60000000,157.3900
1622337165270000,1,27.80896634,157.3900
1622337238109000,1,3.80000000,157.6400
1622337311442000,0,36.00000000,158.1900
1622337311513000,0,5.48486733,158.1900
1622337311544000,0,8.47253215,158.1900
1622337332014000,1,0.55300000,158.3900
1622337353318000,0,6.31000000,158.5300
1622337353447000,0,0.00275800,158.5300
1622337368523000,1,12.11838000,158.8500
1622337369403000,1,0.00000334,158.8500
1622337448266000,1,8.19000000,157.6600
1622337448371000,1,45.10538666,157.6600
1622337473325000,1,8.80000000,157.5000
1622337528452000,1,5.85000000,158.0700
1622337528506000,1,1.80390000,158.0700
1622337592033000,1,2.00000000,158.3600
1622337644977000,1,1.80000000,157.7700
1622337645058000,1,0.00024011,157.7700
1622337654201000,0,8.80000000,157.8000
1622337662746000,0,8.80000000,157.9300
1622337691208000,0,16.46000000,157.9700
1622337696996000,0,0.00335191,157.9700
1622337697446000,0,7.68698069,158.0800
1622337730128000,1,5.48859205,158.1300
1622337730828000,1,1.23969773,158.1300
1622337732784000,1,2.33643000,158.1400
1622337732938000,1,0.00000900,158.1400
1622337732938000,1,0.99999100,158.1100
1622337794051000,0,2.21200000,158.2100
1622337803014000,0,0.25700000,158.2800
1622337811040000,0,0.27000000,158.0700
1622337812011000,0,0.41100000,158.0700
1622337813015000,0,3.28800000,158.1800
1622337816063000,0,0.52000000,158.1800
1622337816993000,0,1.38900000,158.1700
1622337819047000,0,1.79800000,158.1000
1622337821049000,0,0.72100000,158.1800
1622337822095000,0,0.42400000,158.2600
1622337825030000,0,0.95700000,158.2500
1622337826017000,0,0.52700000,158.2500
1622337827993000,0,0.49900000,158.3400
1622337828994000,0,1.16200000,158.3400
1622337830023000,0,1.31100000,158.3400
1622337831008000,0,0.76600000,158.3700
1622337914492000,1,138.18000000,157.7300
1622337914581000,1,8.47200000,157.7300
1622337914582000,1,80.72610000,157.7300
1622337914672000,1,136.95140000,157.7300
1622337938029000,1,2.23190282,157.5200
1622337938029000,1,2.23195922,157.5100
1622337938029000,1,9.21613796,157.5100
1622337938041000,1,5.29159853,157.5100
1622337956099000,0,32.87703585,157.6300
1622337967445000,1,1.86191000,157.4000
1622337997737000,1,1.81683000,157.1800
1622338022969000,0,0.78700000,157.1900
1622338046079000,0,0.78900000,157.2300
1622338048508000,0,0.78800000,157.1800
1622338054337000,0,8.80000000,157.0900
1622338079171000,0,0.78800000,156.9400
1622338089482000,1,8.00000000,156.9900
1622338107897000,1,0.38250000,156.9300
1622338107897000,1,0.37875000,156.8900
1622338107897000,1,0.21197576,156.8900
1622338181035000,0,49.08000000,157.6500
1622338229889000,1,1.96000000,157.4500
1622338230168000,1,0.04000000,157.4500
1622338232717000,0,8.80000000,157.5300
1622338252745000,0,8.62400000,157.3500
1622338278293000,0,7.62038451,156.9400
1622338321953000,1,1.58000000,157.5300
1622338347577000,0,6.34000000,157.7500
1622338383326000,0,6.21279028,157.8600
1622338391542000,0,6.33000000,157.9400
1622338426577000,1,9.77201797,157.2300
1622338431116000,1,6.00000000,157.1100
1622338440026000,0,7.72140177,157.3200
1622338443401000,0,6.35984902,157.3900
1622338492897000,0,7.93281000,157.4000
1622338492929000,0,0.00000257,157.4000
1622338500316000,1,1.61020000,157.5500
1622338516128000,1,13.79000000,157.8400
1622338516130000,1,0.00354484,157.8400
1622338638546000,1,2.00000000,157.6600
1622338644908000,1,1.00000000,157.8400
1622338670997000,1,1.72000000,157.5600
1622338813066000,1,8.80000000,157.7800
1622338825973000,1,1.80009538,157.7100
1622338924443000,0,0.78900000,156.4700
1622338965132000,0,0.79000000,157.2600
1622339025539000,0,6.35000000,157.5400
1622339174082000,0,27.33800000,158.1500
1622339174082000,0,8.80000000,158.1500
1622339174082000,0,0.36750000,158.1600
1622339174082000,0,8.80000000,158.1700
1622339174082000,0,30.00000000,158.1700
1622339174082000,0,15.00000000,158.1800
1622339174082000,0,9.58467664,158.1900
1622339174082000,0,21.30200000,158.2100
1622339174082000,0,0.40875000,158.2200
1622339174082000,0,47.47710036,158.2400
1622339174082000,0,9.38436728,158.2400
1622339174082000,0,45.20181824,158.2500
1622339174082000,0,14.81202960,158.2500
1622339174082000,0,7.68034415,158.2600
1622339174082000,0,206.22000000,158.2600
1622339174082000,0,4.55111601,158.2700
1622339185730000,0,6.32686273,158.2200
1622339277932000,0,1.77980545,158.3900
1622339298297000,1,49.96034580,158.3500
1622339394350000,1,1.56000000,158.3600
1622339394373000,1,0.00786305,158.3600
1622339502148000,0,6.29185874,159.0700
1622339529675000,0,7.62615004,159.3600
1622339533125000,1,1.50599473,159.2100
1622339536083000,1,8.80000000,159.0900
1622339574794000,0,2.76959736,159.1500
1622339759562000,0,2.89706851,159.1400
1622339760006000,0,2.00000000,159.2100
1622339873068000,1,4.42544000,159.0700
1622340084967000,0,6.30070383,158.8200
1622340103508000,0,1.77318060,158.7500
1622340113374000,0,6.30660000,158.6900
1622340113375000,0,0.00004867,158.6900
1622340167912000,0,6.30101852,158.8300
1622340365112000,1,9.30105000,159.7600
1622340496459000,0,6.24670000,160.2400
1622340503442000,1,2.74289684,160.1200
1622340541400000,1,15.20429204,159.5100
1622340665972000,1,1.44680000,159.7000
1622340667028000,1,0.00001566,159.7000
1622340667057000,1,3.54471371,159.6700
1622340667073000,1,0.07232544,159.6700
1622340732268000,0,14.00000000,159.5400
1622340748005000,0,11.77000000,159.7000
1622340748035000,0,0.00185240,159.7000
1622340833206000,0,7.61790000,159.4900
1622340843265000,0,29.78000000,159.5500
1622340870140000,1,12.50830000,159.6800
1622340913124000,0,12.50180000,159.7800
1622340986265000,1,1.58580832,160.4500
1622340986265000,1,6.41419168,160.4400
1622341029460000,0,484.32000000,160.4300
1622341058111000,0,22.46969226,160.5600
1622341115046000,0,0.49928371,160.5500
1622341148893000,0,6.22784239,160.6900
1622341203838000,0,21.32900000,161.0800
1622341308875000,0,12.37990000,161.3200
1622341308875000,0,5.29120000,161.3400
1622341308875000,0,9.16558259,161.4300
1622341308875000,0,9.28801485,161.4500
1622341308875000,0,27.78104957,161.4700
1622341339564000,0,28.85600536,161.1100
1622341355327000,1,1.54498676,160.5700
1622341369567000,1,15.60321509,160.6300
1622341402475000,0,6.21726000,160.9100
1622341402555000,0,0.00000184,160.9100
1622341523122000,0,1.15904600,160.8000
1622341523125000,0,5.06299727,160.8000
1622341599298000,1,1.43055649,160.9300
1622341599298000,1,1.42944351,160.9300
1622341643591000,0,7.54610000,161.2100
1622341643640000,0,0.00004226,161.2100
1622341644442000,0,7.54390000,161.3000
1622341644719000,0,0.00009250,161.3000
1622341700092000,1,9.71000000,161.0000
1622341700144000,1,0.00000208,161.0000
1622341700428000,1,1.49464000,160.9500
1622341766870000,1,1.43730000,161.0700
1622341767761000,1,0.00009794,161.0700
1622341812827000,0,8.80000000,161.0200
1622341812827000,0,2.66783008,161.0200
1622341953502000,0,1.53325021,161.6000
1622341972557000,1,8.80000000,161.7400
1622342003865000,1,0.87000000,161.6300
1622342013381000,0,7.50800000,161.9000
1622342015062000,0,0.00000713,161.9000
1622342015062000,0,48.78020287,162.0000
1622342053887000,0,0.00001461,162.0000
1622342113481000,0,0.21764221,161.8300
1622342145909000,1,0.96000000,161.6500
1622342146084000,1,0.00380381,161.6500
1622342170883000,1,0.93914384,161.5900
1622342184102000,0,6.19261430,161.6000
1622342196149000,0,6.07131536,161.5400
1622342196161000,0,0.12390439,161.5400
1622342208213000,0,1.21429840,161.5100
1622342214989000,1,1.00000000,161.4000
1622342217685000,0,5.46738768,161.4200
1622342217720000,0,0.11157934,161.4200
1622342223995000,1,0.89975721,161.2400
1622342237152000,0,5.57742000,161.4800
1622342239277000,0,0.00000634,161.4800
1622342329828000,0,5.58022000,161.4000
1622342533357000,0,5.57000000,161.7100
1622342533509000,0,0.00009686,161.7100
1622342622485000,0,7.89000000,162.0700
1622342647920000,0,5.44742685,162.0500
1622342666874000,0,5.54839265,162.3500
1622342666874000,0,27.74160735,162.3800
1622342736835000,0,4.95185000,161.7100
1622342775125000,0,2.02420000,161.7100
1622342824797000,0,4.93619771,162.2000
1622342824868000,0,18.11500000,162.2500
1622342914638000,0,0.20709647,162.0800
1622342950323000,1,0.88000000,161.8900
1622343070465000,0,12.30520000,162.4600
1622343124022000,0,3.98445268,162.6800
1622343149298000,0,7.47650000,162.6400
1622343149313000,0,0.00009673,162.6400
1622343169112000,0,7.46491434,162.8700
1622343169112000,0,16.11854901,162.8800
1622343169112000,0,18.66269945,162.8800
1622343169112000,0,49.25094277,162.8800
1622343169220000,0,24.58208658,162.8900
1622343169220000,0,19.58000000,162.9000
1622343171528000,1,0.66225482,162.9100
1622343174853000,1,12.57500000,163.0700
1622343176212000,0,0.59512985,163.3500
1622343201302000,1,52.99000000,162.7400
1622343418797000,0,4.92591182,162.5300
1622343426881000,0,8.80000000,162.6400
1622343429373000,0,8.80000000,162.8100
1622343433386000,1,8.80000000,162.8600
1622343603018000,0,23.21000000,163.1500
1622343686054000,1,0.19739467,163.1200
1622343723571000,1,0.67700000,163.4700
1622343724936000,1,33.54900653,163.4000
1622343731558000,1,0.93300000,163.3600
1622343732625000,1,0.27800000,163.3000
1622343738596000,1,1.13200000,163.3000
1622343739564000,1,0.69100000,163.2600
1622343747578000,1,0.47700000,163.4900
1622343750667000,1,0.82800000,163.3300
1622343815433000,1,12.24390000,163.0100
1622343855357000,1,8.80000000,163.2900
1622343858610000,1,8.79999999,163.2400
1622343858702000,1,0.00000001,163.2400
1622343875186000,0,2.06043373,163.1200
1622343881574000,0,8.80000000,163.0600
1622343928977000,1,2.46295870,163.3100
1622343929142000,1,14.70000000,163.3000
1622343943723000,0,6.12391000,163.4400
1622343953029000,0,12.20350000,163.6400
1622344025024000,0,6.12179000,163.4700
1622344037907000,1,8.80000000,163.4500
1622344037907000,1,12.22720000,163.4400
1622344037907000,1,160.92990000,163.4200
1622344037907000,1,2.35432781,163.4100
1622344037907000,1,30.00000000,163.4100
1622344037907000,1,48.51947784,163.4000
1622344037907000,1,68.23372640,163.4000
1622344037907000,1,6.11516055,163.3900
1622344037907000,1,119.74020740,163.3900
1622344058827000,1,12.19549999,163.4700
1622344058936000,1,0.00000001,163.4700
1622344066988000,1,6.17161000,163.4100
1622344067116000,1,2.62839000,163.4100
1622344067116000,1,11.11373225,163.4000
1622344067349000,1,153.09188779,163.4000
1622344067363000,1,6.12647996,163.4000
1622344071806000,0,7.43802000,163.4800
1622344071878000,0,0.00000787,163.4800
1622344072101000,0,18.59000000,163.5200
1622344072169000,0,0.00415724,163.5200
1622344077423000,0,8.80000000,163.5500
1622344167481000,1,3.57000000,163.3800
1622344167904000,1,0.00914065,163.3800
1622344178991000,0,0.38000000,163.6100
1622344179930000,0,0.00250000,163.6100
1622344202050000,0,15.00000000,163.6900
1622344207733000,1,8.79999999,163.6400
1622344224289000,0,1.50000000,163.4600
1622344224344000,0,7.30000000,163.4600
1622344266077000,0,6.12000000,163.3700
1622344267174000,0,0.00540467,163.3700
1622344267174000,0,8.79459533,163.3700
1622344267286000,0,0.00540467,163.3700
1622344269814000,0,6.12288850,163.4400
1622344286080000,0,16.24000000,163.5600
1622344286553000,0,2.34456000,163.5600
1622344289640000,0,0.00000319,163.5600
1622344292309000,0,8.80000000,163.7700
1622344292926000,0,6.11177681,163.7800
1622344292926000,0,8.50176446,163.7800
1622344294341000,0,6.11000000,163.7800
1622344308764000,1,2.08477000,163.3700
1622344332409000,0,1.00000000,163.7100
1622344332443000,0,4.32043785,163.7100
1622344332496000,0,0.78822984,163.7100
1622344332937000,0,30.00133231,163.7100
1622344333615000,0,0.00177681,163.7800
1622344333615000,0,6.09822319,163.9100
1622344340910000,0,10.00000000,163.9600
1622344341017000,0,5.71351880,163.9600
1622344341017000,0,51.32744122,163.9700
1622344346531000,0,8.80000000,163.9900
1622344353431000,0,4.33717800,164.0100
1622344362891000,0,6.10506726,163.9000
1622344383095000,0,1.77000000,163.8600
1622344383177000,0,7.03000000,163.8600
1622344383177000,0,6.10626492,163.8700
1622344383177000,0,8.80000000,163.8900
1622344384145000,0,6.10000000,163.9300
1622344395097000,1,2.38490000,163.7900
1622344399225000,0,6.10575248,163.9000
1622344401933000,1,0.27469174,163.7700
1622344413049000,0,1.44507200,163.8300
1622344420062000,0,10.66000000,163.8400
1622344420137000,0,19.89080406,163.8400
1622344420171000,0,7.42072985,163.8600
1622344436409000,0,0.00382647,163.9300
1622344437149000,0,6.48724811,164.0400
1622344443164000,1,152.60079104,163.9300
1622344444159000,1,557.00000000,163.9300
1622344444668000,1,8.80000000,163.9300
1622344444672000,1,152.60020458,163.9300
1622344445004000,1,8.47200000,163.9300
1622344445232000,1,152.61994651,163.9300
1622344445641000,1,1.00000000,163.9300
1622344445859000,1,152.64739966,163.9300
1622344445897000,1,837.00000000,163.9300
1622344446038000,1,78.64580000,163.9300
1622344447214000,1,235.31000000,163.9300
1622344447838000,1,196.42552825,163.9300
1622344452825000,1,8.80000000,163.9400
1622344452825000,1,11.39377000,163.9300
1622344452917000,1,16.00000000,163.9300
1622344452995000,1,17.00000000,163.9300
1622344453546000,1,112.43978844,163.9300
1622344453641000,1,295.03836457,163.9300
1622344453664000,1,124.99667719,163.9300
1622344477732000,0,48.17597000,164.1100
1622344477791000,0,0.00000384,164.1100
1622344477937000,0,7.40760000,164.1700
1622344478122000,0,0.00001317,164.1700
1622344478122000,0,0.58998683,164.1800
1622344478263000,0,0.00216737,164.1800
1622344510283000,0,0.58000000,165.0000
1622344510333000,0,0.00919343,165.0000
1622344510601000,0,43.72618000,165.0200
1622344510805000,0,0.00000506,165.0200
1622344510815000,0,0.36375000,165.1500
1622344510815000,0,0.37125000,165.1900
1622344510815000,0,0.26440617,165.2000
1622344534949000,1,8.62400000,165.1300
1622344535140000,1,0.17600000,165.1300
1622344548067000,1,0.37125000,164.8000
1622344548067000,1,8.61657500,164.7900
1622344548860000,1,0.18342500,164.7900
1622344549900000,1,0.50000000,164.7000
1622344549900000,1,0.90179200,164.6900
1622344549929000,1,1.40124276,164.6900
1622344549953000,1,1.40124276,164.6900
1622344560353000,1,0.37125000,164.8100
1622344560478000,1,8.42875000,164.8100
1622344560676000,0,0.37000000,164.7900
1622344560699000,0,0.00125000,164.7900
1622344561313000,0,8.63000000,164.9700
1622344561791000,1,6.06331136,164.7400
1622344561791000,1,0.00328864,164.7400
1622344565949000,0,8.80000000,165.0600
1622344568789000,1,3.02996400,164.9100
1622344568879000,1,5.77003600,164.9100
1622344569669000,1,8.80000000,164.8900
1622344574507000,1,12.48361000,164.8400
1622344574617000,1,0.00000848,164.8400
1622344575387000,1,1.87797439,164.7400
1622344576530000,1,0.03832601,164.7400
1622344582951000,1,2.02000000,164.7000
1622344636671000,0,0.36750000,164.8600
1622344636671000,0,8.80000000,164.8700
1622344636671000,0,12.13280000,164.8700
1622344636671000,0,9.20270515,164.8700
1622344636671000,0,6.07239330,164.8800
1622344636671000,0,82.93372640,164.8800
1622344636671000,0,8.80000000,164.8900
1622344636671000,0,7.37528135,164.8900
1622344636671000,0,196.11490000,164.8900
1622344636671000,0,1.60000000,164.8900
1622344636671000,0,0.37500000,164.9000
1622344636671000,0,9.15625757,164.9200
1622344636672000,1,30.00000000,164.9300
1622344636731000,1,30.00000000,164.9300
1622344636747000,1,8.80000000,164.9300
1622344636797000,1,7.40760000,164.9300
1622344636798000,1,31.37234000,164.9300
1622344636804000,1,0.37500000,164.9300
1622344636872000,1,151.89649088,164.9300
1622344636955000,1,375.28048640,164.9300
1622344637050000,1,0.36000000,164.7400
1622344637064000,1,0.01125000,164.7400
1622344698749000,0,8.35917000,164.9000
1622344698935000,0,0.00000267,164.9000
1622344701071000,1,0.85947401,164.7600
1622344701336000,1,8.37400000,164.7600
1622344702560000,1,21.00000000,164.7600
1622344702604000,1,4.57660000,164.7600
1622344704437000,1,6.17008421,164.7600
1622344704675000,1,2.41000000,164.7600
1622344739202000,0,12.10960000,164.8600
1622344753013000,1,39.54356818,164.8100
1622344753231000,1,377.18450000,164.7800
1622344805102000,0,4.23850000,165.2700
1622344805112000,0,0.00000286,165.2700
1622344841270000,0,4.24371412,165.0700
1622344841270000,0,8.80000000,165.0700
1622344841270000,0,3.13916520,165.0700
1622344841270000,0,21.22008642,165.1200
1622344841270000,0,8.80000000,165.1200
1622344841270000,0,12.10300000,165.1300
1622344841270000,0,9.06957732,165.1400
1622344841270000,0,344.66591172,165.1400
1622344853467000,1,23.33000000,164.9300
1622344853501000,1,5.27000000,164.9300
1622344854705000,1,0.64866657,164.9300
1622344854708000,1,0.75133343,164.9300
1622344854710000,1,96.00000000,164.9200
1622344854839000,1,8.80000000,164.9100
1622344855232000,1,8.80000000,164.9300
1622344855873000,1,15.73360323,164.8500
1622344856831000,1,1.72131260,164.8300
1622344856840000,1,0.73722846,164.8300
1622344859592000,0,1.60000000,164.9700
1622344859592000,0,2.03848000,164.9700
1622344862961000,1,6.44350016,164.6500
1622344876428000,0,3.64661000,164.7000
1622344879034000,1,2.45000000,164.6200
1622344967404000,0,8.80000000,164.6500
1622345006088000,0,3.03961959,164.6100
1622345010237000,0,3.03000000,164.6700
1622345023998000,0,9.23420141,164.7300
1622345023998000,0,3.03579859,164.7300
1622345024002000,0,0.00138936,164.7300
1622345030441000,0,0.99900000,164.8100
1622345030753000,0,15.07540512,164.7500
1622345031426000,0,8.80000000,164.6700
1622345036253000,1,4.46580390,164.6600
1622345039502000,0,9.03113241,164.7800
1622345039502000,0,2.30086540,164.7800
1622345039502000,0,1.60000000,164.8000
1622345039502000,0,7.37683850,164.8100
1622345080478000,0,3.03881000,164.6800
1622345094745000,0,3.03911519,164.6300
1622345103496000,0,0.00000978,164.6800
1622345118801000,1,8.80000000,164.7300
1622345120016000,1,1.06208076,164.6300
1622345120044000,1,7.73791924,164.6300
1622345123040000,1,8.28771929,164.5900
1622345123055000,1,0.51228071,164.5900
1622345137287000,1,8.62400000,164.4400
1622345137290000,1,0.17600000,164.4400
1622345138581000,1,4.31819440,164.3900
1622345138827000,1,4.48180000,164.3900
1622345142306000,1,10.94739768,164.3500
1622345145535000,1,24.54720000,164.3800
1622345171656000,1,1.38553665,164.1200
1622345179107000,0,3.04891723,164.1100
1622345203507000,1,2.45570126,164.0100
1622345204276000,0,3.04904000,164.0900
1622345228407000,1,12.95000000,163.7900
1622345255971000,0,2.44632000,163.6500
1622345264866000,0,0.00000542,163.6500
1622345264866000,0,2.44502458,163.7300
1622345269186000,0,2.44368000,163.8200
1622345291493000,0,2.44501228,163.7000
1622345291694000,0,2.44501000,163.7000
1622345292681000,0,7.42359351,163.8100
1622345292681000,0,18.55837649,163.8100
1622345293055000,0,0.00000057,163.8200
1622345299970000,0,2.44467000,163.7300
1622345309207000,0,7.42287000,163.7200
1622345314538000,0,0.00000400,163.7300
1622345314538000,0,2.44466600,163.7300
1622345331684000,1,30.00000000,163.6600
1622345332510000,1,30.00000000,163.6500
1622345336062000,0,0.12151929,163.7600
1622345341354000,0,8.80000000,163.6600
1622345344868000,0,2.44576000,163.6800
1622345356879000,0,1.83441000,163.6500
1622345366227000,0,0.37000000,163.8400
1622345366362000,0,0.00875000,163.8400
1622345385749000,0,8.80000000,163.8000
1622345385749000,0,1.83314779,163.8100
1622345385749000,0,12.20570000,163.8200
1622345385749000,0,7.42034120,163.8400
1622345385749000,0,8.80000000,163.8500
1622345385749000,0,7.41988809,163.8600
1622345385749000,0,30.00000000,163.8600
1622345385749000,0,9.20795703,163.8800
1622345385813000,1,1.00000000,163.8800
1622345385823000,1,130.13773000,163.8800
1622345385861000,1,0.68200000,163.8800
1622345385878000,1,1.83314779,163.8800
1622345385911000,1,57.00000000,163.8800
1622345386023000,1,24.00000000,163.8800
1622345386091000,1,11.17056833,163.8800
1622345390997000,0,1.83319000,163.7900
1622345391195000,0,0.00000105,163.7900
1622345391195000,0,7.42079437,163.8400
1622345391195000,0,18.55215458,163.8400
1622345394010000,1,623.65911387,163.8800
1622345394058000,1,21.71335040,163.8800
1622345398982000,1,26.63558000,163.8800
1622345399059000,1,19.00000000,163.8800
1622345399966000,1,13.00000000,163.8800
1622345400042000,1,11.00000000,163.8800
1622345400124000,1,13.00000000,163.8800
1622345400149000,1,1.83194177,163.8800
1622345400228000,1,14.00000000,163.8800
1622345400336000,1,10.00000000,163.8800
1622345400553000,1,62.00000000,163.8800
1622345400643000,1,16.00000000,163.8800
1622345400730000,1,8.00000000,163.8800
1622345401064000,1,1.79276528,163.8800
1622345401246000,0,8.80000000,163.9200
1622345401670000,0,1.83189000,163.9100
1622345402370000,0,0.00000199,163.9100
1622345402370000,0,9.36810801,163.9400
1622345402481000,0,5.63189000,163.9400
1622345402729000,0,9.15874000,163.9600
1622345405038000,0,0.00000251,164.0900
1622345411950000,0,1.21910000,164.2100
1622345412747000,0,0.00000831,164.2100
1622345412747000,0,1.21909169,164.2100
1622345419972000,0,1.21898919,164.2000
1622345419972000,0,22.78101081,164.2000
1622345421228000,0,1.21898000,164.2000
1622345436070000,0,1.22044000,164.0000
1622345437181000,0,0.00000654,164.0000
1622345437181000,0,6.10222346,164.0500
1622345439528000,0,0.00000923,164.0500
1622345439528000,0,1.21973077,164.0700
1622345446812000,0,0.00001770,164.0700
1622345446812000,0,1.21973230,164.0700
1622345451650000,0,0.00001617,164.0700
1622345451650000,0,1.21972383,164.0700
1622345459413000,0,0.00000653,164.0700
1622345459413000,0,1.21973036,164.0700
1622345469350000,0,1.22007858,164.0300
1622345469350000,0,8.79999142,164.0300
1622345469550000,0,1.22007000,164.0300
1622345470139000,0,0.00000858,164.0300
1622345470139000,0,9.15273142,164.0900
1622345473264000,0,1.21962000,164.0900
1622345478209000,0,0.00000143,164.0900
1622345478209000,0,0.60977857,164.1000
1622345478312000,0,0.00000231,164.1000
1622345478312000,0,11.12827769,164.1300
1622345478381000,0,10.12687000,164.1300
1622345490641000,0,0.61059060,163.9400
1622345490641000,0,8.79999940,163.9400
1622345495886000,0,0.61059000,163.9400
1622345498201000,1,28.00000000,163.8800
1622345498326000,1,14.00000000,163.8800
1622345498424000,1,26.14805000,163.8800
1622345498520000,1,13.00000000,163.8800
1622345498607000,1,11.00000000,163.8800
1622345498702000,1,0.76825000,163.8800
1622345498702000,1,0.00000896,163.8800
1622345500836000,0,0.61081000,163.8600
1622345502755000,0,0.00000920,163.8600
1622345502755000,0,0.61080080,163.8600
1622345516732000,0,0.61161000,163.6600
1622345517285000,0,7.42633000,163.6500
1622345518678000,0,0.00000255,163.6600
1622345518678000,0,0.61161255,163.6600
1622345518678000,0,2.44688490,163.6900
1622345523291000,0,0.61150000,163.6700
1622345525754000,0,0.00000445,163.6700
1622345525754000,0,0.61149555,163.6700
1622345525847000,0,0.00000890,163.6700
1622345525847000,0,7.42314110,163.7500
1622345530027000,0,0.61121000,163.7400
1622345530353000,0,0.00000632,163.7400
1622345530353000,0,3.05627368,163.7900
1622345531841000,0,0.61121000,163.7400
1622345531942000,0,0.00000632,163.7400
1622345531942000,0,0.00001204,163.7900
1622345531942000,0,3.05627164,163.7900
1622345538877000,0,0.61076000,163.8400
1622345545298000,0,0.61104952,163.7700
1622345546700000,0,0.61104000,163.7700
1622345549184000,0,0.00000952,163.7700
1622345549184000,0,0.61103048,163.7700
1622345555952000,0,0.00001904,163.7700
1622345555952000,0,0.61103096,163.7700
1622345557901000,0,0.00001856,163.7700
1622345563704000,0,0.61094000,163.7900
1622345572953000,0,0.61169000,163.6200
1622345576726000,0,0.00000264,163.6200
1622345576726000,0,0.61168736,163.6200
1622345578530000,0,0.00000528,163.6200
1622345578530000,0,0.61168472,163.6200
1622345583772000,0,0.00000792,163.6200
1622345583772000,0,0.61168208,163.6200
1622345591441000,0,0.61230719,163.5000
1622345591441000,0,6.82334281,163.5600
1622345596914000,0,0.61202000,163.5200
1622345597144000,0,0.00000729,163.5200
1622345597144000,0,7.43227271,163.5700
1622345611730000,0,0.61217000,163.4700
1622345612024000,0,0.00000382,163.4700
1622345612024000,0,7.42968618,163.5200
1622345632116000,0,0.61221000,163.4500
1622345653083000,0,13.22240000,163.3600
1622345677294000,0,7.46180000,163.0300
1622345691495000,0,7.46004000,162.9600
1622345691601000,0,0.00000624,162.9600
1622345691601000,0,0.61417376,162.9700
1622345691938000,0,17.46398000,163.0400
1622345692080000,0,1.18283000,163.0400
1622345695448000,0,0.61392473,163.0600
1622345702091000,0,7.45977000,162.9300
1622345712388000,0,0.61426000,162.9300
1622345717104000,0,0.00000251,162.9300
1622345717104000,0,0.61422749,162.9400
1622345717460000,0,0.00000637,162.9400
1622345717460000,0,7.46022946,163.0100
1622345717460000,0,15.00000000,163.0100
1622345717551000,0,7.45984000,163.0200
1622345725157000,0,7.45560000,163.0600
1622345731439000,0,0.61365000,163.0900
1622345731785000,0,0.00000963,163.0900
1622345731785000,0,7.45391037,163.1300
1622345736899000,0,0.61356000,163.1300
1622345771628000,0,7.43985000,163.4300
1622345786063000,1,8.80000000,163.6100
1622345786063000,1,27.33800000,163.6100
1622345786063000,1,12.31860000,163.6100
1622345786063000,1,11.44194740,163.5800
1622345788581000,0,0.00001056,163.6200
1622345807760000,0,0.00000202,163.7900
1622345807760000,0,0.00000257,163.8400
1622345807968000,0,0.00001840,163.8600
1622345808992000,1,47.76449377,163.7500
1622345808992000,1,2.35074623,163.7400
1622345821903000,1,1.00000000,163.6300
1622345841468000,0,7.44078000,163.5100
1622345867758000,0,7.43395000,163.5700
1622345954458000,0,15.00000000,163.7600
1622345990084000,0,0.00000060,163.9400
1622345990233000,0,7.40680000,164.0800
1622345990262000,0,0.00007163,164.0800
1622345995645000,0,0.00000919,164.2000
1622345995645000,0,7.40098812,164.2000
1622346007536000,0,9.08430000,164.5300
1622346012291000,0,12.12270000,164.8400
1622346012375000,0,3.32808114,164.8400
1622346055149000,0,1.00000000,164.7700
1622346074785000,1,2.86856589,164.3200
1622346074786000,1,2.86856589,164.3200
1622346147078000,1,8.80000000,163.9300
1622346147078000,1,48.55250425,163.9200
1622346190221000,1,12.48546874,163.9300
1622346190316000,1,14.13153126,163.9300
1622346190316000,1,75.75600000,163.8400
1622346212513000,0,52.51920000,164.6500
1622346234158000,1,5.88650560,164.4600
1622346234158000,1,2.18943946,164.4600
1622346234221000,1,0.16481521,164.4600
1622346243497000,1,2.29038158,164.4300
1622346243497000,1,5.56570055,164.4300
1622346244465000,1,0.15712165,164.4300
1622346256251000,1,0.00320656,164.4300
1622346256251000,1,0.38250000,164.3800
1622346256251000,1,14.99234773,164.3600
1622346256274000,1,0.31383784,164.3600
1622346260391000,1,14.52170915,164.2900
1622346261442000,1,0.29043418,164.2900
1622346263935000,1,0.00592723,164.2900
1622346263935000,1,8.62388146,164.2900
1622346263966000,1,0.17611854,164.2900
1622346271031000,0,7.39236000,164.4000
1622346271117000,0,0.00000370,164.4000
1622346277971000,1,2.31539700,164.2900
1622346313067000,0,0.38624999,164.8800
1622346313089000,0,0.00000001,164.8800
1622346372828000,0,7.37194000,164.9000
1622346413486000,0,2.35119408,164.9800
1622346420266000,1,8.62400000,164.7700
1622346420330000,1,0.17600000,164.7700
1622346423852000,1,0.73062675,164.8200
1622346423959000,1,11.37807325,164.8200
1622346425219000,1,5.65813137,164.7600
1622346441876000,0,0.93334199,165.0000
1622346441877000,0,1.03781415,165.0000
1622346441882000,0,6.82884386,165.0000
1622346441908000,0,8.96036603,165.0100
1622346464089000,0,7.36000000,165.1700
1622346465163000,0,10.69596394,165.2300
1622346465163000,0,57.64733799,165.2500
1622346465189000,0,1.15078617,165.2500
1622346465277000,0,34.18500332,165.2500
1622346465287000,0,1.10387928,165.2500
1622346469474000,1,0.36375000,165.0100
1622346469474000,1,0.44389991,165.0000
1622346472028000,0,7.36332712,165.2000
1622346472028000,0,8.95914042,165.2000
1622346472028000,0,18.40759509,165.2100
1622346472028000,0,8.62960174,165.2200
1622346472028000,0,16.73596411,165.2300
1622346472028000,0,9.11583151,165.2400
1622346472028000,0,9.09964001,165.2500
1622346472272000,0,44.00000000,165.2400
1622346472916000,1,4.60600000,165.0500
1622346474889000,1,5.93542219,164.9900
1622346477641000,0,0.60594152,165.1900
1622346477641000,0,8.80000000,165.2100
1622346477641000,0,3.03078634,165.2100
1622346477641000,0,5.34798197,165.2200
1622346477641000,0,4.54727573,165.2200
1622346477641000,0,6.38146703,165.2300
1622346481153000,0,8.80000000,165.1800
1622346481246000,0,0.60594152,165.1900
1622346481246000,0,3.03078634,165.2100
1622346481246000,0,7.05923214,165.2200
1622346481430000,0,2.67399098,165.2200
1622346481430000,0,0.98186009,165.2300
1622346594754000,1,1.08215000,165.2600
1622346594754000,1,5.90881088,165.2000
1622346624284000,0,0.58000000,165.8300
1622346631003000,0,0.00624747,165.8300
1622346656040000,0,0.58331623,166.6600
1622346656040000,0,61.89917370,166.8000
1622346662851000,1,8.80000000,166.6100
1622346678246000,0,9.06040000,166.8800
1622346692512000,1,8.80000000,167.0200
1622346706220000,0,0.00001501,167.4400
1622346706220000,0,0.11941725,167.4800
1622346706220000,0,0.26368585,167.4900
1622346706235000,0,0.00001502,167.4900
1622346716751000,0,7.26588043,167.3400
1622346716751000,0,18.16397957,167.3400
1622346721886000,1,0.37000000,167.1000
1622346721927000,1,0.00500000,167.1000
1622346722088000,1,8.80000000,167.0800
1622346728365000,1,16.03869090,166.6900
1622346728365000,1,14.99130910,166.6700
1622346741045000,0,11.99740000,166.6000
1622346744502000,1,137.77820000,166.4500
1622346744892000,1,2.81180000,166.4500
1622346750924000,0,7.29182000,166.7000
1622346752676000,1,8.62400000,166.4900
1622346758517000,0,7.29693000,166.5500
1622346822053000,1,2.33759515,166.7200
1622346822073000,1,2.33753911,166.7300
1622346836247000,0,0.91009284,166.9500
1622346892890000,0,0.58039965,167.5000
1622346892890000,0,5.34009893,167.5800
1622346941227000,0,8.80000000,167.2300
1622346949104000,1,1.02985000,166.8700
1622346959047000,0,15.62241000,166.9900
1622346969103000,1,49.39600000,166.5200
1622346988138000,1,0.26014970,166.3600
1622347001966000,0,11.99940000,166.5100
1622347015023000,0,8.80000000,166.8000
1622347037075000,1,0.00530918,166.3600
1622347037075000,1,43.99469082,166.3600
1622347037184000,1,11.69730918,166.3600
1622347059726000,1,0.37500000,166.5100
1622347059726000,1,6.00152805,166.5100
1622347059726000,1,0.37500000,166.5000
1622347059726000,1,0.36750000,166.4800
1622347059726000,1,1.68097195,166.4300
1622347117702000,1,2.50160024,166.5200
1622347117715000,1,0.05105307,166.5200
1622347144438000,0,6.44306786,166.5000
1622347179731000,1,1.17064000,166.4500
1622347184657000,0,8.80000000,166.4600
1622347200026000,0,0.60126000,166.4300
1622347212484000,1,9.76002000,167.1100
1622347213228000,1,0.00000211,167.1100
1622347213237000,0,0.59915144,167.1100
1622347213326000,1,2.54579410,167.1100
1622347231477000,1,3.77141000,167.1400
1622347231490000,1,0.00000124,167.1400
1622347261682000,1,1.83537628,166.5300
1622347261685000,1,0.00000001,166.5300
1622347274116000,1,34.89388000,166.1900
1622347274129000,1,0.71212000,166.1900
1622347274432000,1,6.42760000,166.3000
1622347274467000,1,0.00000745,166.3000
1622347292490000,1,8.62400000,165.9300
1622347298488000,0,0.60293484,166.0400
1622347302439000,1,8.16069000,166.1500
1622347303704000,1,0.00000818,166.1500
1622347303704000,1,2.74116182,166.1500
1622347307277000,1,0.00001709,166.1500
1622347311498000,0,0.60225000,166.1500
1622347337509000,1,2.46689000,166.3400
1622347338751000,1,0.00000667,166.3400
1622347338751000,1,72.88999333,166.3400
1622347339394000,1,20.50149000,166.4500
1622347339422000,1,0.00000752,166.4500
1622347344588000,1,0.00000667,166.3400
1622347354305000,1,14.58603000,166.3000
1622347361837000,0,0.60137193,166.3900
1622347361837000,0,8.79999807,166.3900
1622347366928000,1,0.00000585,166.3000
1622347366928000,1,25.23223785,166.3000
1622347367040000,1,0.37776215,166.3000
1622347367738000,0,8.80000000,166.2900
1622347368152000,0,0.60184872,166.3100
1622347368649000,1,2.20698000,166.3300
1622347369230000,1,0.00000903,166.3300
1622347369230000,1,1.67713097,166.3300
1622347369587000,1,0.00001026,166.3300
1622347382044000,1,14.98670000,166.2000
1622347382144000,1,0.00000397,166.2000
1622347391139000,1,15.77338000,166.0000
1622347391565000,1,0.30105895,166.0400
1622347392209000,0,3.00198603,166.1100
1622347393164000,1,0.00000001,166.0400
1622347394862000,1,0.00000406,166.0000
1622347404549000,0,0.60338000,165.8700
1622347404774000,0,0.00000479,165.8700
1622347405058000,0,7.15000000,165.9400
1622347405101000,0,0.00849098,165.9400
1622347411814000,1,16.94040000,165.7700
1622347412920000,0,3.00807861,165.8600
1622347418619000,1,0.00001746,165.7700
1622347430896000,0,0.60410000,165.6900
1622347441889000,1,17.25003000,165.7100
1622347442015000,1,0.00000838,165.7100
1622347443912000,0,0.60392000,165.7100
1622347452023000,0,0.00000626,165.7100
1622347464983000,0,0.60475000,165.5100
1622347471335000,1,8.80000000,165.5800
1622347471437000,1,13.99013249,165.5800
1622347482957000,0,0.60500381,165.4200
1622347483057000,1,0.60495889,165.4200
1622347483381000,1,0.15011730,165.4200
1622347483445000,1,7.44240995,165.2500
1622347510589000,0,0.62475000,165.5800
1622347512178000,0,0.00000588,165.5800
1622347512178000,0,14.99999412,165.6800
1622347512244000,0,0.00000588,165.6800
1622347522221000,1,5.86304293,165.6600
1622347522233000,1,0.11965394,165.6600
1622347629398000,0,15.00000000,165.6100
1622347663333000,1,69.09098000,165.4900
1622347663349000,1,1.41002000,165.4900
1622347667685000,1,18.74000000,165.4900
1622347702513000,0,12.05850000,165.7900
1622347712080000,1,0.57774068,165.6300
1622347725720000,0,30.00000000,165.6400
1622347798773000,1,1.18754000,165.8500
1622347807299000,0,15.00000000,165.9000
1622347860136000,1,6.00000000,165.9700
1622347865342000,0,15.00000000,166.2700
1622347880681000,0,9.10257000,166.4200
1622347884639000,0,8.95311000,166.5000
1622347886419000,1,2.80387603,166.3400
1622347886617000,1,5.99612397,166.3400
1622347915381000,1,15.00000000,166.2700
1622347943051000,1,1.72564081,165.9800
1622347943342000,1,8.00931158,165.9800
1622347943398000,1,15.28039726,165.9800
1622347943949000,1,4.27435919,165.9800
1622347944924000,1,2.00000000,165.9800
1622347945085000,1,11.80400000,165.9800
1622347945131000,1,21.09929116,165.9800
1622347951590000,0,15.00000000,165.8400
1622347971697000,1,7.33961193,165.8000
1622347976874000,1,22.55400000,165.7900
1622348092259000,1,1.23233000,165.6100
1622348104350000,0,6.81307000,165.8000
1622348154281000,1,0.30000000,165.6600
1622348164332000,0,15.00000000,165.9100
1622348184583000,0,9.13675000,166.1500
1622348238198000,1,66.97908000,165.5200
1622348238249000,1,1.36692000,165.5200
1622348245569000,0,6.81652000,165.7600
1622348282138000,1,4.00347467,165.5900
1622348284848000,1,20.00952000,165.5900
1622348324933000,0,8.80000000,165.6400
1622348324933000,0,6.00248159,165.6500
1622348333211000,1,0.00000533,165.5900
1622348374935000,0,0.26257417,165.6100
1622348466785000,0,6.52750000,165.7700
1622348479531000,1,0.32952585,165.8000
1622348479538000,1,8.98425415,165.8000
1622348479538000,1,0.37528868,165.7700
1622348479565000,1,8.42471132,165.7700
1622348479565000,1,2.67283424,165.7600
1622348479630000,1,1.75724262,165.7600
1622348479654000,1,9.31378694,165.7600
1622348479713000,1,10.16369091,165.7600
1622348480775000,1,5.21098000,165.7700
1622348480775000,1,1.84503597,165.7700
1622348493152000,0,6.38097000,165.8200
1622348558940000,1,28.66500000,165.9200
1622348560674000,1,30.47192000,165.8300
1622348560894000,1,17.00000000,165.8300
1622348565834000,1,10.72808000,165.8300
1622348573183000,0,6.23621000,165.7900
1622348612773000,0,6.09661000,165.7700
1622348612872000,0,0.00000292,165.7700
1622348612998000,0,15.24020000,165.8100
1622348613104000,0,0.00005652,165.8100
1622348702586000,0,15.00000000,165.9600
1622348714892000,0,5.61716000,166.2500
1622348715204000,0,0.00000320,166.2500
1622348715204000,0,39.45842680,166.2700
1622348723768000,0,5.48925000,166.5300
1622348724081000,0,0.00000650,166.5300
1622348724081000,0,5.48898350,166.5800
1622348815938000,0,5.24211721,166.9400
1622348859684000,0,5.12543000,166.6400
1622348859887000,0,0.00000541,166.6400
1622348859950000,0,16.02010000,166.6500
1622348859987000,0,0.00002962,166.6500
1622348873143000,1,25.04100000,166.5300
1622348884424000,0,6.50410000,166.6300
1622348884512000,0,5.00960000,166.6500
1622348904935000,1,4.16147952,166.4700
1622348965956000,1,1.94919999,166.4700
1622348971215000,0,4.89981000,166.6600
1622348978081000,0,4.78732000,166.7200
1622349002294000,0,8.80000000,166.8200
1622349006079000,0,4.67000000,166.9600
1622349040805000,0,8.94810000,167.0800
1622349067453000,0,15.49971000,167.4500
1622349106878000,1,8.00000000,168.0500
1622349119594000,1,8.62400000,168.0800
1622349124444000,0,8.77790000,168.3200
1622349124696000,0,0.16488753,168.3200
1622349124937000,0,0.57749765,168.3400
1622349124937000,0,8.77792299,168.3600
1622349138526000,0,3.82000000,168.4600
1622349155842000,0,8.80000000,168.5800
1622349157743000,1,30.96800000,168.4400
1622349198120000,0,8.90023752,168.4000
1622349213534000,0,0.00000257,168.6100
1622349213534000,0,3.74098755,168.6600
1622349213534000,0,3.73972988,168.6600
1622349244980000,1,0.46000000,168.3000
1622349245034000,1,0.49000000,168.3000
1622349245046000,1,0.49000000,168.3000
1622349245773000,0,2.96118233,168.4800
1622349269681000,0,8.32912000,168.2600
1622349308425000,1,4.00990000,168.1000
1622349341030000,0,3.00260000,168.0700
1622349341256000,0,0.00000215,168.0700
1622349341256000,0,3.00316785,168.1200
1622349377723000,0,2.79897873,168.2000
1622349377723000,0,2.79967902,168.2000
1622349385042000,0,4.11106561,168.1400
1622349385042000,0,8.80000000,168.1500
1622349385042000,0,8.80000000,168.1700
1622349385042000,0,2.54769066,168.1800
1622349385110000,1,3.59205393,168.2000
1622349439112000,1,12.73420000,167.6900
1622349439112000,1,15.11661020,167.6800
1622349453889000,1,95.00000000,167.7400
1622349453949000,1,25.00000000,167.7400
1622349454019000,1,0.58300000,167.7400
1622349454019000,1,50.41700000,167.7400
1622349454045000,1,26.67700000,167.7400
1622349481409000,0,2.49052000,167.5200
1622349542529000,0,2.43301000,167.6200
1622349543841000,0,2.43301000,167.7100
1622349577572000,0,2.32554000,167.6100
1622349621454000,0,2.27144000,167.6000
1622349628462000,0,2.22150000,167.8100
1622349628560000,0,0.00000309,167.8100
1622349628669000,0,2.14247984,167.8300
1622349628889000,0,3.41119136,167.8300
1622349682556000,0,2.04638000,167.8700
1622349718240000,0,2.00141000,167.7100
1622349720252000,0,1.99966000,167.8600
1622349755509000,1,29.13677000,167.6200
1622349758551000,1,18.57623000,167.6200
1622349763610000,0,1.91005000,167.6000
1622349785563000,0,1.86674000,167.7400
1622349785678000,0,0.00000823,167.7400
1622349785678000,0,4.66685177,167.7700
1622349795728000,0,1.72076000,167.7100
1622349820419000,1,14.91519773,167.4400
1622349820447000,1,8.98113440,167.4400
1622349827990000,1,6.60866000,167.4400
1622349834039000,0,1.68129784,167.4800
1622349896334000,0,1.64351000,167.7000
1622349896750000,0,4.10878000,167.7300
1622349896843000,0,0.00000547,167.7300
1622349907727000,0,8.80000000,168.0000
1622349946252000,0,1.50000000,167.6300
1622349964876000,1,0.00000787,167.4400
1622350019880000,0,2.00000000,167.1300
1622350023415000,0,15.00000000,167.1700
1622350041091000,0,73.00000000,167.6600
1622350041188000,0,6.37173000,167.6600
1622350041258000,0,0.00000240,167.6600
1622350079636000,0,1.00000000,167.6200
1622350084249000,1,20.06600000,167.4600
1622350085759000,1,25.33754000,167.3900
1622350085856000,1,18.00000000,167.3900
1622350086328000,1,13.77446000,167.3900
1622350112583000,0,1.50000000,167.5600
1622350179209000,0,2.64073000,167.7900
1622350205812000,0,18.00000000,167.8500
1622350216048000,1,2.98454000,167.7300
1622350285233000,0,8.96593000,167.3500
1622350310790000,1,8.80000000,167.1600
1622350310805000,1,15.79690000,167.1600
1622350313560000,0,35.91024000,167.2800
1622350322471000,0,0.11903337,167.1800
1622350403473000,0,14.57956000,167.1600
1622350403569000,0,0.00000104,167.1600
1622350414461000,1,14.66000000,167.1200
1622350414461000,1,0.24441278,167.1100
1622350421716000,1,14.46900000,167.1100
1622350444492000,1,10.76579483,167.1100
1622350445703000,1,4.24420517,167.1100
1622350456961000,0,9.08949000,167.2700
1622350463454000,1,25.42658000,167.1100
1622350469403000,1,0.00000722,167.1100
1622350472124000,0,1.50000000,167.1000
1622350512137000,0,19.00000000,167.2700
1622350532131000,1,1.22924000,167.1700
1622350533568000,0,0.99000000,167.2500
1622350593185000,1,1.65056000,167.4700
1622350594242000,1,0.00000849,167.4700
1622350595483000,1,1.65094000,167.4000
1622350621225000,1,8.80000000,167.5800
1622350631628000,0,5.10000000,167.8100
1622350637090000,1,0.35764100,167.6800
1622350647482000,1,1.24047894,167.6800
1622350647559000,1,7.76439999,167.6800
1622350647677000,1,2.91750000,167.6800
1622350656625000,1,7.82499999,167.6800
1622350656626000,1,4.48257000,167.6800
1622350656646000,1,14.55348395,167.6800
1622350656711000,1,6.60487798,167.6800
1622350656857000,1,1.62212202,167.6800
1622350656934000,1,8.82340000,167.6800
1622350657094000,1,3.44216713,167.6800
1622350673493000,0,5.91930179,167.7300
1622350673493000,0,9.04041821,167.7300
1622350706022000,0,2.40320000,167.9900
1622350706864000,0,0.00003652,167.9900
1622350821498000,1,0.26699894,168.6100
1622350821563000,0,0.26545000,168.8000
1622350821697000,0,0.00000888,168.8000
1622350821703000,0,8.76311000,168.8300
1622350821805000,0,0.00000576,168.8300
1622350821805000,0,9.01475424,168.8600
1622350821815000,0,0.00000655,168.8600
1622350883117000,1,9.96590000,168.6800
1622350884755000,1,0.88798000,168.5500
1622350931695000,0,0.97571000,169.0900
1622350949595000,1,18.15237000,168.7100
1622350949677000,1,19.00000000,168.7100
1622350949759000,1,7.48026000,168.7100
1622350949847000,1,18.15237000,168.7100
1622350958889000,0,3.24263790,168.7700
1622350962363000,0,0.39614000,168.7600
1622350962456000,0,0.00000229,168.7600
1622350981416000,0,27.23649000,168.8800
1622350981537000,0,49.00000000,168.8800
1622351016848000,0,0.16083377,168.8100
1622351086355000,0,0.11823826,169.1500
1622351086355000,0,0.57461015,169.1900
1622351086369000,0,0.00000001,169.1900
1622351186434000,1,0.20000001,169.3900
1622351242615000,1,2.53856099,169.4500
1622351242631000,1,8.74400000,169.4500
1622351242825000,1,4.52243973,169.4500
1622351245731000,0,0.37500000,169.4400
1622351245731000,0,80.23900000,169.4700
1622351270177000,1,0.81878000,168.9600
1622351270177000,1,17.34205000,168.9600
1622351270249000,1,4.08695000,168.9600
1622351272995000,0,8.80000000,169.0300
1622351272995000,0,1.50000000,169.0300
1622351272995000,0,14.70000000,169.0400
1622351277087000,0,1.50000000,168.9500
1622351285353000,0,8.79218629,169.1900
1622351285353000,0,0.31012371,169.1900
1622351306788000,0,1.50000000,169.0300
1622351306788000,0,2.65215000,169.0300
1622351310744000,0,2.59020000,169.1800
1622351311413000,1,8.80000000,169.0400
1622351311413000,1,16.20000000,169.0000
1622351331087000,0,15.00000000,168.9200
1622351367103000,0,8.80000000,168.9800
1622351367103000,0,7.98091586,168.9800
1622351367103000,0,2.53284677,168.9900
1622351367103000,0,5.68623737,168.9900
1622351427578000,0,8.89148000,168.9200
1622351430503000,1,1.01375466,168.8600
1622351437809000,1,0.88033000,168.7600
1622351441360000,1,2.39544034,168.6900
1622351529883000,0,0.00000982,169.1900
1622351529883000,0,2.34509027,169.3300
1622351564011000,1,25.39900000,169.6500
1622351564516000,1,45.75019000,169.6200
1622351564624000,1,5.81781000,169.6200
1622351599092000,1,8.80000000,169.7100
1622351605519000,0,2.29495000,169.9100
1622351645049000,1,1.09813940,169.4300
1622351661883000,0,24.33690000,169.4700
1622351665539000,0,0.00000956,169.4700
1622351733261000,0,8.79142000,169.5800
1622351733530000,0,8.94516000,169.6000
1622351739057000,1,0.35456411,169.4800
1622351743458000,0,2.94144356,169.5800
1622351777614000,0,8.80041000,169.9900
1622351778929000,0,0.00000212,169.9900
1622351778929000,0,0.50000000,170.0000
1622351778929000,0,0.49999788,170.0000
1622351779588000,0,0.00000212,170.0000
1622351779588000,0,0.57099788,170.0400
1622351794753000,0,8.86961000,170.0300
1622351800792000,0,8.80000000,170.0300
1622351846076000,1,0.57100000,169.6600
1622351846090000,1,38.59400000,169.6600
1622351868755000,1,24.53920000,169.4800
1622351868915000,1,0.50080000,169.4800
1622351869272000,1,1.19162893,169.4400
1622351885598000,1,0.84334000,169.3500
1622351888894000,0,15.00000000,169.3900
1622352001517000,0,8.81470000,169.7600
1622352001772000,0,0.00009736,169.7600
1622352001772000,0,8.84630264,169.7800
1622352029380000,0,5.89453000,169.8300
1622352033637000,1,0.90311000,169.7200
1622352034751000,0,5.89768000,169.7500
1622352037018000,0,0.00000545,169.7500
1622352037018000,0,0.00000291,169.8300
1622352037018000,0,0.49999164,169.8300
1622352039225000,0,5.89805000,169.7300
1622352051434000,0,0.00000037,169.7300
1622352051434000,0,5.89595963,169.7700
1622352067568000,0,5.89352000,169.8300
1622352068808000,0,0.00000297,169.8300
1622352076897000,0,5.89757000,169.7300
1622352091425000,1,18.22888200,169.5000
1622352103942000,0,0.00000975,169.7300
1622352117712000,0,5.90170000,169.5900
1622352118523000,0,0.00000503,169.5900
1622352143572000,0,5.89670000,169.7600
1622352164011000,0,5.89688000,169.7700
1622352164139000,0,0.00000953,169.7700
1622352172792000,0,6.69880000,169.9400
1622352172865000,0,0.00007259,169.9400
1622352183437000,0,5.89552923,169.7900
1622352183446000,0,0.00000001,169.7900
1622352183697000,0,3.09500000,169.9000
1622352183817000,0,0.00000910,169.9000
1622352204855000,0,0.00073923,170.0400
1622352204855000,0,1.13621721,170.1800
1622352264936000,0,5.88232000,170.1800
1622352274407000,0,0.00000482,170.1800
1622352274407000,0,5.87930518,170.2600
1622352276499000,0,0.00000504,170.2600
1622352283310000,0,5.00000000,170.5000
1622352284855000,0,8.73130000,170.6100
1622352311183000,0,0.35521000,170.3100
1622352314673000,0,0.00000277,170.3100
1622352326600000,0,5.87001000,170.5300
1622352328671000,0,0.00000248,170.5300
1622352328862000,0,20.00000000,170.6800
1622352338347000,0,8.80000000,170.7100
1622352338347000,0,5.86509727,170.7200
1622352338347000,0,11.70540000,170.7400
1622352338347000,0,33.62950273,170.8000
1622352357922000,0,5.86186000,170.7500
1622352364448000,0,5.86211000,170.7600
1622352364864000,0,0.00000338,170.7600
1622352364864000,0,0.11706861,170.8400
1622352364864000,0,0.56887842,170.8900
1622352364864000,0,16.43264637,170.9100
1622352364864000,0,11.36049187,170.9100
1622352381004000,1,8.80000000,171.1500
1622352381991000,1,16.00692359,171.0500
1622352394749000,1,8.80000000,171.0900
1622352398495000,0,8.80000000,171.1500
1622352401657000,0,5.60140145,171.2500
1622352409824000,1,8.80000000,171.0400
1622352410691000,1,37.82243640,171.0200
1622352411223000,1,291.62000000,170.9400
1622352420659000,1,4.55000000,171.0000
1622352432491000,1,31.59000000,170.6700
1622352453113000,0,5.86146000,170.8000
1622352454467000,0,0.00000003,170.8000
1622352454467000,0,5.86145997,170.8000
1622352455411000,0,0.00000006,170.8000
1622352460126000,0,5.85760000,170.8700
1622352488303000,0,1.00000000,171.4500
1622352490171000,1,0.38625000,171.5500
1622352490275000,0,1.00000000,171.5400
1622352490408000,0,6.11913308,171.5400
1622352490499000,0,0.00000001,171.5400
1622352490921000,0,0.56603000,171.7500
1622352500522000,0,0.00000403,171.7500
1622352511271000,0,1.50000000,171.9200
1622352511271000,0,0.36750000,171.9300
1622352511271000,0,8.80000000,171.9600
1622352511271000,0,0.36375000,171.9700
1622352511271000,0,7.77752114,172.0000
1622352531531000,0,2.14756000,171.5400
1622352532388000,0,0.00000987,171.5400
1622352563691000,0,1.17744000,171.2000
1622352592899000,1,20.11000000,170.6700
1622352592925000,1,10.28500000,170.6700
1622352603442000,0,5.33830000,170.7900
1622352603470000,0,0.00005884,170.7900
1622352612862000,0,8.28212000,170.7900
1622352613052000,0,0.00000291,170.7900
1622352618993000,1,23.66000000,170.6300
1622352619171000,1,90.68300000,170.6300
1622352643376000,1,1.62805000,170.4100
1622352645013000,0,8.80000000,170.5600
1622352645013000,0,11.16526603,170.5700
1622352645013000,0,8.80000000,170.5800
1622352645013000,0,11.72620000,170.5800
1622352645013000,0,5.86742936,170.5900
1622352645013000,0,4.30221246,170.6100
1622352645013000,0,7.06083113,170.6200
1622352646543000,0,1.00000000,170.5400
1622352648440000,1,0.43471334,170.2200
1622352648440000,1,5.97217529,170.2200
1622352676267000,0,8.69207000,170.2500
1622352703992000,1,2.55000000,169.9800
1622352704025000,1,12.91737132,169.9800
1622352715923000,0,6.10735000,170.0900
1622352716055000,0,0.00000538,170.0900
1622352718522000,0,11.71200000,170.3100
1622352733198000,0,8.00516000,170.1300
1622352741450000,0,0.00000786,170.1300
1622352766281000,0,5.88017000,170.1700
1622352766768000,0,0.00000006,170.1700
1622352766768000,0,8.61929994,170.2000
1622352767929000,0,0.00002745,170.2000
1622352784780000,1,0.62000000,170.3200
1622352785045000,1,12.41000000,170.3200
1622352813369000,1,8.80000000,170.2100
1622352826398000,0,5.87370000,170.3600
1622352867063000,1,17.52000000,170.3000
1622352910588000,0,11.71170000,170.8400
1622352910588000,0,5.82513119,170.9100
1622352930521000,1,8.80000000,170.8500
1622352930521000,1,4.16000000,170.8500
1622352937859000,1,0.79800000,170.8600
1622352938017000,1,0.00037000,170.8600
1622352938017000,1,0.61963000,170.7300
1622352938038000,1,0.00969730,170.7300
1622352950078000,1,8.23000000,170.6800
1622352950102000,1,8.23000000,170.6800
1622353040797000,0,4.26200000,171.0500
1622353063711000,1,45.09200000,171.3400
1622353099425000,1,91.55100000,171.2400
1622353262262000,1,0.73661000,170.8800
1622353349422000,0,5.83857000,171.4000
1622353404510000,1,15.36000000,171.3200
1622353524941000,0,8.80000000,171.7500
1622353524941000,0,5.82714853,171.7500
1622353524941000,0,56.33858787,171.7500
1622353567744000,0,44.00000000,172.0300
1622353567769000,0,149.54213000,172.0300
1622353567882000,0,71.00000000,172.0300
1622353567914000,0,56.65721575,172.0300
1622353572466000,0,0.13750000,172.3100
1622353584940000,0,0.11590844,172.5500
1622353584940000,0,0.56320385,172.6100
1622353585135000,0,0.00000001,172.6100
1622353589759000,0,0.69512688,172.9900
1622353591910000,1,8.80000000,172.7100
1622353635097000,1,0.18027703,172.4100
1622353635097000,1,0.18026855,172.4100
1622353635230000,1,17.66300000,172.3800
1622353652388000,0,9.00000000,172.1500
1622353674779000,1,0.20200000,172.3500
1622353674784000,1,33.82200000,172.3500
1622353677437000,1,52.00000000,172.1300
1622353677519000,1,17.08000000,172.1300
1622353696429000,0,3.66978534,172.2900
1622353696901000,0,11.58560000,172.4100
1622353697218000,0,5.21206527,172.4100
1622353697340000,0,1.03496080,172.4100
1622353700135000,0,0.36000000,172.4600
1622353703764000,1,8.79999999,172.6100
1622353703867000,1,0.00000001,172.6100
1622353804950000,0,8.80000000,171.9200
1622353804950000,0,5.82102442,171.9500
1622353804950000,0,2.97897558,171.9600
1622353809156000,0,0.32479795,171.9000
1622353847209000,1,1.55990000,171.7300
1622353847276000,1,0.00004000,171.7300
1622353868486000,1,8.80000000,172.0200
1622353924934000,0,5.81856666,172.0800
1622353924934000,0,9.49774051,172.1100
1622353954619000,1,41.52000000,172.0000
1622354162307000,1,0.90001000,171.9600
1622354178326000,1,20.45000000,171.7900
1622354196023000,0,8.80000000,171.9600
1622354217580000,1,2.00000000,171.8400
1622354235517000,1,0.60936386,172.0900
1622354257665000,0,7.05534000,172.2600
1622354265286000,1,14.46000000,172.2300
1622354306024000,1,0.00900000,172.2300
1622354306024000,1,46.79100000,172.2000
1622354385563000,1,16.03000000,172.4300
1622354416134000,0,1.00000000,173.0000
1622354423074000,1,7.85000000,172.8400
1622354430566000,0,5.00000000,173.0000
1622354430731000,0,11.55270000,173.0300
1622354434393000,1,79.41000000,172.9900
1622354434447000,1,93.39600000,172.9900
1622354448914000,0,2.53026103,173.1000
1622354448993000,0,1.16512454,173.1000
1622354557461000,1,5.43000000,173.0100
1622354585337000,1,28.53000000,173.0100
1622354586578000,1,39.15900000,173.0100
1622354588354000,1,0.96000000,172.9100
1622354588390000,1,0.00349879,172.9100
1622354667201000,1,5.78000000,172.7500
1622354680021000,0,3.64232647,172.9500
1622354748136000,0,3.72343122,173.4400
1622354754398000,0,0.56038000,173.4800
1622354754626000,0,0.00000784,173.4800
1622354762416000,1,1.45000000,173.3100
1622354765986000,1,0.00703000,173.3100
1622354846145000,0,0.88355575,173.4900
1622354851046000,0,5.76685469,173.5000
1622354851127000,1,11.23314000,173.5000
1622354851209000,1,0.00000531,173.5000
1622354858473000,1,1.00000000,173.3700
1622354858548000,1,31.07200000,173.3700
1622354858555000,1,43.00000000,173.3700
1622354892372000,0,2.05590701,173.4100
1622354897870000,0,5.77069000,173.3700
1622354907926000,0,0.00000393,173.3700
1622354918897000,0,7.37008010,173.5300
1622354991673000,0,8.80000000,173.5400
1622354991673000,0,5.76534242,173.5500
1622354991673000,0,8.80000000,173.5700
1622354991673000,0,11.51180000,173.5800
1622354991741000,1,115.12285758,173.6100
1622355005011000,0,5.76870470,173.4600
1622355005011000,0,8.80000000,173.4600
1622355005011000,0,1.61332967,173.5000
1622355141719000,1,0.15298707,173.4800
1622355141719000,1,0.10613996,173.4700
1622355148746000,1,0.21972189,173.3800
1622355164947000,0,11.51750000,173.6300
1622355164947000,0,3.46525104,173.6400
1622355189203000,1,20.44100000,173.4600
1622355217456000,1,40.30858787,173.4000
1622355217456000,1,7.64141213,173.3900
1622355241973000,1,8.80000000,173.4000
1622355242769000,1,1.75410105,173.3900
1622355247014000,0,0.36400000,173.5200
1622355248017000,0,0.18100000,173.5200
1622355314531000,0,1.00000000,174.0000
1622355347661000,0,0.11475787,174.2800
1622355347763000,0,0.55700000,174.3500
1622355351811000,0,0.00058590,174.3500
1622355365432000,0,8.80000000,174.5200
1622355381169000,0,1.65010000,175.1200
1622355381169000,0,6.94118255,175.1300
1622355381169000,0,15.70201745,175.1300
1622355381184000,0,5.71608178,175.1500
1622355381184000,0,9.21511822,175.1500
1622355390157000,0,50.67740000,175.1600
1622355435960000,1,1.41000000,174.2700
1622355436263000,1,0.00580000,174.2700
1622355447947000,1,13.07000000,174.0000
1622355452058000,1,8.80000000,174.0100
1622355458021000,1,0.00666666,174.0000
1622355458021000,1,72.63333334,174.0000
1622355458093000,1,9.21511822,174.0100
1622355458093000,1,0.00266666,174.0000
1622355470547000,1,22.02011000,173.8400
1622355470798000,1,24.41000000,173.8400
1622355470817000,1,0.00889000,173.8400
1622355616294000,0,4.98530768,174.3200
1622355643170000,0,8.80000000,174.0100
1622355643170000,0,10.76470000,174.0100
1622355643240000,1,0.55700000,174.0100
1622355643250000,1,129.00000000,174.0100
1622355643387000,1,82.64880000,174.0100
1622355643488000,1,143.80613129,174.0100
1622355643831000,1,5.75280672,174.0100
1622355644026000,1,73.89750297,174.0100
1622355673329000,0,0.61810860,174.1600
1622355757986000,1,1.61928847,173.9600
1622355758330000,1,51.41000000,173.9600
1622355762507000,1,0.00771153,173.9600
1622355765137000,0,18.63400000,173.9400
1622355765905000,1,0.87000000,173.8000
1622355780238000,1,0.00267000,173.8000
1622355844028000,0,8.80000000,173.6600
1622355844028000,0,5.11728005,173.6600
1622355844028000,0,5.76212285,173.6700
1622355844028000,0,437.17630000,173.6900
1622355844028000,0,11.50940000,173.7200
1622355844028000,0,8.72352059,173.7200
1622355844028000,0,24.00000000,173.7200
1622355844028000,0,46.03980880,173.7300
1622355844028000,0,28.81013655,173.7400
1622355844028000,0,24.06143116,173.7400
1622355844512000,0,5.76212000,173.6700
1622355868464000,1,18.63000000,173.4400
1622355869017000,1,0.00400000,173.4400
1622355878432000,0,5.76879000,173.5000
1622355903266000,0,0.00000253,173.5000
1622355941982000,0,11.49400000,173.9900
1622355968115000,0,0.38959741,173.9600
1622355979769000,0,5.75340000,173.9200
1622355981457000,0,0.00000676,173.9200
1622356055120000,1,46.70000000,174.4400
1622356055131000,1,0.00200000,174.4400
1622356086970000,1,30.00000000,174.4100
1622356102682000,1,14.49000000,174.3200
1622356103852000,1,8.51000000,174.3200
1622356103858000,1,0.00200000,174.3200
1622356130444000,0,6.97214377,174.2500
1622356130444000,0,11.25843623,174.2500
1622356145016000,1,8.80000000,174.2400
1622356145016000,1,47.09932194,174.2300
1622356145268000,1,20.10200000,174.1700
1622356167835000,0,6.98486000,173.9700
1622356190399000,1,0.85000000,173.7500
1622356197510000,1,0.00845000,173.7500
1622356200457000,1,8.80000000,173.5900
1622356213749000,1,0.36000000,174.2200
1622356219094000,1,8.80000000,174.0300
1622356264857000,0,3.84466770,173.2700
1622356267191000,0,5.78054000,173.2200
1622356275827000,0,8.80000000,173.2100
1622356280380000,0,8.80000000,173.1800
1622356285826000,0,5.78123000,173.1100
1622356290972000,0,11.53940000,173.1000
1622356291129000,0,0.00000560,173.1100
1622356291129000,0,5.78122440,173.1100
1622356292222000,0,0.00001120,173.1100
1622356292222000,0,8.79999880,173.1100
1622356293972000,0,5.77842845,173.1900
1622356294447000,0,0.00000713,173.2200
1622356300252000,1,0.68000000,172.9700
1622356308020000,0,8.80000000,173.0700
1622356318491000,0,5.78005000,173.1500
1622356324245000,1,0.00845000,172.9700
1622356326097000,0,5.78349000,173.0400
1622356335582000,1,8.80000000,172.8800
1622356336324000,1,1.95020000,172.8800
1622356356179000,0,5.78648000,172.8900
1622356360702000,1,34.51000000,172.7900
1622356360788000,1,19.48000000,172.7900
1622356363198000,0,5.78852000,172.8400
1622356370560000,0,0.00000930,172.8400
1622356370560000,0,0.00000753,172.8900
1622356370560000,0,5.78646317,172.9100
1622356373930000,0,5.78376000,172.9900
1622356386213000,0,5.77956427,173.1500
1622356386213000,0,8.79043573,173.1500
1622356386213000,0,0.00956427,173.1500
1622356435118000,1,0.69794404,172.9600
1622356435118000,1,14.35100000,172.9500
1622356442226000,0,5.78400000,173.0100
1622356457313000,0,5.78148000,173.0800
1622356457581000,0,0.00000100,173.0800
1622356500388000,0,5.77339000,173.3000
1622356503001000,0,0.00000227,173.3000
1622356563127000,0,5.74000000,174.3200
1622356586737000,0,5.72000000,174.7300
1622356587050000,0,0.00876330,174.7300
1622356587050000,0,0.47200874,174.7500
1622356587050000,0,58.93922796,174.7500
1622356603349000,0,5.72000000,174.7000
1622356603349000,0,0.00777010,174.7000
1622356604747000,0,5.72777000,174.7000
1622356605896000,0,0.00000010,174.7000
1622356605896000,0,5.71999990,174.7000
1622356606049000,0,0.00777020,174.7000
1622356607164000,0,8.56000000,174.7600
1622356608761000,0,5.72552000,174.7600
1622356609238000,0,0.00000100,174.7600
1622356609238000,0,28.64279900,174.8100
1622356609322000,0,0.00006357,174.8100
1622356609322000,0,11.42673643,174.8300
1622356632355000,1,0.85130000,174.3700
1622356639636000,0,5.74557393,174.2700
1622356639636000,0,8.80000000,174.2700
1622356639636000,0,1.50000000,174.2800
1622356639636000,0,17.42699835,174.3000
1622356639636000,0,11.46160000,174.3100
1622356639636000,0,11.76928170,174.3300
1622356665119000,0,5.74477000,174.2800
1622356683790000,0,0.00000216,174.2800
1622356683790000,0,5.74165784,174.2800
1622356684043000,0,0.00000267,174.2800
1622356685673000,0,2.39558864,174.4000
1622356700265000,0,5.73543000,174.4800
1622356705636000,0,0.00000751,174.4800
1622356705636000,0,5.73542249,174.4800
1622356711263000,0,0.00001502,174.4800
1622356711263000,0,5.72998498,174.4800
1622356711450000,0,0.00545253,174.4800
1622356717536000,1,7.51423203,174.7000
1622356720046000,0,5.72000000,174.7800
1622356726827000,0,6.94038260,175.1400
1622356765088000,0,5.72000000,174.8600
1622356770424000,0,0.00533251,174.8600
1622356770424000,0,30.00000000,174.9400
1622356770424000,0,28.62491373,174.9500
1622356786231000,0,5.72685000,174.7900
1622356786749000,0,0.00000342,174.7900
1622356827353000,0,0.55000000,175.2300
1622356830866000,0,0.00479797,175.2300
1622356883864000,1,0.67000000,175.3700
1622356883890000,1,0.00221000,175.3700
1622356883963000,0,0.11337739,175.5200
1622356890342000,1,8.80000000,175.2200
1622356966202000,1,79.63000000,174.8000
1622356974077000,0,5.72000000,174.7200
1622356974091000,0,0.00896958,174.7200
1622356986826000,1,17.35097000,174.6700
1622356986838000,1,10.62703000,174.6700
1622357014660000,0,5.73421000,174.5700
1622357061700000,1,0.49588080,174.6800
1622357139466000,1,16.17000000,174.4600
1622357164505000,0,15.00000000,174.6800
1622357222675000,0,3.65770360,174.5900
1622357232417000,0,5.73000000,174.5500
1622357234718000,0,11.44150000,174.8100
1622357235341000,0,2.05899313,174.9200
1622357235454000,0,4.89013671,174.9200
1622357267044000,0,1.10204682,175.0400
1622357286718000,0,5.72276000,174.9000
1622357287699000,0,0.00000771,174.9000
1622357295010000,0,0.63336825,175.2800
1622357336268000,0,5.71000000,175.2800
1622357336276000,0,0.00036953,175.2800
1622357378533000,1,2.66730000,174.7100
1622357462988000,1,3.91000000,175.0500
1622357492899000,1,8.80000000,175.2900
1622357497997000,1,1.60000000,175.2000
1622357498000000,1,0.00223000,175.2000
1622357505654000,0,8.53313923,175.1700
1622357523021000,0,5.71000000,175.1600
1622357523855000,0,0.00518146,175.1600
1622357541963000,0,5.71000000,175.2600
1622357555306000,0,5.38040872,175.1800
1622357570234000,1,42.50000000,174.9900
1622357570807000,1,45.61800000,174.9900
1622357586603000,1,43.40000000,174.6900
1622357587449000,1,0.00100000,174.6900
1622357591633000,1,0.16690602,174.5200
1622357607084000,0,8.79000000,174.8300
1622357639267000,0,11.42600000,174.9700
1622357639267000,0,8.80000000,174.9700
1622357639267000,0,8.55269173,174.9800
1622357639267000,0,8.80000000,174.9800
1622357639267000,0,2.87738031,174.9900
1622357654451000,0,5.71509000,175.1900
1622357655165000,0,0.00141472,175.2600
1622357655165000,0,1.09858528,175.2700
1622357655331000,0,4.61302761,175.2700
1622357677376000,0,1.47414415,175.2200
1622357687921000,0,5.71509000,175.1100
1622357688023000,0,0.00000773,175.1100
1622357702453000,0,0.46746984,175.1300
1622357719559000,0,4.54000000,175.3800
1622357747032000,0,0.33423494,175.2000
1622357768841000,1,21.48547828,174.8700
1622357768949000,1,2.42973286,174.8500
1622357771505000,1,12.48000000,174.8000
1622357771505000,1,12.48374968,174.7900
1622357771505000,1,34.34625032,174.7800
1622357771514000,1,12.48930813,174.7800
1622357771682000,1,0.89321361,174.7900
1622357771869000,1,8.47955737,174.7900
1622357772025000,1,8.65142000,174.7900
1622357784220000,1,0.62251595,174.7900
1622357789442000,1,0.82922000,174.8200
1622357868144000,1,19.00000000,174.9300
1622357868235000,1,34.26600000,174.9300
1622357874874000,1,14.15000000,174.8100
1622357875053000,1,0.00900000,174.8100
1622357974272000,1,8.80000000,174.8700
1622358000962000,0,5.71738683,175.0400
1622358001253000,0,28.59187835,175.0700
1622358002488000,0,6.93010576,175.2500
1622358002488000,0,5.71145078,175.2800
1622358002488000,0,17.32458356,175.3000
1622358014663000,0,5.70596825,175.4700
1622358014663000,0,2.54830000,175.4700
1622358017028000,0,3.22888233,175.4600
1622358023958000,0,0.98555635,175.4400
1622358032800000,0,5.70596000,175.4700
1622358034049000,1,8.80000000,175.4200
1622358034049000,1,163.08000000,175.4100
1622358047663000,0,0.00000825,175.4700
1622358047663000,0,5.70204175,175.4900
1622358049842000,0,11.36440000,175.6200
1622358062864000,0,6.91140000,175.8400
1622358070759000,0,5.69000000,175.8600
1622358079108000,0,5.69328000,175.8000
1622358084743000,0,0.00000822,175.8000
1622358084743000,0,5.69009178,175.8700
1622358084873000,0,0.00006353,175.8700
1622358086967000,0,1.02170000,176.0000
1622358086975000,0,0.00007308,176.0000
1622358088177000,0,0.11362346,176.0200
1622358088177000,0,0.55202398,176.1100
1622358090557000,1,8.80000000,176.0500
1622358094314000,0,11.32980000,176.2300
1622358106331000,0,11.32250000,176.6600
1622358109008000,1,0.13964780,176.5200
1622358109008000,1,18.99000000,176.5100
1622358109008000,1,0.26311988,176.5000
1622358109008000,1,0.26317054,176.4700
1622358111840000,0,0.39217017,176.5900
1622358116524000,1,8.80000000,176.3100
1622358116524000,1,4.62000000,176.3100
1622358135617000,0,1.21121765,176.2000
1622358143455000,0,6.88407000,176.5000
1622358167077000,0,6.87421000,176.8100
1622358167489000,0,0.00000712,176.8100
1622358167533000,0,1.00000000,176.8300
1622358172916000,0,0.54926386,177.0000
1622358183556000,1,6.74000000,176.8300
1622358183742000,1,10.34700000,176.8100
1622358196123000,0,11.27410000,177.2200
1622358196129000,0,45.99190000,177.2300
1622358249701000,1,1.50000000,177.3500
1622358249701000,1,7.45400000,177.3400
1622358262991000,0,0.27738521,177.6100
1622358263321000,0,0.00566092,177.6100
1622358268198000,0,8.19432380,177.7600
1622358268214000,0,0.16723110,177.7600
1622358275342000,0,0.39217017,177.7700
1622358292330000,0,0.11249860,177.7800
1622358312382000,0,2.64725710,177.8000
1622358322579000,1,1.46399000,177.2700
1622358322897000,1,0.00000508,177.2700
1622358334473000,1,0.49290090,176.8100
1622358334473000,1,0.31887865,176.8000
1622358352882000,0,6.85550000,177.2100
1622358354816000,0,0.00007918,177.2100
1622358397853000,0,6.50000000,176.9200
1622358397864000,0,2.30000000,176.9200
1622358438460000,1,1.22000000,176.6300
1622358438474000,1,0.00985000,176.6300
1622358444022000,0,8.80000000,176.7500
1622358461882000,1,1.00000000,176.8700
1622358461883000,1,58.91000000,176.8700
1622358476823000,1,21.04900000,176.6300
1622358476823000,1,0.03013407,176.6300
1622358482276000,0,3.01000000,176.8700
1622358482556000,0,5.79000000,176.8700
1622358587492000,1,8.80000000,176.1100
1622358589586000,1,11.33610000,176.0400
1622358607011000,0,6.88000000,176.3200
1622358608224000,1,8.80000000,176.3300
1622358615063000,1,30.00000000,176.1600
1622358615063000,1,47.74699894,176.1500
1622358645141000,0,7.91126376,176.0800
1622358687394000,0,11.35700000,176.0000
1622358689319000,0,0.17500567,176.2800
1622358726270000,1,15.67826000,175.6000
1622358767903000,1,53.82000000,175.4500
1622358782908000,1,0.00700000,175.4500
1622358782908000,1,14.30300000,175.4500
1622358789772000,1,0.00500000,175.4500
1622358867525000,1,8.80000000,174.8400
1622358867525000,1,5.71547775,174.8300
1622358867538000,1,0.00000001,174.8300
1622358867538000,1,11.43090000,174.8100
1622358867538000,1,0.23854977,174.7900
1622358867559000,1,0.59640170,174.7700
1622358956665000,0,8.80000000,175.0800
1622358974714000,0,5.70603000,175.3900
1622358975853000,1,1.43094270,175.3000
1622358996332000,0,0.00000921,175.3900
1622358996332000,0,5.70602079,175.3900
1622359003513000,0,5.70901000,175.2300
1622359005059000,0,0.00000296,175.2300
1622359005059000,0,5.70900704,175.2300
1622359015104000,0,0.00000592,175.2300
1622359015556000,0,5.70874000,175.2400
1622359026740000,0,5.70665000,175.3100
1622359027238000,0,0.00000335,175.3100
1622359034587000,0,0.00001842,175.3900
1622359081419000,1,43.52000000,175.0100
1622359081460000,1,0.00200000,175.0100
1622359082447000,1,21.43600000,175.0100
1622359096022000,1,1.42539483,174.6000
1622359140686000,0,15.64240000,174.9600
1622359145975000,0,3.78930065,175.2100
1622359216065000,1,1.43110653,174.9400
1622359223783000,0,0.50000000,175.0100
1622359253043000,1,14.69000000,174.8900
1622359375852000,1,1.80539186,174.7400
1622359376053000,1,19.60000000,174.7400
1622359376064000,1,3.01460814,174.7400
1622359457214000,1,11.44000000,174.5400
1622359463815000,1,0.67891046,174.5500
1622359494957000,1,26.75000000,174.5400
1622359495028000,1,0.00600000,174.5400
1622359499076000,0,0.50788939,174.5700
1622359566186000,1,11.45110000,174.4400
1622359566186000,1,8.57449979,174.4300
1622359567600000,1,41.16000000,174.2600
1622359594752000,1,8.80000000,174.5100
1622359631064000,0,5.72000000,174.8200
1622359668291000,1,0.11600000,174.5100
1622359673988000,0,0.00417560,174.8200
1622359673988000,0,6.94484832,174.9100
1622359673988000,0,1.36155408,174.9100
1622359681279000,1,27.22000000,174.6100
1622359681361000,1,0.00300000,174.6100
1622359697279000,1,6.38440000,174.4600
1622359765359000,0,11.43160000,174.6600
1622359803324000,1,1.50000000,174.7100
1622359803324000,1,1.56527533,174.7000
1622359803324000,1,5.71979846,174.7000
1622359803369000,0,10.17380189,174.6900
1622359803407000,0,1.04112432,174.6900
1622359819711000,0,0.88720000,175.2600
1622359819711000,0,7.11280000,175.2700
1622359873809000,0,6.54000000,175.6200
1622359873827000,0,18.41000000,175.6200
1622359873906000,0,24.26816285,175.6200
1622359937045000,0,8.80000000,175.5800
1622359943893000,0,0.74365988,175.4700
1622359945031000,1,8.80000000,175.2500
1622359976838000,0,10.00000000,175.5300
1622360031568000,0,8.80000000,175.8700
1622360031568000,0,1.20000000,175.8800
1622360064516000,1,6.51929425,175.7000
1622360121325000,0,0.16991090,176.2100
1622360163288000,1,40.96000000,175.8500
1622360163397000,1,3.38000000,175.8500
1622360204295000,1,20.29956320,175.4800
1622360311366000,1,3.59902419,175.8100
1622360312152000,1,39.48000000,175.7900
1622360419510000,0,8.80000000,176.3800
1622360419545000,0,30.00000000,176.3900
1622360419545000,0,5.67288421,176.4200
1622360419545000,0,6.88733394,176.4500
1622360419545000,0,45.86431596,176.4600
1622360419545000,0,28.36442104,176.4800
1622360419545000,0,351.54070000,176.4800
1622360419784000,0,15.89141475,176.4700
1622360419784000,0,6.89267948,176.5100
1622360419784000,0,8.54169026,176.5500
1622360419784000,0,42.54216935,176.5600
1622360419784000,0,0.37500000,176.5700
1622360419784000,0,1.25779563,176.5700
1622360419784000,0,8.39214908,176.6000
1622360421541000,0,0.37125000,176.4500
1622360421671000,0,141.53785881,176.4500
1622360421703000,0,8.48213812,176.4500
1622360421737000,0,3.39218308,176.4500
1622360422071000,0,0.37500000,176.4500
1622360422080000,0,5.66151436,176.4500
1622360422159000,0,8.15343804,176.4500
1622360422197000,0,8.47400000,176.4500
1622360422373000,0,2.71532759,176.4500
1622360430640000,0,8.80000000,176.9300
1622360475385000,0,11.28560000,177.2000
1622360475407000,0,6.85990000,177.2500
1622360475779000,0,11.27890000,177.2100
1622360480581000,0,14.81417000,177.5300
1622360501150000,0,1.00000000,177.1500
1622360512898000,0,5.64868834,177.2300
1622360513247000,0,68.80000000,177.2800
1622360513325000,0,7.92447530,177.2800
1622360513325000,0,48.33198419,177.3300
1622360513325000,0,5.00000000,177.3300
1622360515522000,0,5.64501350,177.3000
1622360523010000,1,48.35000000,177.0900
1622360523204000,1,31.02173240,177.0700
1622360529720000,0,8.80000000,176.9100
1622360579884000,1,34.14710000,177.1200
1622360580539000,1,58.61417000,177.1200
1622360580661000,1,13.39973000,177.1200
1622360667192000,0,5.68025789,177.5100
1622360717454000,1,25.00000000,177.0000
1622360743414000,0,6.87399887,176.7000
1622360761378000,1,46.59192008,176.3000
1622360761398000,1,0.95085551,176.3000
1622360798570000,0,5.99126000,175.9200
1622360799917000,0,0.15000000,176.0000
1622360800471000,0,2.99563215,176.0900
1622360800471000,0,4.26705925,176.1000
1622360803385000,0,1.49781000,176.1400
1622360825955000,0,0.15000000,176.5000
1622360825955000,0,0.36750000,176.6000
1622360825955000,0,2.48250000,176.6400
1622360831344000,0,5.67025488,176.5800
1622360831344000,0,11.32320000,176.6000
1622360831344000,0,6.53892399,176.6100
1622360831344000,0,1.46762113,176.6200
1622360844600000,1,8.80000000,176.2000
1622360866071000,1,1.34162000,176.0900
1622360866085000,1,0.02738000,176.0900
1622360869703000,0,6.70442329,176.0800
1622360869703000,0,8.79999671,176.0800
1622360991356000,0,5.68979000,175.9000
1622361027147000,0,6.40544000,176.5200
1622361060441000,0,5.66787000,176.5800
1622361062783000,0,0.00000286,176.5800
1622361118596000,1,10.56014680,176.1200
1622361118619000,1,4.32090838,176.1200
1622361152388000,0,5.68553000,176.0400
1622361159375000,0,6.24383648,175.8600
1622361176419000,0,5.69077000,175.8700
1622361184646000,0,0.00000975,175.8700
1622361188312000,0,0.00000499,176.0400
1622361223496000,0,6.39663000,176.3700
1622361243551000,0,6.25120000,176.4000
1622361244372000,0,15.62681448,176.4500
1622361244372000,0,2.37318552,176.4500
1622361244483000,0,3.87780000,176.4500
1622361244530000,0,0.00001086,176.4500
1622361245022000,0,11.32020000,176.4800
1622361249874000,0,5.48111000,176.5600
1622361251904000,0,5.48111000,176.6000
1622361263511000,1,10.00000000,176.3800
1622361271417000,1,8.62400000,176.4600
1622361272409000,1,0.17600000,176.4600
1622361272409000,1,55.89963062,176.4500
1622361381441000,0,5.69028000,175.8500
1622361390299000,0,5.96976000,175.8000
1622361404633000,0,5.69506184,175.7400
1622361413317000,1,0.29446356,175.5700
1622361415767000,0,5.69665000,175.6600
1622361418226000,0,0.00000516,175.6600
1622361429105000,0,0.00000279,175.8500
1622361479642000,1,15.86000000,175.7200
1622361479642000,1,14.14000000,175.7200
1622361553630000,0,8.79999999,175.8100
1622361613636000,0,5.67857000,176.2500
1622361702731000,0,8.80000000,176.3600
1622361723926000,0,11.27410000,177.2800
1622361724004000,0,15.84660000,177.2700
1622361729645000,1,1.28000000,177.6400
1622361729670000,1,1.31000000,177.6400
1622361733227000,1,8.80000000,177.3400
1622361741050000,1,8.62400000,177.1700
1622361741098000,1,0.17600000,177.1700
1622361745332000,1,47.38424259,176.9700
1622361761997000,1,11.26000000,177.0100
1622361773386000,1,27.14552000,176.7400
1622361773469000,1,16.00000000,176.7400
1622361779889000,1,8.80000000,176.6500
1622361795320000,0,8.80000000,176.1600
1622361801783000,0,8.80000000,176.1000
1622361804235000,1,5.48000000,175.9000
1622361833346000,1,5.00000000,175.7800
1622361877579000,0,11.39190000,175.1000
1622361901495000,1,6.75000000,174.6900
1622361916821000,1,0.88975797,174.7900
1622361916906000,1,1.20731561,174.7800
1622361916942000,1,0.44041069,174.7800
1622361916942000,1,2.31337072,174.7800
1622361917139000,1,0.88975797,174.7700
1622361917139000,1,2.31337072,174.7300
1622361917467000,1,0.35603755,174.6800
1622361917467000,1,0.88975797,174.6700
1622361917467000,1,2.31337072,174.6700
1622361941997000,0,30.00000000,175.4700
1622361941997000,0,47.49733091,175.4800
1622361971603000,0,6.91927762,175.5300
1622361992387000,1,14.99000000,175.2600
1622362011171000,1,9.27936640,174.9300
1622362016793000,1,1.62481267,174.9100
1622362067115000,1,0.20442123,175.1900
1622362106653000,1,8.63067694,175.0500
1622362106653000,1,1.36932306,175.0400
1622362231386000,1,0.86000000,175.2700
1622362231516000,1,0.00277339,175.2700
1622362231516000,1,0.86289146,175.2600
1622362231516000,1,5.60878812,175.2500
1622362231516000,1,8.44547166,175.2300
1622362311568000,1,1.00000000,175.7600
1622362388684000,0,11.34070000,176.1900
1622362474142000,1,0.99261724,175.5000
1622362497569000,0,11.37940000,175.8300
1622362603285000,0,11.36630000,175.9000
1622362603285000,0,6.91199000,175.9000
1622362603477000,0,6.90750000,175.9200
1622362610351000,0,6.89910944,176.1300
1622362610351000,0,6.89785056,176.1300
1622362665391000,1,0.54161006,175.9100
1622362665391000,1,1.35407130,175.9000
1622362665391000,1,40.00000000,175.8900
1622362677899000,0,1.31965000,175.4400
1622362696419000,1,8.60000000,175.1600
1622362699255000,1,45.00000000,174.9800
1622362730936000,1,5.73168886,174.2900
1622362730936000,1,11.43710000,174.2600
1622362730936000,1,18.94500000,174.2500
1622362730936000,1,27.54848050,174.2200
1622362735260000,0,6.95548092,174.5500
1622362735260000,0,11.44010000,174.5600
1622362810959000,0,1.00000000,175.0000
1622362811006000,0,9.00000000,175.0000
1622362847359000,1,30.00000000,174.9500
1622362918013000,1,15.12000000,173.8400
1622362918029000,1,4.77700000,173.8400
1622362918202000,1,2.96118233,173.8200
1622362927235000,0,6.98301000,173.9100
1622362940019000,0,6.98315000,173.8900
1622362945881000,1,1.50000000,173.4700
1622362945881000,1,7.45400000,173.4700
1622362946013000,1,0.65676803,173.3600
1622362988329000,0,8.80000000,173.8400
1622362988329000,0,11.49890000,173.8500
1622362988329000,0,6.98424092,173.8600
1622362988329000,0,5.08646752,173.8700
1622363006501000,0,11.00280000,173.8700
1622363006562000,0,0.00000474,173.8700
1622363012450000,0,1.41162283,174.1400
1622363091730000,1,4.14458990,174.3400
1622363092654000,1,3.00000000,174.3300
1622363094184000,1,0.21813650,174.3300
1622363105662000,1,8.80000000,174.4400
1622363105662000,1,14.82180051,174.4300
1622363108626000,1,1.24325322,174.4800
1622363117409000,1,5.00000000,174.6000
1622363135738000,1,4.14098496,174.6000
1622363136494000,1,4.14098496,174.6000
1622363165568000,1,3.00000000,174.8400
1622363170664000,1,5.71000000,174.7500
1622363172974000,1,28.94000000,174.7300
1622363217528000,0,17.38520000,174.7800
1622363217673000,0,6.95460000,174.7700
1622363217775000,0,4.49460000,174.7700
1622363217775000,0,0.00004055,174.7800
1622363217775000,0,6.95460822,174.7800
1622363240878000,0,1.45300000,175.0400
1622363241344000,0,2.49130641,175.0400
1622363243848000,0,0.49163000,175.0400
1622363244239000,0,0.74000016,175.0400
1622363246201000,0,0.57782242,175.0400
1622363247003000,0,2.49834000,175.0400
1622363247330000,0,0.00000456,175.0400
1622363264001000,1,4.07895994,174.9400
1622363266630000,1,0.21468216,174.9200
1622363418758000,1,2.13316465,174.7500
1622363418939000,1,0.36795280,174.7500
1622363418963000,1,6.29888255,174.7500
1622363450909000,0,16.27000000,175.1400
1622363450925000,0,0.00136319,175.1400
1622363456481000,1,1.31000000,174.9800
1622363478206000,1,8.80000000,175.0000
1622363510924000,0,12.15000000,175.3400
1622363558815000,0,11.35280000,176.1100
1622363559112000,0,44.00000000,176.1200
1622363613389000,0,3.86330000,176.1500
1622363618193000,1,1.47000000,176.0100
1622363618247000,1,0.00860521,176.0100
1622363633216000,0,0.82203351,176.2300
1622363633474000,0,0.82203351,176.2300
1622363653813000,0,11.49510000,176.2300
1622363654141000,0,11.32590000,176.2300
1622363691786000,0,5.20591185,176.6200
1622363741339000,0,5.76549872,175.9800
1622363744080000,0,6.90684000,176.1200
1622363765058000,0,11.35110000,176.0700
1622363765213000,0,6.90583000,176.0800
1622363800218000,0,0.68699256,176.1300
1622363822134000,1,14.95000000,175.9100
1622363849911000,1,47.99000000,175.3900
1622363907796000,1,2.16255074,175.2100
1622363942921000,0,11.39000000,175.4200
1622363967100000,1,43.00000000,174.9100
1622363991774000,1,50.34000000,174.5900
1622364013493000,0,8.80000000,175.0200
1622364017760000,0,11.40400000,175.1800
1622364030257000,1,1.09059802,175.1600
1622364030257000,1,1.26059606,175.1500
1622364044996000,0,0.25000000,175.4800
1622364054884000,0,8.80000000,175.5900
1622364097067000,1,0.92801567,174.8400
1622364097067000,1,2.32003919,174.8300
1622364104164000,0,11.43230000,175.0700
1622364130086000,0,11.40580000,175.2600
1622364225656000,1,1.46990941,175.4400
1622364243578000,0,11.39780000,175.5200
1622364265093000,0,11.39400000,175.5400
1622364266354000,1,8.79999999,175.6300
1622364290000000,1,8.80000000,175.5800
1622364290114000,1,5.69211367,175.5700
1622364350191000,0,49.83901000,175.8500
1622364350327000,0,0.00000770,175.8500
1622364451255000,1,31.00000000,175.6900
1622364580867000,0,40.00000000,175.3000
1622364616200000,0,15.34000000,175.8200
1622364616279000,0,0.00507377,175.8200
1622364616909000,0,5.00000000,175.9200
1622364705277000,0,6.90250000,176.1600
1622364705277000,0,1.86086447,176.1600
1622364705310000,0,1.68681368,176.1600
1622364705360000,0,0.87702185,176.1600
1622364706468000,0,6.75895481,176.3600
1622364711992000,0,8.80000000,176.4100
1622364712332000,0,6.89040000,176.4500
1622364713163000,0,0.27718691,176.6200
1622364713187000,0,59.35931565,176.7000
1622364713683000,0,17.20446674,176.6000
1622364715536000,1,8.80000000,176.5800
1622364715711000,1,0.54238721,176.5500
1622364715711000,1,1.35451095,176.5400
1622364724945000,0,11.30710000,176.8600
1622364724945000,0,17.19161439,176.8700
1622364724945000,0,6.87671569,176.8700
1622364732308000,0,8.80000000,176.8100
1622364743505000,1,5.65623000,176.7100
1622364743594000,1,8.80000000,176.7100
1622364756832000,1,5.65365000,176.8000
1622364757402000,1,0.00000506,176.8000
1622364781348000,0,10.33000000,176.7200
1622364808124000,1,1.00000000,176.7100
1622364839467000,1,11.28660000,176.5200
1622364839914000,1,1.90100000,176.5200
1622364839985000,1,5.66204000,176.5200
1622364840071000,1,8.80000000,176.5100
1622364880335000,1,2.12469153,176.5800
1622364880335000,1,0.84986847,176.5800
1622364880337000,1,0.00000814,176.5800
1622364901302000,0,5.25107324,176.3600
1622364901302000,0,0.73678392,176.3700
1622364965919000,0,8.80000000,176.0400
1622365014821000,0,14.83064375,175.8700
1622365016624000,1,0.92052265,175.7600
1622365045849000,0,8.80000000,175.6000
1622365059134000,1,8.80000000,175.3000
1622365059818000,1,3.99000000,175.3300
1622365087957000,1,0.79000000,175.3500
1622365087958000,1,0.00538182,175.3500
1622365087958000,1,0.78461818,175.3500
1622365087997000,1,0.02128719,175.3500
1622365139114000,0,0.38580619,175.1000
1622365140179000,1,8.70154373,174.9000
1622365140179000,1,8.59716344,174.8600
1622365140179000,1,8.56113461,174.8500
1622365140179000,1,11.50000000,174.8300
1622365140179000,1,214.44000000,174.8200
1622365140179000,1,20.20800000,174.8200
1622365142691000,0,8.80000000,174.8200
1622365167870000,0,5.72000000,174.8000
1622365188511000,1,8.80000000,174.8600
1622365188511000,1,8.73683119,174.8500
1622365204415000,0,0.28787000,175.4400
1622365207653000,0,0.00000648,175.4400
1622365248209000,0,8.80000000,175.9800
1622365248424000,0,6.91402000,176.0200
1622365248488000,0,0.00000150,176.0200
1622365320386000,1,8.80000000,176.3900
1622365325127000,1,8.80000000,176.2700
1622365327613000,1,0.29000000,176.2200
1622365336131000,0,8.80000000,176.2100
1622365337895000,0,8.80000000,176.3100
1622365339165000,1,44.00000000,176.2100
1622365339388000,0,3.42053780,176.3900
1622365339398000,0,2.23026936,176.3900
1622365339401000,0,3.14919284,176.3900
1622365339508000,1,8.47400000,176.3900
1622365339623000,1,0.37125000,176.3900
1622365340077000,0,8.80000000,176.5600
1622365340616000,0,8.80000000,176.5600
1622365354856000,1,8.80000000,176.4300
1622365355045000,1,8.50855506,176.4200
1622365355797000,0,17.23015684,176.5200
1622365355797000,0,0.36750000,176.5900
1622365355797000,0,8.11574316,176.6400
1622365356311000,0,8.80000000,176.5700
1622365356469000,0,25.48400000,176.5700
1622365369481000,0,8.80000000,176.7600
1622365377385000,1,1.19247671,176.5800
1622365377385000,1,0.80752329,176.5700
1622365379242000,0,8.80000000,176.8100
1622365400808000,0,8.80000000,176.7000
1622365406159000,0,8.80000000,176.7500
1622365407061000,0,8.80000000,176.7900
1622365408104000,0,8.80000000,176.8400
1622365426085000,0,6.87156776,176.9600
1622365426085000,0,10.06973224,176.9700
1622365426298000,0,10.06973000,176.9600
1622365426298000,0,1.21476776,176.9700
1622365426298000,0,5.65686859,176.9700
1622365426298000,0,9.30983365,176.9900
1622365432970000,1,11.29860000,176.8000
1622365439968000,1,8.80000000,176.8000
1622365451472000,1,7.24759946,176.7500
1622365456969000,1,8.80000000,176.7700
1622365476209000,1,8.80000000,176.7300
1622365477337000,1,8.80000000,176.6800
1622365477430000,1,8.80000000,176.6900
1622365505190000,1,8.80000000,176.5500
1622365505440000,1,6.04051000,176.5800
1622365521133000,1,38.87060000,176.3100
1622365521153000,1,13.92910000,176.3000
1622365521667000,0,8.80000000,176.5100
1622365522146000,0,8.80000000,176.5500
1622365523034000,0,8.80000000,176.6400
1622365541118000,1,1.32000000,176.6800
1622365671456000,0,6.78310000,177.1500
1622365715725000,1,11.26740000,176.9800
1622365788510000,0,5.64000000,177.1600
1622365788557000,0,0.00918922,177.1600
1622365932242000,1,1.01800279,176.3600
1622365992724000,1,11.37770000,175.6900
1622366036940000,0,5.50511910,175.8700
1622366036940000,0,0.50693446,175.8900
1622366087557000,0,37.38187000,175.9900
1622366087575000,0,0.00000530,175.9900
1622366103013000,0,5.68000000,176.0700
1622366249779000,0,22.60180000,175.9200
1622366249907000,0,0.00000077,175.9200
1622366258609000,1,11.34700000,175.8000
1622366275097000,0,1.58413533,176.2900
1622366277118000,0,3.69000000,176.2900
1622366293226000,0,0.00365406,176.2900
1622366293504000,0,130.15000000,176.4200
1622366293515000,0,43.09730000,176.4200
1622366313205000,1,11.33710000,176.2800
1622366342928000,0,1.00000000,176.4200
1622366343010000,0,8.17633112,176.4200
1622366368930000,1,0.24880339,176.5000
1622366368949000,1,0.00507762,176.5000
1622366432998000,1,8.80000000,176.2100
1622366444939000,0,5.67948951,176.2000
1622366585961000,1,0.72667094,176.2200
1622366585961000,1,27.33800000,176.2100
1622366585961000,1,8.80000000,176.2100
1622366585961000,1,1.81667736,176.2100
1622366585961000,1,58.40499032,176.2000
1622366639324000,0,0.25405558,176.3000
1622366680497000,1,8.80000000,175.9300
1622366719898000,1,14.93000000,175.9900
1622366720003000,1,0.00502436,175.9900
1622366817185000,0,0.25291917,176.4200
1622366828418000,1,11.31750000,176.3500
1622366828710000,1,11.33890000,176.3100
1622366832013000,1,0.73596876,176.1400
1622366832085000,1,0.63713785,176.1300
1622366851860000,1,112.04000000,176.2700
1622366851951000,1,53.86530000,176.2700
1622366940859000,0,69.09519000,176.6600
1622366941009000,0,10.27654000,176.6600
1622366941066000,0,0.00000240,176.6600
1622367027014000,1,8.80000000,175.9600
1622367027014000,1,5.67667734,175.9300
1622367027014000,1,0.63560776,175.9300
1622367027014000,1,11.32820000,175.9200
1622367027014000,1,1.58838767,175.9100
1622367027014000,1,0.36375000,175.9000
1622367027014000,1,29.00000000,175.9000
1622367027079000,0,79.37173240,175.9000
