timestamp ms,type,amount,price
1625531857781000,0,29.78739875,0.00060981
1625531858061000,0,8.16447420,0.00060981
1625531930486000,1,0.32937000,0.00060815
1625532603151000,0,24.00023547,0.00061066
1625532753460000,0,23.89999700,0.00061300
1625532755285000,0,39.37706103,0.00061300
1625532764997000,0,70.42429286,0.00061300
1625532769246000,0,40.74934799,0.00061300
1625532769570000,0,31.60000000,0.00061300
1625532770254000,0,44.41032407,0.00061300
1625532772541000,0,70.72288568,0.00061300
1625532814509000,0,78.81609137,0.00061300
1625538504463000,1,14.99611332,0.00061000
1625539061645000,0,24.01412163,0.00061524
1625539811261000,0,23.92416082,0.00061826
1625539811261000,0,71.79748268,0.00061848
1625539811261000,0,71.66218495,0.00061851
1625539811261000,0,141.66789663,0.00061877
1625539811261000,0,56.66656571,0.00061877
1625539811261000,0,71.77886971,0.00061878
1625539811261000,0,119.79692052,0.00061882
1625539811261000,0,23.45591898,0.00061890
1625539814318000,0,56.40368198,0.00062137
1625539918162000,0,475.62029251,0.00062101
1625539993905000,0,68.99013974,0.00062420
1625539993919000,0,69.90278783,0.00062420
1625539993940000,0,65.78282231,0.00062420
1625539994126000,0,67.26349231,0.00062420
1625539994139000,0,65.61031264,0.00062420
1625539994229000,0,142.55626700,0.00062420
1625539994967000,0,19.89417817,0.00062420
1625540127958000,0,14.06123775,0.00062625
1625540128033000,0,59.69992389,0.00062625
1625540159342000,0,138.98237243,0.00062730
1625540159342000,0,181.54473143,0.00062730
1625540278726000,0,15.97733916,0.00062810
1625540278820000,0,36.61455114,0.00062810
1625540278838000,0,6.88086318,0.00062810
1625540278879000,0,12.22459834,0.00062841
1625540354417000,0,8.15999999,0.00062993
1625540354488000,0,15.10000000,0.00062993
1625540354529000,0,0.15296162,0.00062993
1625540354529000,0,6.28105636,0.00063000
1625540354536000,0,15.94870599,0.00063000
1625540354660000,0,11.83941451,0.00063000
1625541018281000,0,23.57289300,0.00062580
1625541018343000,0,0.00000539,0.00062580
1625541018343000,0,70.57560161,0.00062604
1625541906815000,0,5.93082314,0.00063000
1625541906815000,0,17.48213847,0.00063000
1625541906815000,0,260.00000000,0.00063000
1625542619844000,1,7.30742540,0.00062783
1625542619915000,1,16.12694807,0.00062783
1625543948721000,0,240.00000000,0.00063500
1625544453610000,1,0.36165562,0.00063684
1625546081446000,1,68.48973386,0.00063881
1625546081465000,1,28.85000000,0.00063881
1625546081485000,1,40.00000000,0.00063881
1625546081542000,1,63.30244502,0.00063881
1625546081578000,1,60.30339458,0.00063881
1625546081629000,1,63.30346426,0.00063881
1625546081745000,1,67.82506565,0.00063881
1625546530249000,1,9.70000000,0.00064268
1625546644955000,1,22.56827983,0.00063942
1625546645155000,0,34.05905905,0.00063936
1625547357295000,1,20.00000000,0.00064063
1625549957431000,0,8.49712851,0.00063723
1625549957879000,0,22.53552176,0.00063761
1625550049872000,1,22.49295569,0.00063833
1625550049872000,1,22.85417675,0.00063823
1625550535424000,1,22.49247722,0.00063823
1625550722857000,1,22.53143533,0.00063776
1625551017442000,0,1.86939808,0.00063996
1625551874415000,1,68.10000081,0.00064380
1625551922686000,1,34.48958980,0.00064043
1625551922740000,1,77.24008677,0.00064043
1625551923013000,1,87.69582624,0.00064043
1625553753925000,1,9.04981518,0.00064121
1625553753938000,1,13.38789041,0.00064121
1625554783121000,1,22.54076839,0.00063915
1625555210556000,1,22.50402095,0.00063949
1625556611391000,1,22.41665084,0.00064134
1625561210891000,0,13.24086659,0.00065059
1625562702018000,1,22.38582151,0.00063941
1625563159287000,0,136.80148546,0.00063158
1625563995151000,0,664.51000000,0.00062974
1625563995151000,0,55.81914000,0.00063026
1625563995312000,1,28.00038544,0.00063027
1625564001006000,1,4.41727098,0.00062801
1625564104858000,1,23.27755549,0.00062855
1625564105089000,0,465.77693324,0.00062853
1625564105100000,0,23.28884667,0.00062853
1625564105555000,0,15.68958836,0.00062853
1625564105596000,0,465.71630818,0.00062853
1625564105910000,0,510.29394930,0.00062853
1625564837302000,0,68.31783978,0.00063333
1625565371005000,0,22.96348488,0.00063643
1625565771425000,0,22.90591604,0.00063959
1625568185646000,1,224.00000000,0.00064144
1625568185745000,1,134.45000000,0.00064144
1625568185897000,1,224.00000000,0.00064144
1625568185897000,1,2.00000000,0.00064123
1625568227194000,1,22.97006250,0.00064159
1625568632434000,1,10.40573619,0.00063955
1625568632494000,1,12.68913776,0.00063955
1625570793209000,1,13.80458161,0.00064036
1625570796610000,1,9.24367083,0.00064036
1625571620757000,0,22.88318493,0.00064456
1625571620757000,0,17.43233187,0.00064470
1625572275057000,0,22.50854031,0.00065017
1625572275057000,0,68.25928306,0.00065044
1625572275057000,0,12.41288049,0.00065050
1625572275057000,0,67.56222604,0.00065052
1625572275839000,0,29.40000000,0.00065220
1625572275881000,0,3.17586793,0.00065220
1625575189743000,0,0.30486410,0.00065603
1625575685295000,1,22.28058314,0.00065459
1625576144378000,0,10.08481055,0.00065775
1625577457878000,1,1.81391888,0.00065696
1625577915010000,1,22.12097376,0.00065869
1625577915010000,1,66.30007036,0.00065837
1625577915010000,1,276.10243891,0.00065819
1625578058894000,1,22.07585197,0.00065942
1625578309124000,1,22.18575749,0.00065763
1625578423689000,1,66.59564912,0.00065756
1625579072345000,1,22.37860222,0.00065419
1625580068558000,0,5.00000000,0.00065750
1625581241821000,0,22.50433116,0.00065328
1625583896705000,0,0.72084784,0.00065201
1625584221337000,1,22.70548087,0.00064913
1625584221337000,1,32.39451913,0.00064910
1625584221350000,1,12.14225231,0.00064910
1625584221531000,1,23.52410156,0.00064910
1625584333445000,1,8.99347154,0.00064855
1625584353816000,1,13.71948704,0.00064855
1625584353816000,1,2.65903889,0.00064824
1625584369521000,1,22.72189958,0.00064799
1625584388350000,1,22.72189958,0.00064799
1625584672583000,1,22.51537736,0.00065023
1625585518193000,1,22.52147276,0.00065139
1625586907060000,0,5.00000000,0.00066000
1625587237165000,1,0.46120876,0.00066145
1625587390925000,1,52.32834958,0.00066117
1625587709753000,1,22.23643339,0.00065969
1625588208690000,0,22.34918634,0.00065876
1625588208889000,0,66.84418450,0.00065910
1625588322430000,1,63.13252847,0.00065798
1625588701337000,1,3.32634984,0.00065689
1625588808547000,1,50.00000000,0.00065900
1625588808547000,1,15.01760304,0.00065842
1625588832918000,1,18.23607598,0.00065744
1625588833168000,1,22.38704870,0.00065747
1625588833865000,1,4.87843012,0.00065737
1625588834057000,1,9.44386943,0.00065737
1625588834078000,1,5.31391980,0.00065737
1625588834107000,1,27.03407714,0.00065737
1625589052179000,0,22.45856400,0.00065716
1625589052179000,0,44.41574276,0.00065745
1625589503121000,0,50.00000000,0.00065924
1625589566686000,0,2.00000000,0.00066085
1625589991444000,0,5.00000000,0.00066500
1625590027601000,1,2.00000000,0.00066566
1625590147069000,1,442.45529971,0.00066675
1625590242284000,0,1.85606060,0.00066804
1625590249352000,0,5.00000000,0.00067000
1625590284387000,0,5.00000000,0.00067500
1625590410454000,0,4.98714173,0.00067350
1625590696985000,1,11.00000000,0.00066996
1625594039822000,0,0.39990331,0.00067991
1625594039822000,0,8.00000000,0.00068000
1625594098323000,0,13.55000079,0.00068079
1625594662216000,0,21.66020190,0.00068066
1625595779598000,0,4.03964399,0.00068040
1625595779606000,0,3.11796502,0.00068040
1625595779636000,0,11.32507474,0.00068040
1625596061725000,1,41.53921074,0.00067737
1625596061768000,1,8.69615684,0.00067737
1625596067259000,1,4.80000000,0.00067749
1625596082578000,1,10.40000000,0.00067754
1625596301978000,1,43.43333380,0.00067725
1625596358832000,0,21.70178441,0.00067692
1625596432692000,1,24.75250278,0.00067535
1625596464402000,1,21.10328788,0.00067382
1625596464436000,1,65.24510256,0.00067382
1625596464439000,1,66.32775510,0.00067382
1625596623132000,1,19.69348230,0.00067128
1625596623203000,1,8.96000000,0.00067128
1625596623276000,1,7.17999999,0.00067128
1625596623433000,1,12.90354395,0.00067128
1625596657741000,1,8.07691800,0.00067187
1625597972663000,1,21.62392945,0.00066624
1625598436734000,0,0.59558192,0.00066409
1625599081232000,0,22.30626610,0.00066161
1625600149397000,1,0.87959729,0.00065909
1625601146697000,1,22.21302386,0.00065910
1625601270508000,0,0.87009439,0.00065849
1625603658124000,0,22.43275709,0.00065698
1625605297489000,1,22.63151711,0.00065127
1625605695308000,0,6.69999999,0.00065051
1625607823380000,0,22.71743856,0.00064958
1625607823380000,0,108.09806906,0.00064981
1625608146344000,1,22.91136001,0.00064456
1625612196337000,1,22.52065748,0.00065192
1625613089849000,1,6.31390082,0.00065427
1625615820330000,1,22.40063877,0.00065306
1625615820793000,1,22.40063877,0.00065306
1625617434184000,1,22.42413079,0.00065075
1625617434184000,1,31.42736921,0.00065042
1625617940430000,1,22.89322037,0.00064103
1625621311947000,1,22.03689830,0.00064786
1625621442721000,1,22.49423434,0.00064864
1625623099026000,1,22.73921000,0.00064259
1625624545622000,1,8.05919282,0.00064550
1625624545662000,1,8.00000000,0.00064550
1625625427198000,0,22.69321584,0.00064685
1625626031082000,0,13.41196078,0.00064772
1625626031173000,0,9.22335704,0.00064772
1625627006134000,1,67.58630485,0.00064719
1625627163714000,0,67.12534083,0.00064691
1625627163714000,0,22.57262458,0.00064705
1625627676110000,1,15.32524777,0.00064694
1625627676115000,1,20.89658456,0.00064694
1625628204176000,0,19.89941294,0.00064585
1625628204194000,0,20.09596183,0.00064585
1625628204263000,0,27.66866827,0.00064585
1625628204617000,0,5.00356102,0.00064579
1625628361632000,1,22.49379589,0.00064571
1625628707693000,0,55.11907717,0.00064623
1625628707728000,0,63.54594720,0.00064623
1625628707766000,0,12.38480798,0.00064623
1625628707782000,0,15.47436671,0.00064623
1625628707799000,0,26.30642340,0.00064623
1625628707891000,0,66.56823110,0.00064623
1625629652152000,0,22.36546126,0.00064997
1625629680078000,0,22.35556738,0.00065032
1625630278083000,0,22.36070926,0.00064913
1625630899525000,1,22.34162284,0.00064855
1625631759282000,0,0.61938000,0.00064982
1625633791831000,0,0.69012493,0.00066359
1625633857286000,0,52.75386000,0.00066612
1625633869809000,1,0.70814100,0.00066678
1625639665524000,1,4.00210000,0.00066698
1625642897241000,0,0.76399990,0.00066462
1625649097760000,1,21.83495980,0.00065824
1625649642629000,0,4.93157936,0.00065933
1625649648074000,0,7.95823038,0.00065933
1625650362022000,0,6.35298973,0.00066011
1625650500598000,0,21.79801018,0.00065989
1625651290925000,1,21.80195519,0.00065960
1625651822376000,1,21.85305298,0.00065885
1625651822376000,1,8.66103702,0.00065867
1625652431684000,1,21.90347182,0.00065841
1625652795842000,0,10.23850000,0.00065958
1625652795879000,0,21.73090000,0.00065958
1625652796006000,0,20.14306111,0.00065958
1625652796006000,0,5.27133889,0.00065958
1625652865197000,0,10.27556087,0.00065964
1625652866348000,0,30.31926348,0.00065964
1625652866461000,0,11.38715120,0.00065964
1625652866461000,0,15.59699329,0.00065964
1625652909586000,0,37.20987058,0.00066013
1625653766170000,1,21.93538791,0.00065791
1625654150034000,0,4.50000000,0.00065875
1625654272367000,0,21.88465732,0.00065855
1625654605254000,1,21.94356841,0.00065711
1625655613972000,1,21.95303433,0.00065734
1625656221735000,1,51.28478108,0.00066271
1625656237388000,1,51.28061077,0.00066196
1625656237388000,1,69.16239862,0.00066196
1625656237726000,1,22.31979335,0.00066196
1625656423158000,1,14.90817066,0.00066333
1625656423158000,1,14.85095849,0.00066333
1625656518422000,1,11.35283311,0.00066277
1625656800816000,1,21.62010310,0.00066193
1625657122112000,1,38.11790697,0.00066516
1625657165323000,1,50.74828687,0.00066482
1625657165323000,1,10.97637722,0.00066482
1625657165529000,1,11.30576697,0.00066482
1625657166645000,1,6.79999947,0.00066429
1625657183158000,1,50.78551887,0.00066429
1625657183158000,1,10.88453172,0.00066429
1625657183158000,1,5.36572960,0.00066429
1625657186094000,1,21.59157573,0.00066398
1625657189642000,1,21.60023995,0.00066366
1625657192123000,1,21.60023995,0.00066366
1625657192566000,1,7.63354834,0.00066366
1625657280732000,1,21.58670508,0.00066362
1625657286653000,1,18.56258297,0.00066362
1625657326710000,1,21.59652851,0.00066360
1625657487930000,1,21.63641635,0.00066248
1625657506968000,1,21.64495806,0.00066212
1625657517243000,1,21.62869935,0.00066242
1625657517243000,1,19.08046027,0.00066242
1625657541428000,1,19.15813511,0.00066268
1625657658541000,1,50.88250689,0.00066268
1625657658541000,1,10.10441348,0.00066268
1625657658601000,1,24.29528581,0.00066268
1625657658625000,1,14.63753244,0.00066268
1625657695528000,1,50.69478176,0.00066237
1625657695528000,1,13.48375335,0.00066237
1625658025491000,1,21.66523088,0.00066094
1625658099378000,1,45.26460000,0.00066111
1625658557586000,1,8.76151287,0.00066093
1625658557624000,1,8.68088829,0.00066093
1625658557640000,1,5.44836489,0.00066093
1625658557682000,1,28.20985178,0.00066093
1625658557682000,1,19.53511995,0.00066090
1625658557704000,1,60.76659490,0.00066090
1625658557721000,1,47.43488894,0.00066090
1625658557721000,1,13.33332706,0.00066090
1625658557778000,1,13.02141319,0.00066090
1625659530613000,1,21.65255683,0.00066134
1625659531588000,1,13.13442511,0.00066134
1625659532102000,1,8.51813172,0.00066134
1625659676869000,1,31.56733444,0.00066095
1625659676915000,1,19.38904840,0.00066095
1625659676915000,1,24.57607153,0.00066095
1625660222842000,1,21.60141935,0.00066269
1625660225434000,1,21.60141935,0.00066269
1625660226334000,1,21.60141935,0.00066269
1625660236740000,1,19.77871048,0.00066298
1625660236761000,1,30.96166259,0.00066298
1625660236761000,1,13.56379674,0.00066298
1625660259053000,1,37.65514442,0.00066298
1625660261418000,1,21.61811232,0.00066240
1625660261418000,1,64.71492515,0.00066231
1625660498491000,1,50.89409013,0.00066166
1625660498491000,1,13.88400987,0.00066166
1625660531659000,1,2.98990095,0.00066104
1625660532093000,1,18.68664676,0.00066104
1625660633787000,1,4.85375000,0.00066249
1625661289684000,1,46.83133167,0.00066195
1625661289730000,1,4.00019246,0.00066195
1625661289730000,1,60.66079474,0.00066195
1625661289763000,1,54.68912339,0.00066195
1625661289763000,1,28.11477746,0.00066195
1625661474120000,1,42.00000000,0.00066095
1625661712535000,1,19.67421322,0.00066204
1625661712664000,1,1.90832384,0.00066204
1625661712664000,1,4.28643780,0.00066204
1625661746401000,1,50.79699758,0.00066145
1625661746401000,1,33.64851540,0.00066145
1625661750443000,1,9.00187210,0.00066099
1625661858106000,1,21.71890940,0.00066049
1625662151331000,1,20.30000000,0.00066082
1625662151386000,1,30.86003581,0.00066082
1625662151386000,1,10.83998361,0.00066082
1625662151418000,1,20.37000000,0.00066082
1625662151438000,1,13.56000000,0.00066082
1625662151451000,1,44.96041696,0.00066082
1625662151451000,1,14.85976482,0.00066082
1625662487239000,0,8.07490900,0.00065986
1625662655155000,1,19.11999765,0.00066014
1625662655248000,1,21.05000000,0.00066014
1625662655322000,1,11.09364553,0.00066014
1625662655322000,1,48.73635447,0.00066014
1625662655344000,1,50.00000000,0.00066014
1625662660616000,1,128.44334985,0.00066014
1625662660616000,1,51.22140325,0.00066014
1625662668732000,1,5.15487363,0.00065957
1625662777184000,1,15.68068681,0.00065964
1625662783583000,1,21.76091760,0.00065901
1625662797618000,1,21.76091760,0.00065901
1625662797618000,1,65.30402838,0.00065892
1625662800323000,1,21.76091760,0.00065901
1625662800323000,1,65.67586350,0.00065890
1625662803669000,1,21.76091760,0.00065901
1625662952241000,1,21.70992698,0.00066061
1625662952839000,1,21.70992698,0.00066061
1625662955407000,1,21.70992698,0.00066061
1625662957714000,1,21.70992698,0.00066061
1625662958251000,1,3.48002724,0.00066061
1625662960825000,1,18.22989974,0.00066061
1625663217791000,1,43.11093620,0.00066256
1625664218084000,1,16.68829948,0.00066059
1625665001181000,1,5.12389055,0.00066321
1625666256495000,1,50.07125066,0.00066440
1625666258013000,1,0.85491772,0.00066440
1625666258013000,1,4.36813321,0.00066440
1625666529781000,1,21.55915292,0.00066501
1625666533383000,1,21.55915292,0.00066501
1625666534374000,1,21.55915292,0.00066501
1625666631179000,1,5.10111689,0.00066471
1625666660375000,1,21.60260118,0.00066383
1625666660903000,1,21.60260118,0.00066383
1625666663428000,1,21.60260118,0.00066383
1625666693012000,1,21.62435127,0.00066359
1625666696475000,1,21.62435127,0.00066359
1625666696475000,1,64.78885270,0.00066340
1625666700246000,1,10.76183808,0.00066359
1625666700503000,1,19.60717520,0.00066359
1625666700508000,1,64.82995772,0.00066359
1625666714468000,1,21.65149130,0.00066270
1625666714468000,1,64.90460091,0.00066265
1625666832205000,1,51.00593885,0.00066301
1625667091013000,1,6.30967031,0.00066182
1625667639626000,0,21.73815638,0.00066122
1625667795220000,1,21.74850789,0.00065959
1625667818144000,1,21.76077750,0.00065931
1625668679213000,1,21.90563993,0.00065810
1625668679213000,1,65.64104850,0.00065797
1625671107398000,0,14.46537400,0.00065406
1625671465687000,1,22.15479634,0.00065200
1625672282225000,1,5.62720666,0.00065199
1625673223762000,1,22.12516215,0.00065352
1625673703349000,1,22.11942703,0.00065473
1625673917456000,1,22.10914800,0.00065478
1625674190749000,1,22.19635021,0.00065269
1625675909362000,0,21.85185837,0.00066166
1625681172780000,0,66.22621953,0.00066007
1625681188135000,0,0.03006653,0.00066007
1625682503527000,1,4.89920408,0.00066029
1625682787988000,0,26.18320040,0.00066066
1625686899568000,1,13.09000000,0.00066310
1625694072627000,0,0.92244695,0.00066303
1625695997633000,0,5.08385000,0.00066249
1625697092450000,1,1.13871837,0.00066451
1625700180042000,1,22.24041021,0.00065946
1625700912476000,1,31.73643195,0.00066171
1625700912668000,1,108.81062703,0.00066171
1625700912854000,1,36.27020859,0.00066171
1625700912885000,1,13.60132838,0.00066171
1625701709393000,1,22.00000000,0.00065955
