timestamp ms,type,amount,price
1623979957232000,0,0.69427570,0.00057589
1623980475186000,1,54.93250529,0.00057535
1623981544414000,1,1.53445000,0.00057479
1623983472247000,0,0.40086231,0.00057509
1623985682999000,1,23.01561144,0.00057376
1623985968178000,1,54.84095774,0.00057124
1623985968178000,1,36.14216727,0.00057124
1623985968261000,1,22.39318801,0.00057124
1623987412490000,1,23.13545369,0.00057091
1623988920920000,1,3.61000718,0.00057119
1623993941657000,0,22.82979990,0.00057723
1623998969263000,0,23.21817350,0.00057511
1623999248538000,1,23.24935010,0.00057405
1624005643270000,0,13.00000000,0.00057714
1624006803835000,0,2.94692848,0.00057469
1624008608741000,1,3.59143362,0.00057107
1624008609339000,1,55.32918530,0.00057091
1624008610066000,1,138.36439276,0.00057072
1624009381390000,1,23.35594493,0.00056883
1624010486593000,0,3.59143362,0.00056708
1624010772138000,1,7.79999999,0.00056622
1624011313102000,1,23.67345047,0.00056546
1624012747267000,1,6.88469070,0.00056691
1624013347526000,1,2.00764987,0.00056733
1624015292455000,0,23.17275137,0.00056922
1624020368164000,1,5.39547271,0.00056325
1624020412858000,0,473.81713080,0.00056390
1624020522143000,1,23.73532019,0.00056329
1624020522555000,1,22.51165304,0.00056302
1624022229241000,1,4.26194691,0.00056500
1624023400077000,1,23.95564423,0.00056206
1624023400077000,1,56.80335635,0.00056184
1624023400077000,1,70.96907835,0.00056182
1624023400477000,1,70.96907835,0.00056167
1624023402419000,1,17.40465498,0.00056054
1624023402489000,1,71.47167076,0.00056054
1624023402844000,1,71.12051980,0.00056054
1624023402858000,1,16.02913600,0.00056054
1624023402861000,1,64.52000000,0.00056054
1624023402988000,1,5.17404534,0.00056054
1624023403010000,1,5.00000000,0.00056054
1624023406301000,1,586.94000000,0.00056093
1624023412241000,1,38.00186647,0.00056087
1624023566992000,1,12.02755225,0.00056041
1624025716133000,1,2.74169090,0.00056010
1624025739144000,1,72.69554817,0.00055985
1624025739144000,1,57.77644592,0.00055959
1624025739144000,1,144.45031186,0.00055959
1624025739144000,1,58.25483000,0.00055958
1624025739144000,1,73.07248630,0.00055957
1624025739144000,1,72.51377866,0.00055946
1624025739144000,1,32.67659909,0.00055911
1624025762407000,1,273.80202845,0.00055887
1624026437937000,0,54.32304130,0.00055970
1624026442777000,0,6.81155711,0.00055970
1624026442852000,0,368.43555062,0.00055970
1624027294257000,0,73.63548079,0.00056089
1624027294257000,0,24.26163944,0.00056090
1624027294257000,0,57.51676783,0.00056122
1624027294257000,0,72.75683362,0.00056123
1624027294257000,0,73.61699540,0.00056125
1624028388632000,1,5.74858671,0.00056179
1624029506631000,1,1.77378000,0.00055977
1624030300951000,0,24.40105673,0.00056154
1624030301038000,0,25.69453446,0.00056173
1624031230507000,1,72.86624787,0.00056224
1624031230507000,1,57.64605430,0.00056209
1624031230507000,1,72.57796288,0.00056208
1624031230507000,1,144.09432746,0.00056193
1624031230507000,1,72.91973311,0.00056192
1624031230884000,1,72.29993903,0.00056180
1624031230937000,1,58.33729000,0.00056180
1624031230990000,1,320.51251174,0.00056180
1624031236703000,1,58.82501000,0.00055823
1624031236703000,1,0.01792000,0.00055811
1624031238140000,1,209.72173747,0.00055811
1624032430141000,0,24.71678197,0.00055738
1624034001721000,1,3.56563442,0.00056091
1624034601789000,1,5.65456585,0.00056167
1624036523577000,0,24.51415245,0.00056033
1624036529375000,0,24.51415245,0.00056033
1624036533848000,0,24.51415245,0.00056033
1624040210969000,0,7.54896847,0.00055653
1624040902493000,1,25.03772434,0.00055340
1624041608592000,0,4.58515443,0.00055535
1624042415888000,0,3.44136928,0.00055587
1624045103965000,0,17.91273675,0.00055702
1624046144487000,1,25.39282169,0.00055541
1624047039055000,0,1.13496190,0.00056061
1624057168392000,1,7.08343666,0.00056853
