timestamp ms,type,amount,price
1625011960173000,1,7.13352516,0.00051412
1625015931722000,1,8.75437233,0.00051460
1625016676971000,1,81.77500883,0.00051277
1625017456762000,0,6.38663263,0.00051599
1625017458817000,0,154.62144037,0.00051599
1625017612470000,1,2.64101918,0.00051571
1625018961384000,1,17.80300756,0.00051701
1625018961418000,1,9.23351686,0.00051701
1625019122700000,0,27.07446003,0.00051727
1625019123161000,0,9.20410260,0.00051727
1625023084984000,0,27.20304300,0.00051770
1625023085102000,0,0.08838191,0.00051770
1625023085102000,0,81.56882409,0.00051785
1625023085346000,0,24.87707051,0.00051770
1625023085347000,0,2.41435440,0.00051770
1625023085347000,0,79.93664760,0.00051787
1625023085720000,1,1.65987849,0.00051770
1625024254159000,0,1.21859428,0.00051575
1625025836914000,0,6.86975900,0.00051673
1625026083382000,1,2.56868960,0.00051427
1625032318950000,1,12.80964418,0.00051430
1625033339857000,0,1.04790000,0.00051712
1625037716125000,0,4.16561278,0.00051535
1625037716125000,0,4.81452710,0.00051535
1625042283913000,0,7.94344257,0.00051852
1625042883215000,1,10.06666023,0.00051755
1625046913130000,1,28.07646653,0.00051478
1625047796040000,1,5.99088355,0.00051474
1625047900812000,1,28.04002464,0.00051500
1625048667145000,0,5.58164354,0.00051532
1625048765699000,1,5.90619123,0.00051573
1625048885776000,1,7.06021665,0.00051514
1625048887158000,1,20.78659543,0.00051514
1625048896165000,1,27.84681208,0.00051514
1625048910074000,1,27.88835659,0.00051493
1625049100688000,1,27.84744189,0.00051530
1625049103234000,1,27.84744189,0.00051530
1625049125977000,1,4.22278285,0.00051530
1625049193297000,1,27.91419141,0.00051464
1625049239118000,1,24.31764332,0.00051423
1625049239118000,1,3.64434537,0.00051423
1625049239170000,1,161.79509213,0.00051423
1625049285750000,0,29.20495656,0.00051449
1625049353890000,1,27.94553011,0.00051390
1625049366096000,1,11.41272622,0.00051390
1625049370088000,0,27.94309388,0.00051465
1625049400725000,0,39.43872221,0.00051520
1625049490375000,1,46.59622902,0.00051448
1625049966299000,1,165.45579216,0.00051426
1625049966299000,1,66.18090219,0.00051426
1625050581290000,1,66.15172155,0.00051551
1625050581290000,1,17.53981272,0.00051551
1625050763869000,1,27.90843145,0.00051561
1625050763891000,1,22.32677265,0.00051561
1625050764038000,1,15.81287115,0.00051561
1625050764038000,1,10.52445434,0.00051561
1625050923787000,1,65.77794862,0.00051667
1625050923787000,1,1.00368142,0.00051667
1625050923846000,1,22.25448953,0.00051667
1625050923879000,1,61.19962640,0.00051667
1625050924517000,1,80.04048644,0.00051667
1625050924517000,1,3.45314638,0.00051667
1625051184823000,1,11.11351136,0.00051683
1625051185023000,1,11.11362361,0.00051683
1625051185061000,1,44.45455745,0.00051683
1625051191618000,1,27.78746388,0.00051683
1625051249297000,1,9.39668218,0.00051636
1625051249297000,1,164.26056044,0.00051636
1625051249297000,1,293.82994168,0.00051636
1625051256998000,1,27.80275595,0.00051572
1625051267604000,1,27.82468091,0.00051550
1625051404326000,1,45.96033532,0.00051657
1625051404326000,1,42.97490076,0.00051657
1625051404434000,1,83.38235691,0.00051657
1625051405039000,1,37.82029607,0.00051657
1625051405039000,1,313.41858407,0.00051657
1625051405302000,0,27.80899963,0.00051649
1625051445593000,1,27.79696067,0.00051591
1625051449065000,1,8.32762963,0.00051591
1625051691409000,1,38.83830249,0.00051640
1625051691418000,1,26.95959091,0.00051640
1625051691418000,1,55.04040909,0.00051640
1625051691836000,1,42.99268700,0.00051640
1625051696151000,1,168.98660654,0.00051640
1625051696151000,1,164.49749140,0.00051640
1625051731792000,1,27.90992042,0.00051498
1625051739242000,1,27.92037153,0.00051495
1625051750773000,1,10.36989356,0.00051495
1625051764786000,1,16.91034670,0.00051495
1625051888166000,1,59.58837413,0.00051672
1625051888166000,1,163.80706666,0.00051672
1625051888166000,1,59.58873844,0.00051672
1625052053994000,1,17.49269413,0.00051697
1625052384088000,0,6.59930000,0.00051564
1625053556199000,1,27.64361867,0.00051763
1625055329602000,1,16.07844896,0.00051879
1625056908792000,1,11.51002629,0.00051716
1625056908797000,1,25.11760211,0.00051716
1625057838001000,1,16.68736641,0.00051850
1625060830089000,1,9.20462085,0.00051246
1625062509488000,1,83.94814987,0.00051473
1625063526144000,1,28.26570264,0.00051142
1625065413083000,0,9.67550591,0.00050947
1625065540603000,0,5.43424662,0.00051024
1625068033019000,1,2.74714261,0.00050483
1625069925271000,1,67.86479311,0.00050880
1625072737698000,1,28.75516671,0.00050743
1625073253247000,1,28.88404443,0.00050629
1625073253354000,0,28.88404443,0.00050629
1625073253507000,0,14.35447778,0.00050629
1625074823421000,0,28.26536054,0.00051060
1625077047462000,1,20.00401483,0.00051338
1625078245763000,1,7.09365216,0.00051472
1625079634169000,0,27.68275033,0.00051895
1625081429192000,0,8.49279561,0.00052444
1625081433281000,0,18.91113955,0.00052444
1625081636508000,0,27.56228455,0.00052176
1625082569469000,1,27.38622503,0.00052431
1625082569667000,1,27.38622503,0.00052431
1625082585552000,0,2.08037288,0.00052465
1625082588143000,1,2.92978000,0.00052406
1625082588238000,0,17.91851785,0.00052465
1625082588632000,0,2.92840259,0.00052465
1625082598689000,0,4.49212787,0.00052465
1625082602263000,0,27.41942119,0.00052465
1625082603855000,0,7.94999999,0.00052465
1625082603970000,0,19.46942120,0.00052465
1625082604487000,0,27.41942119,0.00052465
1625082606941000,0,27.41942119,0.00052465
1625082609011000,1,20.34000000,0.00052398
1625082609016000,1,7.10439228,0.00052398
1625082609628000,0,27.41942119,0.00052465
1625082611722000,1,11.12812000,0.00052398
1625082611856000,0,23.07136000,0.00052465
1625082639297000,1,7.73776836,0.00052422
1625082639341000,1,19.68177532,0.00052422
1625082649236000,1,16.67170000,0.00052400
1625082649338000,1,2.88990000,0.00052400
1625082649676000,1,7.88211497,0.00052400
1625082661239000,1,16.68688353,0.00052400
1625082661566000,1,10.75683144,0.00052400
1625082664643000,1,7.01295801,0.00052400
1625082664817000,1,20.43075696,0.00052400
1625082666169000,1,27.44371497,0.00052400
1625082666262000,1,7.90000000,0.00052400
1625082666645000,1,19.54371497,0.00052400
1625082668275000,1,33.94525356,0.00052353
1625082668305000,1,33.02467900,0.00052353
1625082668377000,1,15.31924031,0.00052353
1625082670723000,1,27.45726068,0.00052357
1625082671483000,1,16.38010000,0.00052357
1625082671763000,1,11.07716068,0.00052357
1625082673382000,1,20.29033118,0.00052357
1625082673514000,1,7.16692950,0.00052357
1625082673514000,1,9.11097050,0.00052329
1625082673572000,1,16.48560000,0.00052329
1625082673634000,1,16.31320120,0.00052329
1625082673638000,1,9.16430000,0.00052329
1625082675591000,1,27.46721180,0.00052334
1625082676932000,1,18.01938503,0.00052334
1625082677261000,1,9.44782677,0.00052334
1625082681137000,1,9.13389999,0.00052308
1625082681499000,1,10.48152806,0.00052308
1625082681505000,1,7.86053467,0.00052308
1625082682118000,1,9.75291677,0.00052308
1625082682331000,1,17.72304595,0.00052308
1625082683816000,1,9.90486087,0.00052308
1625082683883000,1,17.57110185,0.00052308
1625082685875000,1,5.80962514,0.00052308
1625082686007000,1,20.92888404,0.00052308
1625082692773000,1,0.73745354,0.00052308
1625082692773000,1,5.91317779,0.00052302
1625082693074000,1,27.47596272,0.00052308
1625082693074000,1,1.42143728,0.00052302
1625082697819000,1,25.34158100,0.00052308
1625082699361000,1,2.13438172,0.00052308
1625082699361000,1,7.98999647,0.00052302
1625082700270000,1,63.30509922,0.00052302
1625082704541000,1,27.47300834,0.00052337
1625082705050000,1,7.08640000,0.00052337
1625082705146000,1,12.89370879,0.00052337
1625082705298000,1,7.49289955,0.00052337
1625082705816000,1,11.14960931,0.00052302
1625082709353000,1,27.47300834,0.00052337
1625082709353000,1,2.42299419,0.00052302
1625082709759000,1,27.47300834,0.00052337
1625082709759000,1,80.02171081,0.00052302
1625082709759000,1,65.22282686,0.00052287
1625082709759000,1,4.17255399,0.00052286
1625082709865000,1,51.40000000,0.00052286
1625082712346000,1,27.47300834,0.00052337
1625082712901000,1,23.90000000,0.00052337
1625082712937000,1,3.57300834,0.00052337
1625082712937000,1,3.15384135,0.00052302
1625082715610000,1,27.47300834,0.00052337
1625082716378000,1,27.47300834,0.00052337
1625082718267000,1,27.47300834,0.00052337
1625082719965000,1,27.47300834,0.00052337
1625082721518000,1,27.47300834,0.00052337
1625082721518000,1,45.09100562,0.00052302
1625082724163000,1,23.37378182,0.00052337
1625082724391000,1,4.09922652,0.00052337
1625082724498000,1,27.47300834,0.00052337
1625082724498000,1,34.19985803,0.00052302
1625082724498000,1,9.75540141,0.00052293
1625082726933000,1,16.16990000,0.00052337
1625082727790000,1,11.30310834,0.00052337
1625082730565000,1,27.47300834,0.00052337
1625082730565000,1,45.09709166,0.00052302
1625082743831000,1,9.09395481,0.00052337
1625082744313000,1,15.04894894,0.00052337
1625082744437000,1,3.33010459,0.00052337
1625082746346000,1,19.56020579,0.00052337
1625082746454000,1,7.91280255,0.00052337
1625082746893000,1,16.28410000,0.00052337
1625082747373000,1,11.18890834,0.00052337
1625082750443000,1,27.47300834,0.00052337
1625082750748000,1,3.16623811,0.00052337
1625082751251000,1,12.42630000,0.00052337
1625082751454000,1,11.88047023,0.00052337
1625082751454000,1,3.86212389,0.00052331
1625082752095000,1,14.98390669,0.00052362
1625082752347000,1,12.47899585,0.00052362
1625082753655000,1,22.78250000,0.00052362
1625082754127000,1,4.68040254,0.00052362
1625082754982000,1,62.79174985,0.00052331
1625082755766000,1,26.22320000,0.00052362
1625082755785000,1,1.23970254,0.00052362
1625082755785000,1,6.74479778,0.00052331
1625082759986000,1,27.46191260,0.00052342
1625082762571000,1,16.98314407,0.00052342
1625082763051000,1,10.47876853,0.00052342
1625082768684000,1,20.51330000,0.00052322
1625082768884000,1,6.95240848,0.00052322
1625082770865000,1,14.41312689,0.00052322
1625082770992000,1,13.05258159,0.00052322
1625082771204000,1,9.76562884,0.00052322
1625082771827000,1,17.70007964,0.00052322
1625082774883000,1,11.72257194,0.00052322
1625082775604000,1,9.77476275,0.00052322
1625082780616000,1,5.96837379,0.00052322
1625082781576000,1,27.46570848,0.00052322
1625082785129000,1,9.77458323,0.00052303
1625082786069000,1,9.77208561,0.00052303
1625082786426000,1,7.93249864,0.00052303
1625082855154000,1,27.45445796,0.00052367
1625082855154000,1,20.49453206,0.00052362
1625082855247000,1,6.65394000,0.00052362
1625082855465000,1,15.47000000,0.00052362
1625082856042000,1,24.21448567,0.00052362
1625082857348000,1,2.11412857,0.00052397
1625082858190000,1,25.32014831,0.00052397
1625082858190000,1,15.47000000,0.00052362
1625082858883000,1,27.43427688,0.00052397
1625082858883000,1,36.05273551,0.00052357
1625082859356000,1,10.17615813,0.00052357
1625082861362000,1,27.43427688,0.00052397
1625082862565000,1,7.04050000,0.00052397
1625082862724000,1,10.00440000,0.00052397
1625082863058000,1,6.23462675,0.00052397
1625082863186000,1,4.15475013,0.00052397
1625082863417000,1,9.75509395,0.00052362
1625082863884000,1,13.22529260,0.00052362
1625082864765000,1,27.43427688,0.00052397
1625082865302000,1,11.02584310,0.00052362
1625082865387000,1,8.74190437,0.00052397
1625082865549000,1,18.69237251,0.00052397
1625082865549000,1,6.47517226,0.00052362
1625082865587000,1,15.13992197,0.00052362
1625082865672000,1,9.62040000,0.00052362
1625082865723000,1,17.06123385,0.00052362
1625082865723000,1,36.05273551,0.00052357
1625082866547000,1,49.27813001,0.00052330
1625082866763000,1,27.45134170,0.00052374
1625082866763000,1,75.12355830,0.00052362
1625082866829000,1,7.17939943,0.00052362
1625082866829000,1,5.12598806,0.00052357
1625082867859000,1,14.52000000,0.00052357
1625082867962000,1,27.45134170,0.00052374
1625082867962000,1,35.18429939,0.00052357
1625082869039000,1,30.95450000,0.00052362
1625082870983000,1,21.39310902,0.00052374
1625082871114000,1,6.05823268,0.00052374
1625082875094000,1,24.45860891,0.00052351
1625082875487000,1,3.00938189,0.00052351
1625082878533000,1,27.46799080,0.00052351
1625082879601000,1,27.46799080,0.00052351
1625082879989000,1,8.82720665,0.00052351
1625082881141000,1,18.64078415,0.00052351
1625082881141000,1,56.46015026,0.00052314
1625082890893000,1,27.46799080,0.00052351
1625082890893000,1,5.62164835,0.00052314
1625082894212000,1,27.46799080,0.00052351
1625082894212000,1,35.46538493,0.00052315
1625082894212000,1,29.69309334,0.00052315
1625082894212000,1,20.27843682,0.00052314
1625082894636000,1,14.69512000,0.00052351
1625082894809000,1,9.02203563,0.00052351
1625082895710000,1,3.75083517,0.00052351
1625082898358000,1,6.11099667,0.00052351
1625082899098000,1,21.35699413,0.00052351
1625082899098000,1,82.36794270,0.00052343
1625082900374000,1,16.74509166,0.00052370
1625082900419000,1,10.70922576,0.00052370
1625082900735000,1,35.13298095,0.00052343
1625082900749000,1,47.23496175,0.00052343
1625082900972000,1,23.35710196,0.00052315
1625082902975000,1,9.58410000,0.00052370
1625082903154000,1,17.87021742,0.00052370
1625082903154000,1,27.56018258,0.00052343
1625082903169000,1,18.96146012,0.00052343
1625082903197000,1,12.28690000,0.00052343
1625082903401000,1,23.55940000,0.00052343
1625082905823000,1,27.45431742,0.00052370
1625082905823000,1,0.14324575,0.00052343
1625082907136000,1,17.09000000,0.00052370
1625082907249000,1,10.36431742,0.00052370
1625082907249000,1,0.40988258,0.00052343
1625082907395000,1,21.30716458,0.00052370
1625082907467000,1,6.14715284,0.00052370
1625082907467000,1,22.23524716,0.00052343
1625082908279000,1,10.10900000,0.00052343
1625082909057000,1,49.47056721,0.00052343
1625082909557000,1,6.37662340,0.00052370
1625082910139000,1,21.07769402,0.00052370
1625082910139000,1,62.79391503,0.00052343
1625082911343000,1,18.74650000,0.00052370
1625082911554000,1,8.70781742,0.00052370
1625082911554000,1,19.57402767,0.00052343
1625082911554000,1,35.56315491,0.00052315
1625082911906000,1,19.59840000,0.00052370
1625082913105000,1,7.85591742,0.00052370
1625082913501000,1,27.45431742,0.00052370
1625082913501000,1,73.11888258,0.00052343
1625082914490000,1,17.56302000,0.00052370
1625082914542000,1,6.41564987,0.00052370
1625082914850000,1,3.47564755,0.00052370
1625082914850000,1,9.24906012,0.00052343
1625082914850000,1,6.22590335,0.00052315
1625082914850000,1,2.17181298,0.00052314
1625082915491000,1,6.40219999,0.00052314
1625082916058000,1,27.48082713,0.00052348
1625082916058000,1,53.59536813,0.00052343
1625082916194000,1,28.77257457,0.00052343
1625082916194000,1,54.79183586,0.00052314
1625082916196000,1,18.99438660,0.00052314
1625082916621000,1,7.29680000,0.00052314
1625082918071000,1,13.54509832,0.00052348
1625082918844000,1,13.93572881,0.00052348
1625082918844000,1,69.54648930,0.00052343
1625082919951000,1,12.82145340,0.00052343
1625082920734000,1,27.48082713,0.00052348
1625082920734000,1,49.29477287,0.00052343
1625082926259000,1,27.48082713,0.00052348
1625082927335000,1,27.48082713,0.00052348
1625082927412000,1,10.18061266,0.00052314
1625082927412000,1,40.00136876,0.00052314
1625082927612000,1,34.61867717,0.00052314
1625082927624000,1,7.74018950,0.00052314
1625082928042000,1,33.62847999,0.00052285
1625082928272000,1,20.77824705,0.00052285
1625082930443000,1,24.69611293,0.00052326
1625082930569000,1,2.79774631,0.00052326
1625082930569000,1,46.73137276,0.00052314
1625082930639000,1,27.44174229,0.00052314
1625082932029000,1,28.05378180,0.00052285
1625082934088000,1,27.50414272,0.00052304
1625082934088000,1,5.70437448,0.00052285
1625082934323000,1,11.45952200,0.00052285
1625082934364000,1,62.45372371,0.00052285
1625082934955000,1,9.69387355,0.00052304
1625082935230000,1,17.81026917,0.00052304
1625082935230000,1,2.84288865,0.00052285
1625082937237000,1,27.50414272,0.00052304
1625082937237000,1,9.41717104,0.00052285
1625082937869000,1,6.52609999,0.00052285
1625082938103000,1,6.52470000,0.00052304
1625082938585000,1,6.40335165,0.00052304
1625082938835000,1,14.57609107,0.00052304
1625082938835000,1,1.69588444,0.00052285
1625082939551000,1,9.74630000,0.00052332
1625082939662000,1,17.75555656,0.00052332
1625082939662000,1,44.15864344,0.00052285
1625082942254000,1,17.22350000,0.00052332
1625082942286000,1,10.27835656,0.00052332
1625082943516000,1,17.92370000,0.00052332
1625082943736000,1,9.57815656,0.00052332
1625082946609000,1,20.29200000,0.00052332
1625082947244000,1,7.20985656,0.00052332
1625082947244000,1,15.81939596,0.00052285
1625082952311000,1,27.50185656,0.00052332
1625082952311000,1,82.47537447,0.00052317
1625082952311000,1,33.91646897,0.00052288
1625082954584000,1,27.50185656,0.00052332
1625082954584000,1,5.05234343,0.00052317
1625082955336000,1,70.23630628,0.00052317
1625082955547000,1,7.18672476,0.00052317
1625085851869000,1,26.97773043,0.00052957
1625086647668000,1,24.30770441,0.00053113
1625087614493000,0,108.28830000,0.00053027
1625087711852000,1,27.08236977,0.00052997
1625087711852000,1,24.97148029,0.00052970
1625087740370000,1,27.09234218,0.00052977
1625087755438000,1,27.10249883,0.00052937
1625088252997000,1,9.66290930,0.00053107
1625088258946000,1,17.26733722,0.00053107
1625088258946000,1,80.80662168,0.00053081
1625088260891000,1,19.77505077,0.00053081
1625088260901000,1,6.61010000,0.00053081
1625088261224000,1,54.42147091,0.00053081
1625088293001000,1,26.92894246,0.00053087
1625088293001000,1,4.89538673,0.00053083
1625088294523000,1,26.92553745,0.00053118
1625088294523000,1,19.68752662,0.00053083
1625088296521000,1,26.92553745,0.00053118
1625088296521000,1,12.96158888,0.00053083
1625088333292000,1,26.92553745,0.00053118
1625088333292000,1,0.67245255,0.00053083
1625091557468000,0,160.21504674,0.00053346
1625092460691000,1,9.39543911,0.00054123
1625094072573000,1,24.31520538,0.00054097
1625094088077000,1,26.39789423,0.00054070
1625097149719000,0,6.04265228,0.00054622
1625097568053000,0,25.95288169,0.00055026
1625098026093000,0,26.18216061,0.00054742
1625098666069000,1,26.27915395,0.00054682
1625100533455000,1,15.10975253,0.00054843
1625105205715000,0,26.17732785,0.00054841
1625105205869000,0,52.05681832,0.00054841
1625105205869000,0,61.92135755,0.00054841
1625105212332000,0,26.18136951,0.00054848
1625105215352000,0,26.18197121,0.00054848
1625105217351000,0,26.18197121,0.00054848
1625105217496000,0,0.11936135,0.00054848
1625105217496000,0,26.09987785,0.00054848
1625110039660000,1,14.83815334,0.00054238
1625115616028000,0,18.22940868,0.00054281
1625116812049000,1,26.92130179,0.00054230
1625119138758000,1,10.18596000,0.00054590
1625120948655000,0,1.08027931,0.00054532
1625122499816000,0,6.42347732,0.00054558
1625128033544000,1,27.53065194,0.00054203
1625128970906000,0,1.03000000,0.00054138
1625129037539000,0,36.26138510,0.00054245
1625129038083000,0,51.80850911,0.00054245
1625129039186000,0,77.96678404,0.00054245
1625129057779000,0,64.47270411,0.00054254
1625129078603000,0,101.54146800,0.00054254
1625129105221000,1,27.59416680,0.00054172
1625129173690000,1,163.33787826,0.00054117
1625129174947000,1,125.16852702,0.00054042
1625129325517000,1,53.95005286,0.00053735
1625129367604000,1,27.90684525,0.00053697
1625129551104000,0,405.34000000,0.00053730
1625131173464000,1,27.96627817,0.00053613
1625131173464000,1,3.79829641,0.00053590
1625131192750000,1,71.05654978,0.00053590
1625131192778000,1,8.90106095,0.00053590
1625131217819000,0,27.98397308,0.00053631
1625131496170000,1,6.30000000,0.00053689
1625131805034000,1,5.88736062,0.00053668
1625132311471000,1,27.87678629,0.00053651
1625132728786000,1,20.74815652,0.00053550
1625138447191000,0,24.37525000,0.00054733
