timestamp ms,type,amount,price
1627349147146000,1,58.43804940,0.00023091
1627349147146000,1,116.83924697,0.00023080
1627349147147000,1,58.46007193,0.00023080
1627349147147000,1,0.00254679,0.00023080
1627349147147000,1,233.81660421,0.00023079
1627349147227000,0,58.41236846,0.00023091
1627349147227000,0,0.02568094,0.00023091
1627349147276000,1,58.45954392,0.00023079
1627349147330000,0,11.69764849,0.00023091
1627349148075000,1,0.02513601,0.00023079
1627349148311000,0,4.30780737,0.00023079
1627349148553000,1,58.43250608,0.00023086
1627349148553000,1,175.30186569,0.00023080
1627349148553000,1,58.54258998,0.00023079
1627349148675000,1,11.72332943,0.00023079
1627349149367000,1,11.72332943,0.00023079
1627349149677000,1,58.43250608,0.00023082
1627349149677000,1,116.86935961,0.00023080
1627349150132000,0,11.72332943,0.00023082
1627349152532000,1,11.72332943,0.00023082
1627349154602000,1,11.72332943,0.00023082
1627349158595000,1,11.72332943,0.00023069
1627349159818000,0,11.72332943,0.00023082
1627349160567000,1,4.33482163,0.00023069
1627349165604000,1,11.72332943,0.00023069
1627349165722000,1,30.65735240,0.00023069
1627349166852000,1,11.72332943,0.00023057
1627351898547000,1,29.63028092,0.00022747
1627354010082000,0,60.07979545,0.00022735
1627354012991000,0,44.28566580,0.00022735
1627355735411000,0,59.78987942,0.00022876
1627377593457000,0,50.00000000,0.00022776
1627388650626000,1,58.16167037,0.00022597
1627388650626000,1,12.31048539,0.00022583
1627388653005000,1,54.38500000,0.00022597
1627388693097000,1,26.62011778,0.00022585
1627413148702000,0,59.70692152,0.00022037
1627413369803000,0,59.88747475,0.00022018
1627414061710000,0,38.31729314,0.00021978
1627414299701000,0,59.96162445,0.00021962
1627414299701000,0,179.88487334,0.00021976
1627414449605000,0,29.67589670,0.00021951
1627416181655000,0,7.54676903,0.00022045
1627420475864000,0,13.94454334,0.00022078
1627427684597000,1,58.40542802,0.00021889
1627429345176000,1,13.86962552,0.00021857
1627429345772000,1,13.86962552,0.00021858
