timestamp ms,type,amount,price
1622764851700000,1,0.24800000,0.07275251
1622764851756000,1,0.95331004,0.07275251
1622764851820000,1,1.80504838,0.07275251
1622764851892000,1,0.18230961,0.07275251
1622764851958000,1,0.87848455,0.07275251
1622764851977000,1,0.07655450,0.07275251
1622764852242000,1,0.09777313,0.07275251
1622764852335000,1,0.19035191,0.07275251
1622764895689000,0,0.00300000,0.07278000
1622764896800000,0,0.00053100,0.07278000
1622764971086000,1,0.00300000,0.07289000
1622764973885000,1,0.00051600,0.07289000
1622765045634000,1,3.30000000,0.07275251
1622765045637000,1,4.86816788,0.07275251
1622765052255000,1,0.00345477,0.07273362
1622765063823000,1,0.00371500,0.07270018
1622765083978000,1,0.00404100,0.07274172
1622765129998000,1,0.00337500,0.07263037
1622765215673000,1,0.42000000,0.07257520
1622765252374000,1,0.00390100,0.07257055
1622765339032000,0,0.00400000,0.07254000
1622765339572000,0,0.00071500,0.07254000
1622765416156000,1,0.00288476,0.07253891
1622765416156000,1,0.00047524,0.07252511
1622765443586000,0,2.40000000,0.07259545
1622765570640000,1,0.00292400,0.07261943
1622765592372000,0,0.10000000,0.07272985
1622765596214000,1,0.00408700,0.07271154
1622765628466000,1,0.00421000,0.07268632
1622765716363000,0,0.00334200,0.07279344
1622765741005000,0,2.40000000,0.07277728
1622765778554000,1,0.00374000,0.07276396
1622765819018000,1,0.00300000,0.07276000
1622765825636000,0,0.00826900,0.07276420
1622765838796000,1,0.00075400,0.07276000
1622765838796000,1,0.09924600,0.07275124
1622765838832000,1,0.00075400,0.07275124
1622765839252000,1,0.00284100,0.07272578
1622765863029000,1,0.10000000,0.07273969
1622765913343000,0,0.10000000,0.07271999
1622765913382000,0,0.00355000,0.07272000
1622766038150000,0,0.46997923,0.07262966
1622766125070000,0,0.00643000,0.07263912
1622766250619000,1,2.40000000,0.07258693
1622766250619000,1,2.40000000,0.07258328
1622766250619000,1,0.88741710,0.07258224
1622766321253000,0,13.35340000,0.07253008
1622766528732000,0,0.00329200,0.07258963
1622766667575000,1,0.36070000,0.07250082
1622766856781000,0,0.00441200,0.07252682
1622766977911000,1,1.48190000,0.07248362
1622767004291000,1,0.00414600,0.07245058
1622767114663000,1,0.00390500,0.07249000
1622767244273000,1,0.10000000,0.07232575
1622767244273000,1,2.46700000,0.07231962
1622767245934000,1,0.10000000,0.07231963
1622767246370000,1,0.43245187,0.07227001
1622767246370000,1,0.43243036,0.07227001
1622767246370000,1,0.77101777,0.07226219
1622767246392000,1,2.81100009,0.07225592
1622767281237000,0,0.72000000,0.07235417
1622767336746000,1,0.00836700,0.07234000
1622767373405000,1,0.00912166,0.07223048
1622767375483000,1,0.00463091,0.07221979
1622767429361000,1,0.00460300,0.07232000
1622767548694000,1,0.00418400,0.07234000
1622767770141000,0,0.00284500,0.07247000
1622767806317000,0,0.00346548,0.07250624
1622767806317000,0,0.00138152,0.07253890
1622767806456000,1,0.00666800,0.07246804
1622767843103000,0,0.00334400,0.07252006
1622767938702000,1,0.00305100,0.07257000
1622767938702000,1,0.00465700,0.07257000
1622767938702000,1,0.09229200,0.07255104
1622768218387000,0,0.00330800,0.07257136
1622768234947000,0,0.00832600,0.07253517
1622768352506000,1,8.84000000,0.07257422
1622768432376000,0,2.40000000,0.07265835
1622768487621000,0,0.00288229,0.07269468
1622768492009000,1,0.00895500,0.07268597
1622768583702000,0,0.00817600,0.07271048
1622768708042000,1,0.00878600,0.07267167
1622768858430000,1,2.40000000,0.07257873
1622768863753000,0,0.00483600,0.07265908
1622768870040000,0,0.00700000,0.07262000
1622768893177000,0,0.00015400,0.07262000
1622768923595000,1,0.72000000,0.07262147
1622769024795000,1,0.10000000,0.07262971
1622769082353000,0,2.40000000,0.07262907
1622769103425000,0,1.89000000,0.07256636
1622769104681000,0,2.40000000,0.07256637
1622769109351000,1,1.89492164,0.07247395
1622769109351000,1,0.43491930,0.07247394
1622769109351000,1,0.78811280,0.07247394
1622769109351000,1,2.40000000,0.07247362
1622769109351000,1,1.08729825,0.07247003
1622769109351000,1,2.40000000,0.07246937
1622769109351000,1,0.01800139,0.07246114
1622769109351000,1,0.89925991,0.07245850
1622769109351000,1,0.43478468,0.07244988
1622769109351000,1,0.72726752,0.07244313
1622769109874000,1,0.49182000,0.07247726
1622769109949000,1,0.00800000,0.07247726
1622769109974000,0,0.10000000,0.07247787
1622769109980000,1,2.30000000,0.07250363
1622769109980000,1,0.10000000,0.07247726
1622769110267000,1,1.80018000,0.07247726
1622769112759000,0,0.06500000,0.07247725
1622769113890000,0,0.00057922,0.07247725
1622769113890000,0,0.01379744,0.07251229
1622769113890000,0,31.77562334,0.07253000
1622769155131000,0,0.00800000,0.07244000
1622769158693000,0,0.00070600,0.07244000
1622769159961000,1,0.00471600,0.07244000
1622769160348000,0,0.00474100,0.07252762
1622769196517000,1,0.00944400,0.07250000
1622769227658000,0,0.00501200,0.07256154
1622769238335000,1,0.00467200,0.07250222
1622769287083000,0,0.00492700,0.07244000
1622769305069000,1,0.00300000,0.07240378
1622769307022000,1,0.00046656,0.07240378
1622769317833000,1,0.43813649,0.07229603
1622769317833000,1,1.09538827,0.07229603
1622769317833000,1,1.88970000,0.07228082
1622769317833000,1,3.56677524,0.07228082
1622769318000000,1,16.87922476,0.07228082
1622769318000000,1,0.71366857,0.07226820
1622769318703000,1,0.71858643,0.07224633
1622769318703000,1,2.30000000,0.07224016
1622769318703000,1,0.10000000,0.07223675
1622769319253000,1,0.72000000,0.07224634
1622769320693000,1,0.07000000,0.07218000
1622769320779000,1,3.40092723,0.07218000
1622769321035000,1,0.82573806,0.07218000
1622769321079000,1,26.04783471,0.07218000
1622769321079000,1,4.60000000,0.07215653
1622769322718000,1,2.84820041,0.07228069
1622769330941000,0,0.06599934,0.07221869
1622769347194000,0,0.00365200,0.07231913
1622769352493000,1,0.43980690,0.07215475
1622769352493000,1,1.09865825,0.07215475
1622769352701000,1,2.98426980,0.07214162
1622769352701000,1,1.69203020,0.07214046
1622769367537000,0,0.00465200,0.07223636
1622769385263000,1,0.44027594,0.07213376
1622769385263000,1,1.10062406,0.07213376
1622769385583000,1,0.00007792,0.07213376
1622769385583000,1,0.13898325,0.07212200
1622769385583000,1,2.86198310,0.07211565
1622769385583000,1,0.00463647,0.07210439
1622769385583000,1,7.09331926,0.07207000
1622769386052000,1,0.44027594,0.07207001
1622769386052000,1,1.10070198,0.07207001
1622769386052000,1,6.83752208,0.07207000
1622769386631000,1,1.54101391,0.07207000
1622769406222000,1,0.00915343,0.07197979
1622769424235000,1,0.00697800,0.07180900
1622769431694000,1,2.40000000,0.07181037
1622769431694000,1,0.48727833,0.07181037
1622769431694000,1,0.73272167,0.07180900
1622769431802000,1,0.00546737,0.07180900
1622769431802000,1,0.74406537,0.07179807
1622769435857000,1,8.70147143,0.07176754
1622769435857000,1,0.01852857,0.07176753
1622769435858000,1,0.00497143,0.07176753
1622769438305000,1,0.74242274,0.07172997
1622769438305000,1,0.00757726,0.07172996
1622769438358000,1,0.00160805,0.07172996
1622769446683000,1,6.96000000,0.07170000
1622769453255000,0,7.15690000,0.07176445
1622769466253000,1,0.73314895,0.07170001
1622769495326000,0,0.58028387,0.07199683
1622769495326000,0,2.40000000,0.07199684
1622769496066000,0,10.00000000,0.07203790
1622769594450000,0,0.00317100,0.07187000
1622769611181000,0,0.25000000,0.07194999
1622769611238000,0,1.93000000,0.07194999
1622769631765000,0,1.29639897,0.07214999
1622769636824000,0,0.00533700,0.07205000
1622769649082000,0,18.27756718,0.07225000
1622769649192000,0,11.51000000,0.07225000
1622769649605000,0,18.27414775,0.07225000
1622769698305000,1,0.10000000,0.07215001
1622769760804000,0,0.00291800,0.07212869
1622769861806000,1,2.40000000,0.07202371
1622769861826000,0,13.77720000,0.07202000
1622769873928000,0,0.00452700,0.07214897
1622769899352000,1,1.55570000,0.07206130
1622769915131000,0,0.00501000,0.07205025
1622769936062000,1,1.66000000,0.07189244
1622769936105000,1,0.25000000,0.07189241
1622769969908000,0,1.55570000,0.07201550
1622769969993000,0,0.25000000,0.07201550
1622769970007000,0,1.09888018,0.07201550
1622770026099000,0,1.11000000,0.07203957
1622770026122000,0,0.00176941,0.07203957
1622770089704000,1,0.00342000,0.07204002
1622770124168000,0,0.00662100,0.07215584
1622770142947000,0,0.00283100,0.07210922
1622770200773000,0,0.00856500,0.07214323
1622770208108000,0,0.00427900,0.07209414
1622770232123000,1,0.00500000,0.07215000
1622770293427000,0,0.00500000,0.07221639
1622770327674000,1,0.00904500,0.07222365
1622770366551000,0,0.00854800,0.07231913
1622770373286000,0,0.00365900,0.07223000
1622770380260000,1,0.01125529,0.07223120
1622770413120000,1,0.00280400,0.07222223
1622770423295000,0,2.40000000,0.07235670
1622770448608000,1,1.29310000,0.07224458
1622770475331000,0,0.00972100,0.07225039
1622770605508000,1,0.00500000,0.07215000
1622770626503000,1,0.00712200,0.07209088
1622770628851000,0,0.00277300,0.07216278
1622770853405000,0,0.00492400,0.07225457
1622770916954000,0,0.00331200,0.07219547
1622770996454000,1,0.00414400,0.07214000
1622770996454000,1,0.00385600,0.07214000
1622771027123000,0,0.00287200,0.07218782
1622771089564000,1,0.00400000,0.07221000
1622771147601000,1,0.00400000,0.07233000
1622771153682000,1,0.00027300,0.07233000
1622771191260000,0,0.00307800,0.07230440
1622771245299000,0,0.00853200,0.07224268
1622771299436000,0,0.00300000,0.07216000
1622771299500000,0,0.00093100,0.07216000
1622771305134000,1,0.00606900,0.07216027
1622771391766000,0,0.00400000,0.07203000
1622771391807000,0,0.00035100,0.07203000
1622771461369000,1,0.00631200,0.07196719
1622771521032000,1,0.00900000,0.07211000
1622771537659000,1,0.00042100,0.07211000
1622771553503000,0,0.00339900,0.07211916
1622771603170000,1,0.00278400,0.07209768
1622771618474000,1,0.00470500,0.07212630
1622771742726000,0,0.00342100,0.07219097
1622771827545000,0,0.40601293,0.07218083
1622771867050000,0,0.00500000,0.07219849
1622771888693000,1,0.00475000,0.07213762
1622771921110000,0,0.00300000,0.07215000
1622771947104000,0,0.00080400,0.07215000
1622771996477000,0,0.00300000,0.07219000
1622772212373000,1,1.97440000,0.07216646
1622772212459000,1,1.22200000,0.07216646
1622772415589000,1,0.00857600,0.07198652
1622772563284000,1,0.00516200,0.07185467
1622772734617000,0,2.40000000,0.07190274
1622772734617000,0,0.44573389,0.07190998
1622772734617000,0,0.72936978,0.07190999
1622772734617000,0,0.10000000,0.07191723
1622772734617000,0,0.44575374,0.07191998
1622772734617000,0,0.44573637,0.07191998
1622772734617000,0,0.44586913,0.07191999
1622772734754000,1,18.48270273,0.07192000
1622772737357000,0,0.01700000,0.07193337
1622772737661000,0,0.72198449,0.07193337
1622772741319000,0,0.37418633,0.07195000
1622772741730000,1,0.59910000,0.07190344
1622772747684000,1,0.00400000,0.07181874
1622772748470000,1,0.73894535,0.07181875
1622772748470000,1,0.00006900,0.07181874
1622772751216000,1,0.00353800,0.07172002
1622772762327000,0,0.00400000,0.07178961
1622772773996000,0,0.06745029,0.07183332
1622772773996000,0,2.39254971,0.07183332
1622772775613000,0,0.00745029,0.07183332
1622772814176000,1,0.00400000,0.07193000
1622772815872000,1,0.00031300,0.07193000
1622772822385000,0,0.01749847,0.07194759
1622772861595000,0,0.00287440,0.07194824
1622772878169000,1,0.00604300,0.07198053
1622772901107000,0,0.00306200,0.07208997
1622772909461000,0,0.00400000,0.07201987
1622772927632000,1,0.00800000,0.07206000
1622772927759000,1,0.00062800,0.07206000
1622773140674000,0,0.00290022,0.07209603
1622773171274000,0,0.00431400,0.07217999
1622773229263000,0,0.00295300,0.07217687
1622773250319000,0,0.00428700,0.07225822
1622773287719000,0,0.00332200,0.07221121
1622773330747000,1,0.00600000,0.07209268
1622773356914000,0,0.00292100,0.07217547
1622773398933000,1,0.00609700,0.07210723
1622773484842000,0,0.00471000,0.07218998
1622773589171000,0,0.00348900,0.07221523
1622773605260000,0,0.00454800,0.07220666
1622773638174000,1,0.41000000,0.07204210
1622773638213000,1,0.05000000,0.07204210
1622773638314000,1,3.49155018,0.07204210
1622773638314000,1,2.40000000,0.07204208
1622773672274000,0,0.00430500,0.07213610
1622773693000000,1,0.00400000,0.07213573
1622773773129000,1,0.00097100,0.07211665
1622773842476000,0,4.69073523,0.07222141
1622773877353000,0,0.00860800,0.07225611
1622773893374000,0,0.00800000,0.07219000
1622773897376000,0,0.00060800,0.07219000
1622774091042000,0,0.15803655,0.07215465
1622774269518000,1,0.00600000,0.07224000
1622774291478000,1,0.00068000,0.07224000
1622774337689000,0,0.00283800,0.07225280
1622774417369000,0,0.00300000,0.07218000
1622774428375000,0,0.00052500,0.07218000
1622774441667000,0,0.00470500,0.07224425
1622774790011000,1,0.00300000,0.07225000
1622774793359000,1,0.00097000,0.07225000
1622774805843000,0,0.00281800,0.07223914
1622774821797000,0,0.00765100,0.07222318
1622774852487000,1,0.00533600,0.07223000
1622774852487000,1,0.00566400,0.07223000
1622774857430000,1,0.00071600,0.07223000
1622774857430000,1,0.09928400,0.07221060
1622774857433000,1,0.00071600,0.07221060
1622774863576000,0,0.00684000,0.07222914
1622774993422000,1,0.00288900,0.07228199
1622775011540000,0,0.00300000,0.07231813
1622775028489000,0,0.00047224,0.07231813
1622775096315000,1,0.00400000,0.07237000
1622775099882000,1,0.00026400,0.07237000
1622775116556000,0,0.00597000,0.07232190
1622775137908000,1,0.00400000,0.07234000
1622775169636000,1,0.00039900,0.07234000
1622775169636000,1,0.00760100,0.07234000
1622775239587000,0,0.00427000,0.07241839
1622775260051000,0,0.00434500,0.07241846
1622775304054000,0,0.00256026,0.07241846
1622775304054000,0,0.00031874,0.07247069
1622775319367000,0,0.00397300,0.07247848
1622775375455000,1,0.01000000,0.07240618
1622775402791000,0,0.00409500,0.07246565
1622775464812000,0,0.00341000,0.07242821
1622775520494000,0,0.00300000,0.07233000
1622775525134000,0,0.00080000,0.07233000
1622775567300000,1,0.00659200,0.07232478
1622775646711000,1,0.00800000,0.07243000
1622775650681000,1,0.00053100,0.07243000
1622775667280000,0,0.00345900,0.07241429
1622775776706000,1,0.00725500,0.07231832
1622775857808000,0,0.00435500,0.07233363
1622776141974000,0,0.00854200,0.07240961
1622776161865000,1,0.00299400,0.07237000
1622776285246000,0,0.00483000,0.07239804
1622776448336000,0,0.00393700,0.07238207
1622776492726000,1,0.00400000,0.07238000
1622776500533000,1,0.00027800,0.07238000
1622776547229000,0,0.00291700,0.07231000
1622776585096000,1,0.00400000,0.07238000
1622776639890000,1,0.00000900,0.07238000
1622776654162000,0,0.00479500,0.07236868
1622776697228000,0,0.00396600,0.07236447
1622776716665000,1,0.00395100,0.07231819
1622776730613000,0,0.04900000,0.07234400
1622776731360000,0,0.00795225,0.07234400
1622776757313000,0,0.00455700,0.07242168
1622776885165000,0,0.00284800,0.07242427
1622776943605000,1,0.00300000,0.07244000
1622776964124000,1,0.00029700,0.07244000
1622776964124000,1,0.00470300,0.07244000
1622776996090000,1,0.00042200,0.07244000
1622777027481000,1,2.40000000,0.07238461
1622777162510000,1,4.71053823,0.07247926
1622777162510000,1,2.39946177,0.07247924
1622777169189000,0,0.00342500,0.07252580
1622777221337000,1,0.00346348,0.07259000
1622777238218000,0,0.00800000,0.07270078
1622777268178000,0,0.00118531,0.07270078
1622777268178000,0,0.00231769,0.07275027
1622777273375000,1,0.00917200,0.07265298
1622777273893000,1,0.00761900,0.07264935
1622777357925000,0,0.02243768,0.07262000
1622777392881000,1,0.00400000,0.07272000
1622777413175000,1,0.00060300,0.07272000
1622777413913000,0,0.00548300,0.07273462
1622777475452000,0,0.00400000,0.07270306
1622777476873000,0,1.17000000,0.07270306
1622777482138000,0,0.00400000,0.07270306
1622777525580000,0,2.40000000,0.07273627
1622777568830000,1,0.01706984,0.07265348
1622777743767000,1,0.00403700,0.07243281
1622777889259000,1,0.43873537,0.07239791
1622777889259000,1,0.73514437,0.07239790
1622777889382000,1,1.81281144,0.07239345
1622777902242000,1,0.00457400,0.07235588
1622777944425000,0,0.10000000,0.07232301
1622778002756000,1,0.00442400,0.07235868
1622778013173000,1,0.00511600,0.07244353
1622778112151000,0,0.00422900,0.07241966
1622778174195000,1,0.00400000,0.07245000
1622778184318000,1,0.00091600,0.07245000
1622778254096000,1,0.00292860,0.07244197
1622778254096000,1,0.00229840,0.07241037
1622778301171000,1,0.00670300,0.07242949
1622778312734000,1,1.52467000,0.07242949
1622778317139000,1,0.00000403,0.07242949
1622778319753000,0,0.00400000,0.07242000
1622778326852000,0,0.00016497,0.07242000
1622778404788000,1,0.00435000,0.07246582
1622778420703000,1,0.00670300,0.07251027
1622778489846000,0,0.00844600,0.07256776
1622778538288000,0,0.00452500,0.07257540
1622778644128000,1,0.00383400,0.07252637
1622778663328000,1,2.40000000,0.07252314
1622778740109000,1,0.00463900,0.07257558
1622778792184000,0,0.00927400,0.07256000
1622778847958000,0,0.00539400,0.07256423
1622779173809000,1,0.00284800,0.07260778
1622779247210000,0,0.00095600,0.07254000
1622779256143000,0,0.40000000,0.07258709
1622779257469000,1,0.00356400,0.07253378
1622779278566000,1,0.00371000,0.07256671
1622779314316000,1,0.00275700,0.07262000
1622779351941000,0,0.10000000,0.07257994
1622779421747000,1,0.00393900,0.07260261
1622779427335000,1,0.00539400,0.07260037
1622779474912000,0,0.00333000,0.07263000
1622779479901000,0,0.00333000,0.07270159
1622779542601000,1,0.18170204,0.07267687
1622779542601000,1,2.04764151,0.07265920
1622779612084000,1,0.10000000,0.07273793
1622779612084000,1,0.43910974,0.07270593
1622779612084000,1,1.13289793,0.07270481
1622779612620000,0,0.00288100,0.07273794
1622779651374000,1,0.00355100,0.07288033
1622779662663000,0,0.00386000,0.07295399
1622779775771000,1,0.00485300,0.07283585
1622779793968000,1,0.00415700,0.07284707
1622779796459000,1,0.00358900,0.07284707
1622779948145000,1,2.30000000,0.07290572
1622779948262000,1,0.10000000,0.07290572
1622779948447000,1,0.10000000,0.07290182
1622779948447000,1,0.90240000,0.07290181
1622779948468000,1,1.29760000,0.07290181
1622779948608000,1,0.10000000,0.07290182
1622779951161000,1,2.20000000,0.07290814
1622779951171000,1,0.10000000,0.07290814
1622779951375000,1,0.10000000,0.07290815
1622779968446000,1,0.10000000,0.07290429
1622779968446000,1,2.30000000,0.07290428
1622780001707000,1,0.10000000,0.07289596
1622780024744000,1,0.00866300,0.07286656
1622780084325000,1,0.00400000,0.07292000
1622780091406000,1,0.00021800,0.07292000
1622780091406000,1,0.09978200,0.07289757
1622780131040000,0,0.00843600,0.07291705
1622780154046000,0,0.00843600,0.07291343
1622780165197000,0,0.00290400,0.07288272
1622780185828000,0,0.00403500,0.07287541
1622780192383000,1,0.10000000,0.07281198
1622780260846000,0,1.09089212,0.07279760
1622780268366000,0,3.95320788,0.07279760
1622780279754000,0,0.38525955,0.07283810
1622780326646000,1,0.04600000,0.07272532
1622780327263000,1,0.05000000,0.07272532
1622780328345000,1,0.00400000,0.07272532
1622780413991000,0,0.00425600,0.07270644
1622780414219000,0,0.00400000,0.07265000
1622780417044000,0,0.00039400,0.07265000
1622780555267000,1,0.00400000,0.07277000
1622780569247000,1,0.00025200,0.07277000
1622780569247000,1,0.09974800,0.07271838
1622780818583000,0,0.00434800,0.07272890
1622780890136000,0,0.00877400,0.07270271
1622780950474000,0,0.03155527,0.07272267
1622780991573000,1,0.00015500,0.07271000
1622780998206000,1,0.00972600,0.07265599
1622781069583000,0,0.00495700,0.07276271
1622781091847000,0,0.00277700,0.07275085
1622781113813000,0,0.00851400,0.07275084
1622781131421000,1,0.00474600,0.07268727
1622781151954000,0,0.00426000,0.07274568
1622781205760000,1,0.00495700,0.07271924
1622781228482000,1,0.00553100,0.07274324
1622781296510000,1,0.00479300,0.07274031
1622781453653000,1,0.00877200,0.07271000
1622781629138000,1,0.00896100,0.07262000
1622781723647000,0,0.00295200,0.07255721
1622781781136000,1,0.00425700,0.07255000
1622781830448000,0,0.00339000,0.07253678
1622781849203000,1,0.00853400,0.07254000
1622782009894000,0,0.00342900,0.07253999
1622782053454000,0,0.00424700,0.07254928
1622782101614000,1,0.00288590,0.07250051
1622782125260000,0,0.46390143,0.07250049
1622782125302000,0,0.63159279,0.07250048
1622782176836000,1,0.00443200,0.07239103
1622782337677000,0,0.08393109,0.07241854
1622782731275000,0,0.00382200,0.07245473
1622782731699000,0,2.39617800,0.07245473
1622782731699000,0,1.06397465,0.07245557
1622782736664000,1,0.00061100,0.07242034
1622782860438000,1,0.00706800,0.07247089
1622782881869000,0,0.00458000,0.07252386
1622782909354000,0,0.00057900,0.07247000
1622782913353000,0,0.00700000,0.07251890
1622782913490000,0,0.00062433,0.07251890
1622782953827000,0,0.00426100,0.07262810
1622782998179000,0,0.00498500,0.07265617
1622783018694000,0,0.00424900,0.07260999
1622783031884000,1,0.00752400,0.07255878
1622783087011000,0,0.00706800,0.07266998
1622783122291000,0,0.00424900,0.07265878
1622783136822000,1,0.00380500,0.07259768
1622783267566000,0,0.00276900,0.07264000
1622783314321000,0,0.00657800,0.07262000
1622783406738000,1,0.00007200,0.07243730
1622783471318000,0,0.00300000,0.07235000
1622783474483000,0,0.00098700,0.07235000
1622783481354000,0,2.52880000,0.07241997
1622783489166000,0,0.00400000,0.07243000
1622783494511000,0,0.00059000,0.07243000
1622783513840000,1,2.40000000,0.07245177
1622783535239000,0,0.00336900,0.07250734
1622783541105000,0,2.61960000,0.07250734
1622783541266000,0,0.28051728,0.07250734
1622783541266000,0,0.00311742,0.07250734
1622783585679000,1,0.00300000,0.07248863
1622783646201000,0,0.00290400,0.07249694
1622783651926000,1,0.00290400,0.07241251
1622783656064000,0,0.00900000,0.07249000
1622783656355000,0,0.00046900,0.07249000
1622783658364000,0,1.17377922,0.07252137
1622783658637000,0,0.24056908,0.07254819
1622783658652000,0,0.09753005,0.07254819
1622783658663000,0,0.10954086,0.07254819
1622783659215000,0,0.49055753,0.07256533
1622783659233000,0,0.49004646,0.07256533
1622783659244000,0,0.13845596,0.07256533
1622783664752000,0,0.75493341,0.07263151
1622783664752000,0,2.04506659,0.07263152
1622783664790000,0,0.23016758,0.07263152
1622783664803000,0,0.12476583,0.07263152
1622783664959000,0,2.40000000,0.07264792
1622783665342000,1,2.30000000,0.07265502
1622783666814000,0,1.25000000,0.07263548
1622783668018000,0,0.48223067,0.07267649
1622783668018000,0,0.44686847,0.07268120
1622783670647000,0,0.32051490,0.07272325
1622783670685000,0,0.02558034,0.07272325
1622783670726000,0,0.92224090,0.07272325
1622783670771000,0,0.44237215,0.07272325
1622783670784000,0,0.14211772,0.07272325
1622783670847000,0,0.55296350,0.07272325
1622783671085000,0,0.49793023,0.07272325
1622783674794000,0,0.73604449,0.07273000
1622783674913000,0,0.75100000,0.07273000
1622783687949000,1,2.40000000,0.07271364
1622783716912000,0,0.00288064,0.07275000
1622783733536000,1,0.00951200,0.07274858
1622783742464000,1,0.10000000,0.07274015
1622783832569000,0,0.22700000,0.07283999
1622783833546000,0,1.99880000,0.07283999
1622783869947000,1,0.10000000,0.07277755
1622783878742000,0,0.00452500,0.07277636
1622783879555000,0,1.52000000,0.07277636
1622783879569000,0,0.87547500,0.07277636
1622783901305000,1,0.00652700,0.07278423
1622784008187000,1,0.00454600,0.07279832
1622784107900000,1,0.14000000,0.07275930
1622784107922000,1,0.63000000,0.07275930
1622784107925000,1,1.63000000,0.07275930
1622784133132000,0,0.00419900,0.07279848
1622784133296000,1,0.00491900,0.07270230
1622784446218000,1,0.00279800,0.07245881
1622784503458000,1,0.00828600,0.07252169
1622784582105000,1,2.40000000,0.07257595
1622784669242000,1,0.00487000,0.07259364
1622784681671000,1,0.06338811,0.07258365
1622784728023000,0,1.10460626,0.07274394
1622784728812000,0,5.60186729,0.07274394
1622784728968000,0,0.16749603,0.07274394
1622784729146000,0,0.58063042,0.07274394
1622784743143000,0,0.00595100,0.07270000
1622784779225000,1,0.07858022,0.07273785
1622784813385000,0,0.00428200,0.07268857
1622784818681000,0,0.44888978,0.07270230
1622784818681000,0,1.12111022,0.07270230
1622784818687000,0,0.00110806,0.07270230
1622784856546000,1,0.00300000,0.07270000
1622784882637000,1,0.00061000,0.07270000
1622784897614000,0,0.00300000,0.07263000
1622784898370000,0,0.00018400,0.07263000
1622784922413000,0,0.00822000,0.07267893
1622784951994000,1,0.25000000,0.07252006
1622784952410000,1,1.91926872,0.07252006
1622784953079000,1,4.99598784,0.07252006
1622784953079000,1,13.69433865,0.07252000
1622784953089000,1,68.31000000,0.07252000
1622784953590000,1,0.67906135,0.07252000
1622784958461000,1,0.93000000,0.07244650
1622784963990000,0,0.25000000,0.07249999
1622784964733000,0,0.39283062,0.07249868
1622784997328000,0,0.00492000,0.07245000
1622785005576000,0,0.00378400,0.07254528
1622785010725000,1,0.00300000,0.07254000
1622785012194000,1,0.00069900,0.07254000
1622785026526000,0,0.00833000,0.07252424
1622785026769000,1,0.10000000,0.07246157
1622785026769000,1,0.45000000,0.07246156
1622785027248000,1,0.00223813,0.07246156
1622785027982000,1,0.33208585,0.07243002
1622785036406000,1,0.00400000,0.07242258
1622785037566000,1,0.00004353,0.07242258
1622785070745000,1,0.00435500,0.07227000
1622785087091000,1,0.00665600,0.07222000
1622785146861000,0,0.00292200,0.07235697
1622785152971000,0,0.00400000,0.07228000
1622785158009000,0,0.00037900,0.07228000
1622785167987000,1,0.00521000,0.07228798
1622785189123000,0,0.00458200,0.07237999
1622785196634000,0,0.00292978,0.07235657
1622785199616000,1,0.00149022,0.07237000
1622785237151000,0,0.00869700,0.07234209
1622785285778000,1,0.00490500,0.07226000
1622785293409000,0,23.07000000,0.07237000
1622785296262000,1,0.00312700,0.07226919
1622785298861000,0,0.00300000,0.07231000
1622785299137000,0,0.00232500,0.07231000
1622785333923000,1,1.86010000,0.07236792
1622785345183000,1,0.25000000,0.07229247
1622785387415000,1,0.00938900,0.07230000
1622785406923000,0,0.00300000,0.07237000
1622785436098000,1,0.45429539,0.07228995
1622785436098000,1,0.45427907,0.07228994
1622785436098000,1,1.13570702,0.07228021
1622785436098000,1,0.75426548,0.07226840
1622785436531000,1,0.00300000,0.07224639
1622785447265000,0,0.00972500,0.07231863
1622785468589000,1,0.00395300,0.07230343
1622785534640000,1,0.10000000,0.07246419
1622785534640000,1,2.40000000,0.07246418
1622785534640000,1,0.75748504,0.07246346
1622785534640000,1,0.94145897,0.07246345
1622785534640000,1,0.45489079,0.07246147
1622785534640000,1,2.40000000,0.07246145
1622785534640000,1,1.13724573,0.07246041
1622785534640000,1,0.12278430,0.07246041
1622785534640000,1,32.53510000,0.07246000
1622785534640000,1,1.86430000,0.07245034
1622785534640000,1,2.95684908,0.07245033
1622785534640000,1,2.30000000,0.07244800
1622785534640000,1,0.75011063,0.07244671
1622785534640000,1,1.88245121,0.07242862
1622785534640000,1,0.76163978,0.07242047
1622785534665000,0,16.66850447,0.07242000
1622785602572000,0,0.00400000,0.07246000
1622785602784000,0,0.00006400,0.07246000
1622785705716000,0,0.00829000,0.07256777
1622785794095000,1,0.00439700,0.07248001
1622785798453000,1,0.00290000,0.07244557
1622785816170000,0,0.00721100,0.07254482
1622785816367000,1,0.00360000,0.07248597
1622785881303000,0,0.00405700,0.07242000
1622785881303000,0,0.00392400,0.07242000
1622785881303000,0,0.00977200,0.07242000
1622785944903000,1,0.00370600,0.07239001
1622785949301000,0,0.00446400,0.07247666
1622786007318000,1,0.00382600,0.07243026
1622786047728000,1,0.01000000,0.07245294
1622786061603000,1,0.00400000,0.07251000
1622786218512000,1,0.00875800,0.07235277
1622786240943000,0,0.00295200,0.07248770
1622786353649000,0,0.00056000,0.07241749
1622786354033000,0,0.00600000,0.07232000
1622786370014000,1,0.00285800,0.07230001
1622786391873000,0,0.00444900,0.07231734
1622786396308000,1,0.00298500,0.07226001
1622786416436000,0,0.05665409,0.07229911
1622786422221000,0,0.00075400,0.07232000
1622786460699000,1,0.00300900,0.07237002
1622786470374000,0,0.00300000,0.07237000
1622786470458000,0,0.00067800,0.07237000
1622786475078000,0,0.00367800,0.07243049
1622786492024000,1,0.17702781,0.07228891
1622786492024000,1,0.75839714,0.07227002
1622786492024000,1,0.00312995,0.07227001
1622786492024000,1,0.00782488,0.07227001
1622786492366000,1,0.75000000,0.07228892
1622786492511000,1,0.00430336,0.07228892
1622786525926000,1,0.00289419,0.07222388
1622786525926000,1,0.00110581,0.07221223
1622786526054000,0,0.00387900,0.07226728
1622786656251000,1,0.00417900,0.07228315
1622786673372000,1,0.00400000,0.07234000
1622786745340000,1,0.00500000,0.07240000
1622786748118000,1,0.00010500,0.07240000
1622786798947000,1,0.00350800,0.07235106
1622786804595000,1,0.00350600,0.07237000
1622786857078000,1,0.73855327,0.07235584
1622786857078000,1,0.19144673,0.07235583
1622786865159000,1,1.00000000,0.07231637
1622786870896000,0,0.25000000,0.07228001
1622786872011000,0,3.25000000,0.07228001
1622786927003000,0,2.26000000,0.07229389
1622786947568000,0,0.00341900,0.07228920
1622787034924000,1,0.00400000,0.07231000
1622787063239000,1,0.00024900,0.07231000
1622787082738000,0,0.00727800,0.07227245
1622787100363000,0,0.00364800,0.07226158
1622787182082000,1,0.00340500,0.07215375
1622787204284000,1,0.00314100,0.07210110
1622787232743000,0,0.00520500,0.07218138
1622787269154000,0,0.00485400,0.07211785
1622787275186000,1,0.00520500,0.07204942
1622787338357000,1,0.00471600,0.07219075
1622787381409000,1,0.00407900,0.07221721
1622787503136000,0,0.00383800,0.07229345
1622787526752000,0,0.60000000,0.07229706
1622787544656000,0,0.00400000,0.07229706
1622787544694000,0,2.34000000,0.07229706
1622787544929000,0,0.00307548,0.07229706
1622787557265000,0,0.00367100,0.07235452
1622787573927000,0,0.00600000,0.07230429
1622787613892000,1,0.00493100,0.07224000
1622787637968000,0,0.00897600,0.07224000
1622787648394000,0,0.00329000,0.07231125
1622787692928000,0,0.00336200,0.07221000
1622787736792000,0,0.00321300,0.07222280
1622787828096000,1,0.00600000,0.07231000
1622787848360000,1,0.00033200,0.07231000
1622787906289000,0,0.00341800,0.07229995
1622788006093000,0,0.00300000,0.07218000
1622788007547000,0,0.00020600,0.07218000
1622788045064000,1,0.00400000,0.07226000
1622788045088000,1,0.00079300,0.07226000
1622788045088000,1,0.09920700,0.07223122
1622788045768000,0,0.00398300,0.07228430
1622788065199000,1,0.00500000,0.07228000
1622788085776000,1,0.00144100,0.07222000
1622788105141000,0,0.00383500,0.07221061
1622788110972000,1,0.00717700,0.07213430
1622788122027000,0,0.00300000,0.07213000
1622788142685000,0,0.00062800,0.07213000
1622788154133000,1,0.00300000,0.07219000
1622788159132000,1,0.00073000,0.07219000
1622788258059000,1,0.00646600,0.07202772
1622788263531000,1,0.00300000,0.07199171
1622788263951000,1,0.00048142,0.07199171
1622788265527000,1,0.76572284,0.07191955
1622788266489000,1,0.27291670,0.07189200
1622788266489000,1,3.26524374,0.07187000
1622788271029000,1,2.06452980,0.07181696
1622788271122000,1,0.10000000,0.07181696
1622788271228000,1,0.23547020,0.07181696
1622788273324000,1,13.77000000,0.07177551
1622788276715000,1,0.00275749,0.07177551
1622788279910000,0,0.01500000,0.07182998
1622788281552000,0,1.52060451,0.07182998
1622788282686000,0,0.76439549,0.07182998
1622788291654000,1,0.00700000,0.07176153
1622788319783000,1,0.00459000,0.07183000
1622788337936000,1,0.10000000,0.07183008
1622788339066000,1,0.00698700,0.07180506
1622788343535000,1,0.00446600,0.07180515
1622788365880000,1,0.00367500,0.07180368
1622788372647000,1,0.02000000,0.07187000
1622788372660000,1,0.00626800,0.07187000
1622788400560000,1,0.00402300,0.07190079
1622788447108000,1,0.00667700,0.07183058
1622788470145000,0,0.00442000,0.07177997
1622788482029000,1,0.00404800,0.07174853
1622788487329000,1,0.00483500,0.07172997
1622788504225000,0,0.00327700,0.07183000
1622788504225000,0,0.00845600,0.07183000
1622788540078000,0,0.00782100,0.07190168
1622788550016000,0,0.00397800,0.07180000
1622788589008000,1,0.00288500,0.07187000
1622788596648000,0,0.00423900,0.07185561
1622788625285000,0,0.00281100,0.07186000
1622788638900000,0,0.00307200,0.07187553
1622788639115000,0,0.00426700,0.07187553
1622788685275000,1,0.00400000,0.07190000
1622788701200000,0,0.00780300,0.07190001
1622788701504000,0,0.00392200,0.07190001
1622788715483000,1,0.00033100,0.07190000
1622788729006000,0,0.00455300,0.07192347
1622788770872000,0,0.00300000,0.07192000
1622788774896000,0,0.00040100,0.07192000
1622788788254000,1,0.00364200,0.07195025
1622788814107000,0,0.00908300,0.07200117
1622788840056000,0,0.00426600,0.07193136
1622788878593000,1,0.00697000,0.07187517
1622788893660000,1,0.00500000,0.07199000
1622788895809000,1,0.00322700,0.07192813
1622788917554000,1,0.00600000,0.07196000
1622788917779000,0,0.00471400,0.07197840
1622788936562000,1,0.00400000,0.07198000
1622788936878000,1,0.00040100,0.07198000
1622788946159000,1,0.00075000,0.07196000
1622788958767000,0,0.00322100,0.07192456
1622788994993000,1,0.00280400,0.07193000
1622789012671000,0,0.08500000,0.07190000
1622789038271000,1,0.00410000,0.07183936
1622789038472000,0,0.00284200,0.07190899
1622789084242000,0,0.00405800,0.07186561
1622789087840000,1,0.10000000,0.07182846
1622789128405000,0,0.00035100,0.07185999
1622789146264000,1,0.00290722,0.07179255
1622789197939000,1,0.00900000,0.07172996
1622789223377000,1,0.00052700,0.07175000
1622789250313000,0,0.00487000,0.07180581
1622789257724000,1,0.00018531,0.07172996
1622789267872000,1,0.00305439,0.07170000
1622789269088000,1,0.00579652,0.07163622
1622789270740000,1,0.45968583,0.07159374
1622789270740000,1,0.75039527,0.07159373
1622789272527000,0,0.00282000,0.07167642
1622789297148000,1,0.45988061,0.07159149
1622789300191000,1,0.02000000,0.07152169
1622789300696000,1,0.00117760,0.07152169
1622789304436000,1,0.00921730,0.07148101
1622789316775000,0,2.40000000,0.07148643
1622789316775000,0,2.40000000,0.07150353
1622789316775000,0,2.40000000,0.07151894
1622789317194000,1,2.30000000,0.07146660
1622789322353000,1,0.10000000,0.07146398
1622789322353000,1,14.30310000,0.07143914
1622789322353000,1,0.46186354,0.07142915
1622789322353000,1,1.15471241,0.07142915
1622789322353000,1,2.30000000,0.07142914
1622789325454000,1,0.10000000,0.07144692
1622789325454000,1,2.30000000,0.07144691
1622789325454000,1,0.46196388,0.07142082
1622789325454000,1,1.15491599,0.07140791
1622789325454000,1,0.46183639,0.07140457
1622789325454000,1,2.40000000,0.07140456
1622789325454000,1,9.60468463,0.07140000
1622789334958000,1,0.00378500,0.07156000
1622789359101000,1,0.00408155,0.07152422
1622789370077000,1,0.00454800,0.07137741
1622789392834000,0,5.00680000,0.07142340
1622789401192000,0,0.00006318,0.07142340
1622789404913000,1,0.00357400,0.07140218
1622789405386000,0,0.00400000,0.07145000
1622789406121000,0,0.00087000,0.07145000
1622789443490000,0,1.82020000,0.07150999
1622789446728000,1,0.00324700,0.07147943
1622789455106000,0,0.02800000,0.07154702
1622789467384000,0,0.00388700,0.07149000
1622789476210000,1,0.10000000,0.07149707
1622789476210000,1,0.09772083,0.07149707
1622789514053000,1,0.00377200,0.07145343
1622789566955000,0,0.00713600,0.07143000
1622789575373000,1,0.00339200,0.07143520
1622789592372000,1,0.00500000,0.07149000
1622789597626000,1,0.24500000,0.07149001
1622789597688000,1,0.52254821,0.07149001
1622789597688000,1,0.00026800,0.07149000
1622789604430000,0,0.00346600,0.07152474
1622789639726000,1,0.00484600,0.07145088
1622789694595000,0,0.00400000,0.07137000
1622789703261000,0,0.00003400,0.07137000
1622789705433000,1,0.00400000,0.07142000
1622789728547000,1,0.00018700,0.07139000
1622789736980000,0,0.00400000,0.07145000
1622789770591000,0,0.00400000,0.07146000
1622789770833000,0,0.00312900,0.07151226
1622789864311000,0,0.00790800,0.07143741
1622789864996000,1,0.00025100,0.07142000
1622789866055000,1,0.13000000,0.07142001
1622789866067000,1,0.00913561,0.07142001
1622789889196000,1,0.00449000,0.07141000
1622789949151000,0,0.00372700,0.07147429
1622789971457000,1,0.00372700,0.07138867
1622790029307000,1,0.00429100,0.07135707
1622790043137000,1,0.01441843,0.07135707
1622790043137000,1,0.76558157,0.07135628
1622790044191000,1,0.00292121,0.07133432
1622790082355000,0,0.00900500,0.07136108
1622790082554000,0,0.00900000,0.07127000
1622790084808000,0,0.00082600,0.07127000
1622790093581000,0,0.00385100,0.07135664
1622790126701000,0,0.00400000,0.07127000
1622790127054000,0,0.00020400,0.07127000
1622790153549000,1,0.00287700,0.07124714
1622790172526000,0,0.00892800,0.07128092
1622790197382000,1,0.00924940,0.07123291
1622790197382000,1,0.01175060,0.07121400
1622790197452000,1,1.27000000,0.07121400
1622790197567000,1,1.32000000,0.07121400
1622790197615000,1,0.19824940,0.07121400
1622790233751000,0,0.62363526,0.07132484
1622790233751000,0,0.46445008,0.07132485
1622790234267000,1,2.40000000,0.07132177
1622790234267000,1,0.10000000,0.07132011
1622790234267000,1,2.40000000,0.07132010
1622790234359000,0,0.10000000,0.07131820
1622790234368000,0,2.50000000,0.07131820
1622790234372000,0,2.40000000,0.07131820
1622790234406000,0,0.31880650,0.07131820
1622790234426000,0,0.35000000,0.07131820
1622790246391000,0,0.25000000,0.07136566
1622790246663000,0,0.21440949,0.07136566
1622790248162000,0,5.45651000,0.07138427
1622790248242000,0,4.56779000,0.07138427
1622790251301000,0,0.00000907,0.07138427
1622790289782000,1,0.11326000,0.07135075
1622790301897000,1,0.77586000,0.07135076
1622790303861000,1,0.00285000,0.07136000
1622790303861000,1,0.00000555,0.07135075
1622790324839000,1,0.00456500,0.07117330
1622790353289000,0,0.57561585,0.07135480
1622790353342000,0,0.58196647,0.07135480
1622790356200000,0,0.00913113,0.07135480
1622790368976000,1,2.40000000,0.07129946
1622790369299000,0,0.00393500,0.07135000
1622790450980000,0,2.40000000,0.07160284
1622790455416000,0,0.00891400,0.07161589
1622790461768000,1,0.00462400,0.07155000
1622790464552000,1,0.00400000,0.07158000
1622790465971000,1,0.00073000,0.07158000
1622790542668000,0,0.00349774,0.07161579
1622790543665000,1,0.00320200,0.07158250
1622790599563000,0,0.00892200,0.07157642
1622790629218000,1,0.00404000,0.07156001
1622790653111000,0,0.00332600,0.07159642
1622790659861000,0,0.00400000,0.07155000
1622790660225000,0,0.00320300,0.07155000
1622790674172000,0,0.00382800,0.07161955
1622790737702000,1,0.00670700,0.07159855
1622790781710000,0,0.00782700,0.07156049
1622790868897000,0,0.00927400,0.07149000
1622790889212000,1,0.00357200,0.07151609
1622790908848000,1,0.00953800,0.07151000
1622790914780000,0,0.00344800,0.07151000
1622791039100000,0,0.00308000,0.07134000
1622791047368000,1,0.00500000,0.07141000
1622791056848000,1,0.00031400,0.07141000
1622791058544000,0,0.00300000,0.07132000
1622791059145000,0,0.00020000,0.07132000
1622791063774000,1,0.00730700,0.07137001
1622791101556000,1,0.00300000,0.07133432
1622791104623000,1,0.00050545,0.07133432
1622791125772000,0,0.00043745,0.07136018
1622791156295000,1,0.00482650,0.07134000
1622791190219000,0,0.00447800,0.07137335
1622791190353000,1,0.00354250,0.07129639
1622791239183000,1,0.00462600,0.07130358
1622791239718000,1,0.00293100,0.07141000
1622791249619000,1,32.22347800,0.07134000
1622791254704000,1,0.00364100,0.07133716
1622791276497000,1,0.00358900,0.07137820
1622791307108000,1,2.40000000,0.07135371
1622791307108000,1,0.96021842,0.07135013
1622791320211000,0,0.00324900,0.07143203
1622791341981000,1,0.00307300,0.07126791
1622791342234000,1,0.00341900,0.07126791
1622791347504000,1,0.00426600,0.07127628
1622791359257000,1,0.00339300,0.07127309
1622791454171000,1,0.00497300,0.07145001
1622791471679000,0,0.00300000,0.07145000
1622791471725000,0,0.00045200,0.07145000
1622791471935000,0,0.00372000,0.07145000
1622791472035000,0,0.00000600,0.07145000
1622791496999000,1,0.00672900,0.07149677
1622791500318000,1,0.02995114,0.07149677
1622791543259000,1,0.00300000,0.07154000
1622791555162000,1,0.00357300,0.07150159
1622791571841000,0,0.00718400,0.07156993
1622791577310000,0,0.00480400,0.07155845
1622791621381000,0,0.00435100,0.07151448
1622791667716000,1,0.10000000,0.07150331
1622791687730000,0,0.00500000,0.07157988
1622791687731000,0,2.39500000,0.07157988
1622791687731000,0,2.40000000,0.07159081
1622791687731000,0,0.00291544,0.07159423
1622791768563000,1,0.00440500,0.07163891
1622791801434000,1,0.25000000,0.07170000
1622791801450000,1,9.70000000,0.07170000
1622791801517000,1,2.11520900,0.07170001
1622791801517000,1,7.98379100,0.07170000
1622791801523000,1,21.19310000,0.07170000
1622791801524000,1,19.07170572,0.07170000
1622791801772000,1,0.95345914,0.07170000
1622791801817000,1,86.24000000,0.07170000
1622791801819000,1,15.45000000,0.07170000
1622791801833000,1,10.09900000,0.07170000
1622791802026000,1,19.06948932,0.07170000
1622791802156000,1,10.09900000,0.07170000
1622791802452000,1,10.09900000,0.07170000
1622791802553000,1,19.07432942,0.07170000
1622791802787000,1,6.28230789,0.07170000
1622791802831000,1,0.26534911,0.07170000
1622791802877000,1,10.09900000,0.07170000
1622791802919000,1,0.45690422,0.07170000
1622791802927000,1,1.30207488,0.07170000
1622791803016000,1,0.59570942,0.07170000
1622791803076000,1,19.07867879,0.07170000
1622791803079000,1,0.76165948,0.07170000
1622791803107000,1,0.72357650,0.07170000
1622791803154000,1,0.72343168,0.07170000
1622791803224000,1,0.03808297,0.07170000
1622791803499000,1,0.55179194,0.07170000
1622791803550000,1,0.17399999,0.07170000
1622791803585000,1,19.07905381,0.07170000
1622791803635000,1,0.57599999,0.07170000
1622791803680000,1,1.24315559,0.07170000
1622791803684000,1,0.07252442,0.07170000
1622791803685000,1,0.72363589,0.07170000
1622791803748000,1,0.25880000,0.07170000
1622791803799000,1,1.14248924,0.07170000
1622791803838000,1,0.26190000,0.07170000
1622791803946000,1,0.23720000,0.07170000
1622791803962000,1,118.71000000,0.07170000
1622791803976000,1,1.21865517,0.07170000
1622791803985000,1,1.44715302,0.07170000
1622791804016000,1,0.76244536,0.07170000
1622791804019000,1,0.60920563,0.07170000
1622791804030000,1,1.52301407,0.07170000
1622791804077000,1,0.11422605,0.07170000
1622791804088000,1,19.08040056,0.07170000
1622791804143000,1,0.72359248,0.07170000
1622791804173000,1,0.87590841,0.07170000
1622791804608000,1,19.08459758,0.07170000
1622791804641000,1,0.57168995,0.07170000
1622791804665000,1,0.03811361,0.07170000
1622791804717000,1,0.03810491,0.07170000
1622791804783000,1,0.80036584,0.07170000
1622791804957000,1,0.76232986,0.07170000
1622791804998000,1,2.17220455,0.07170000
1622791805032000,1,0.38116483,0.07170000
1622791805095000,1,19.08990478,0.07170000
1622791805149000,1,0.91475239,0.07170000
1622791805188000,1,0.72431789,0.07170000
1622791805189000,1,0.03810885,0.07170000
1622791805244000,1,0.03811720,0.07170000
1622791805245000,1,1.52436157,0.07170000
1622791805401000,1,4.21000000,0.07170000
1622791805437000,1,0.57213548,0.07170000
1622791805488000,1,0.94137737,0.07170000
1622791805599000,1,19.09348551,0.07170000
1622791805803000,0,0.02655494,0.07170001
1622791805876000,1,0.44152328,0.07170000
1622791805982000,1,0.04640484,0.07170000
1622791806171000,1,0.05342359,0.07170000
1622791806341000,1,0.71422932,0.07170000
1622791807223000,1,0.83910191,0.07170000
1622791807249000,1,0.19070503,0.07170000
1622791807524000,1,1.50239252,0.07170000
1622791807566000,1,0.95356451,0.07170000
1622791807599000,1,0.03766443,0.07170000
1622791807622000,1,0.53718312,0.07170000
1622791808207000,1,8.23000000,0.07170000
1622791808377000,1,0.79234815,0.07170000
1622791808661000,1,0.67400001,0.07170000
1622791808708000,1,23.40000000,0.07170000
1622791808708000,1,0.08369874,0.07170000
1622791808727000,1,87.66180000,0.07170000
1622791808733000,1,0.07799999,0.07170000
1622791808759000,1,1.67899999,0.07170000
1622791808778000,1,19.09569282,0.07170000
1622791808865000,1,0.06210000,0.07170000
1622791808918000,1,0.70190000,0.07170000
1622791809276000,1,19.09567893,0.07170000
1622791810580000,1,0.68628408,0.07170000
1622791810722000,1,2.44000000,0.07170000
1622791810737000,1,0.87713304,0.07170000
1622791810762000,1,0.38135105,0.07170000
1622791810786000,1,0.07625270,0.07170000
1622791811163000,1,0.30027138,0.07170000
1622791811558000,1,1.14234982,0.07170000
1622791811568000,1,0.18092233,0.07170000
1622791811578000,1,0.56497814,0.07170000
1622791811589000,1,1.77847978,0.07170000
1622791811899000,1,1.11899999,0.07170000
1622791811906000,1,0.14291329,0.07170000
1622791812174000,1,1.33500793,0.07170000
1622791812766000,1,11.70000000,0.07170000
1622791813264000,1,70.80000000,0.07170000
1622791813515000,1,0.09820000,0.07170000
1622791813612000,1,0.09820000,0.07170000
1622791814786000,1,0.58500000,0.07170000
1622791815069000,1,0.18700000,0.07170000
1622791815732000,1,0.57307621,0.07170000
1622791815747000,1,0.30303396,0.07170000
1622791815804000,1,1.04562537,0.07170000
1622791815804000,1,0.28714090,0.07170000
1622791815804000,1,0.27348912,0.07170000
1622791815809000,1,0.49589343,0.07170000
1622791815838000,1,0.72383710,0.07170000
1622791815849000,1,0.57675223,0.07170000
1622791815849000,1,0.30164031,0.07170000
1622791815849000,1,0.07035413,0.07170000
1622791815859000,1,0.19099891,0.07170000
1622791815868000,1,0.56411352,0.07170000
1622791815869000,1,1.37771343,0.07170000
1622791815873000,1,1.13619216,0.07170000
1622791815875000,1,0.69555041,0.07170000
1622791815879000,1,0.57275557,0.07170000
1622791815881000,1,0.57319561,0.07170000
1622791815898000,1,0.38205427,0.07170000
1622791815908000,1,0.08130587,0.07170000
1622791815933000,1,0.53278498,0.07170000
1622791815948000,1,0.22117540,0.07170000
1622791815949000,1,0.23130992,0.07170000
1622791815953000,1,0.40232190,0.07170000
1622791815963000,1,0.56294605,0.07170000
1622791815970000,1,0.56299332,0.07170000
1622791815970000,1,0.16086257,0.07170000
1622791815977000,0,0.98323000,0.07170001
1622791815991000,1,0.19101616,0.07170000
1622791816010000,1,0.57277597,0.07170000
1622791816019000,1,0.37220381,0.07170000
1622791816092000,1,0.56305882,0.07170000
1622791816138000,1,0.37208824,0.07170000
1622791816186000,1,1.13273024,0.07170000
1622791816382000,1,0.56632231,0.07170000
1622791816785000,1,0.22180168,0.07170000
1622791817361000,1,13.99000000,0.07170000
1622791817597000,1,0.00320300,0.07170000
1622791835220000,1,0.00323100,0.07170075
1622791841183000,1,6.67000000,0.07170000
1622791841228000,1,6.68000000,0.07170000
1622791841234000,1,6.47000000,0.07170000
1622791841679000,1,0.91371129,0.07170000
1622791847034000,1,0.04874999,0.07170000
1622791847155000,1,0.75313808,0.07170000
1622791855289000,1,1.34754985,0.07170000
1622791855410000,1,0.22317850,0.07170000
1622791855444000,1,0.37943432,0.07170000
1622791855587000,1,0.76292503,0.07170000
1622791855589000,1,0.80350798,0.07170000
1622791855597000,1,0.11020335,0.07170000
1622791855719000,1,0.53985693,0.07170000
1622791864188000,1,0.06277406,0.07170000
1622791864290000,1,1.28477578,0.07170000
1622791864403000,1,0.05021925,0.07170000
1622791864423000,1,10.09900000,0.07170000
1622791864441000,1,0.72120421,0.07170000
1622791864721000,1,10.09900000,0.07170000
1622791870235000,1,0.19948202,0.07170000
1622791870248000,1,0.51056236,0.07170000
1622791870533000,1,0.91650129,0.07170000
1622791872548000,1,1.31546533,0.07170000
1622791873893000,1,1.31546532,0.07170000
1622791874588000,1,0.76011158,0.07170000
1622791875264000,1,1.31546533,0.07170000
1622791875395000,1,0.76026363,0.07170000
1622791876525000,1,1.14342612,0.07170000
1622791876603000,1,0.94021594,0.07170000
1622791876774000,1,0.91484422,0.07170000
1622791876967000,1,0.04268850,0.07170000
1622791876995000,1,2.85891487,0.07170000
1622791877083000,1,0.41930761,0.07170000
1622791877086000,1,0.91485290,0.07170000
1622791877178000,1,0.03766443,0.07170000
1622791877252000,1,0.72411369,0.07170000
1622791877268000,1,0.53846194,0.07170000
1622791877280000,1,1.52444987,0.07170000
1622791877282000,1,0.38222428,0.07170000
1622791877323000,1,3.46652315,0.07170000
1622791877425000,1,0.83844743,0.07170000
1622791877527000,1,0.76584354,0.07170000
1622791877566000,1,0.17716235,0.07170000
1622791877569000,1,0.05599279,0.07170000
1622791877623000,1,0.05439330,0.07170000
1622791877849000,1,0.18828451,0.07170000
1622791877855000,1,0.27775409,0.07170000
1622791877868000,1,0.37517433,0.07170000
1622791877945000,1,0.12998551,0.07170000
1622791879040000,1,0.63192555,0.07170000
1622791879070000,1,0.13947005,0.07170000
1622791879170000,1,0.05579916,0.07170000
1622791879263000,1,0.77126917,0.07170000
1622791879486000,1,0.94998079,0.07170000
1622791879676000,1,0.00409800,0.07170000
1622791881491000,1,0.75453277,0.07170000
1622791883702000,1,0.58612923,0.07170000
1622791886136000,1,0.90446361,0.07170000
1622791886417000,1,1.62482567,0.07170000
1622791886576000,1,1.33220509,0.07170000
1622791886586000,1,1.29644901,0.07170000
1622791886689000,1,1.44897242,0.07170000
1622791886715000,1,0.75871687,0.07170000
1622791887090000,1,1.35731470,0.07170000
1622791887166000,1,0.99183017,0.07170000
1622791887179000,1,0.75871688,0.07170000
1622791887285000,1,0.17573221,0.07170000
1622791887396000,1,0.45746164,0.07170000
1622791890218000,1,0.38361926,0.07170000
1622791890450000,1,0.15760113,0.07170000
1622791891246000,1,0.60529986,0.07170000
1622791891288000,1,0.36276938,0.07170000
1622791891631000,1,0.75174338,0.07170000
1622791891976000,1,0.21203683,0.07170000
1622791892023000,1,0.75313808,0.07170000
1622791892285000,1,1.00000000,0.07170000
1622791892328000,1,0.17158243,0.07170000
1622791892364000,1,0.04735621,0.07170000
1622791892378000,1,19.09830802,0.07170000
1622791892391000,1,0.13104927,0.07170000
1622791892488000,1,0.76937446,0.07170000
1622791892491000,1,31.49750000,0.07170000
1622791892562000,1,0.09414314,0.07170000
1622791892626000,1,0.03798480,0.07170000
1622791892845000,1,1.32662516,0.07170000
1622791893254000,1,19.09342176,0.07170000
1622791893461000,1,0.95477214,0.07170000
1622791893480000,1,0.90000000,0.07170000
1622791893518000,1,1.64441179,0.07170000
1622791893567000,1,1.51524219,0.07170000
1622791893685000,1,0.62122223,0.07170000
1622791893708000,1,0.55313500,0.07170000
1622791893708000,1,0.95240357,0.07170000
1622791893708000,1,0.75453277,0.07170000
1622791893748000,1,19.10033075,0.07170000
1622791893749000,1,1.50488145,0.07170000
1622791893854000,1,2.69230973,0.07170000
1622791893856000,1,0.56466182,0.07170000
1622791893967000,1,3.80829303,0.07170000
1622791894003000,1,0.76681483,0.07170000
1622791894175000,1,0.95277075,0.07170000
1622791894198000,1,1.31977303,0.07170000
1622791894220000,1,1.52638725,0.07170000
1622791894255000,1,19.10804353,0.07170000
1622791894311000,1,0.13754455,0.07170000
1622791894362000,1,0.85934798,0.07170000
1622791894399000,1,0.97295611,0.07170000
1622791894613000,1,0.95477214,0.07170000
1622791894622000,1,0.14100985,0.07170000
1622791894754000,1,0.74910380,0.07170000
1622791894768000,1,19.10906510,0.07170000
1622791894799000,1,0.76708507,0.07170000
1622791894862000,1,0.57026028,0.07170000
1622791894872000,1,1.33548584,0.07170000
1622791894938000,1,0.38082930,0.07170000
1622791894950000,1,0.95974564,0.07170000
1622791894951000,1,0.51439207,0.07170000
1622791894954000,1,0.77126918,0.07170000
1622791894966000,1,0.95137577,0.07170000
1622791895011000,1,0.63531846,0.07170000
1622791895033000,1,0.49847643,0.07170000
1622791895100000,1,0.96792190,0.07170000
1622791895111000,1,1.35591973,0.07170000
1622791895117000,1,0.72483895,0.07170000
1622791895135000,1,1.33496247,0.07170000
1622791895270000,1,19.10816447,0.07170000
1622791895293000,1,0.03814942,0.07170000
1622791895305000,1,1.43822349,0.07170000
1622791895407000,1,0.99200809,0.07170000
1622791895554000,1,1.54563688,0.07170000
1622791895715000,1,0.07393390,0.07170000
1622791895786000,1,19.10760392,0.07170000
1622791895861000,1,3.14009803,0.07170000
1622791895883000,1,1.36037673,0.07170000
1622791895890000,1,0.28996474,0.07170000
1622791896036000,1,0.75468372,0.07170000
1622791896174000,1,1.33253700,0.07170000
1622791896177000,1,1.56412623,0.07170000
1622791896319000,1,19.10708245,0.07170000
1622791896895000,1,0.27878184,0.07170000
1622791896913000,1,0.38484603,0.07170000
1622791896919000,1,0.10286115,0.07170000
1622791896938000,1,0.57277608,0.07170000
1622791896947000,1,0.59381395,0.07170000
1622791896967000,1,0.38584563,0.07170000
1622791896970000,1,0.32912086,0.07170000
1622791896975000,1,0.42989151,0.07170000
1622791896984000,1,0.17005350,0.07170000
1622791896986000,1,0.28888443,0.07170000
1622791897008000,1,0.18943126,0.07170000
1622791897167000,1,0.56992473,0.07170000
1622791897208000,1,0.19001608,0.07170000
1622791897311000,1,0.91293165,0.07170000
1622791897366000,1,1.13276384,0.07170000
1622791897458000,1,0.37803934,0.07170000
1622791897599000,1,0.50979601,0.07170000
1622791897629000,1,0.08601566,0.07170000
1622791897826000,1,0.12596063,0.07170000
1622791897979000,1,19.10450793,0.07170000
1622791898045000,1,0.77360000,0.07170000
1622791898080000,1,0.12400000,0.07170000
1622791898210000,1,0.38075314,0.07170000
1622791898245000,1,0.95974565,0.07170000
1622791898245000,1,82.24000000,0.07170000
1622791898302000,1,1.12435319,0.07170000
1622791898353000,1,0.78955819,0.07170000
1622791898363000,1,0.23136248,0.07170000
1622791898380000,1,0.94998079,0.07170000
1622791898397000,1,0.76303561,0.07170000
1622791898461000,1,1.79314787,0.07170000
1622791898485000,1,19.10824924,0.07170000
1622791898524000,1,0.96393058,0.07170000
1622791898525000,1,1.73256409,0.07170000
1622791898582000,1,1.33917996,0.07170000
1622791898604000,1,1.09226866,0.07170000
1622791898632000,1,1.29708010,0.07170000
1622791898636000,1,0.73375902,0.07170000
1622791898653000,1,0.18971716,0.07170000
1622791898731000,1,0.76707461,0.07170000
1622791898791000,1,0.76283925,0.07170000
1622791898801000,1,1.50906556,0.07170000
1622791898876000,1,0.76743050,0.07170000
1622791898933000,1,0.56368800,0.07170000
1622791898985000,1,19.10716624,0.07170000
1622791899053000,1,0.27062597,0.07170000
1622791899116000,1,0.28988402,0.07170000
1622791899152000,1,0.86711791,0.07170000
1622791899167000,1,1.28591352,0.07170000
1622791899189000,1,1.56656156,0.07170000
1622791899345000,1,0.75871687,0.07170000
1622791899378000,1,0.05440419,0.07170000
1622791899391000,1,0.55110059,0.07170000
1622791899463000,1,0.27475592,0.07170000
1622791899500000,1,19.10941268,0.07170000
1622791899500000,1,0.48814504,0.07170000
1622791899554000,1,0.19386332,0.07170000
1622791899738000,1,0.37533137,0.07170000
1622791900241000,1,0.56539912,0.07170000
1622791900270000,1,19.10814399,0.07170000
1622791900332000,1,0.19247778,0.07170000
1622791901085000,1,0.15493588,0.07170000
1622791901108000,1,0.08096639,0.07170000
1622791901464000,1,0.57066666,0.07170000
1622791901508000,1,0.35764755,0.07170000
1622791902052000,1,0.06278727,0.07170000
1622791902116000,1,0.19591868,0.07170000
1622791902213000,1,0.36556218,0.07170000
1622791903579000,1,0.04184303,0.07170000
1622791904509000,1,1.33083006,0.07170000
1622791904585000,1,0.03741120,0.07170000
1622791906425000,1,0.05163946,0.07170000
1622791906476000,1,0.76863351,0.07170000
1622791907932000,1,0.79243800,0.07170000
1622791908334000,1,0.03103600,0.07170000
1622791914028000,1,0.07254000,0.07170000
1622791914053000,1,0.21901501,0.07170000
1622791914131000,1,0.40176001,0.07170000
1622791914160000,1,0.21901501,0.07170000
1622791914863000,1,22.52686728,0.07170000
1622791916450000,1,0.19944212,0.07170000
1622791917450000,1,0.06597261,0.07170000
1622791917504000,1,0.09196293,0.07170000
1622791917758000,1,0.76167004,0.07170000
1622791917818000,1,0.76306504,0.07170000
1622791917943000,1,0.18693000,0.07170000
1622791917953000,1,0.45058503,0.07170000
1622791917972000,1,0.55800002,0.07170000
1622791917975000,1,2.69374513,0.07170000
1622791918121000,1,0.20362624,0.07170000
1622791918234000,1,0.62900976,0.07170000
1622791918267000,1,0.46453502,0.07170000
1622791919055000,1,0.07125558,0.07170000
1622791945237000,1,0.00494200,0.07170000
1622791952852000,0,0.00658800,0.07177961
1622791973360000,0,0.00700000,0.07181549
1622791974348000,0,0.00300000,0.07181550
1622791974667000,0,0.00049044,0.07181550
1622791989572000,1,0.00069900,0.07185000
1622792019562000,1,0.65888571,0.07178787
1622792019584000,1,0.08775856,0.07178787
1622792019654000,1,1.48910956,0.07178787
1622792020000000,1,0.34395200,0.07178787
1622792020100000,1,1.31246189,0.07178787
1622792021518000,1,0.01730000,0.07178787
1622792042984000,1,0.00443600,0.07178000
1622792060977000,1,10.09900000,0.07170000
1622792061261000,1,10.09900000,0.07170000
1622792063093000,1,0.74686482,0.07170000
1622792063285000,1,0.35704046,0.07170000
1622792063344000,1,0.76165860,0.07170000
1622792063395000,1,0.31938634,0.07170000
1622792063527000,1,0.87604690,0.07170000
1622792063530000,1,0.42956764,0.07170000
1622792063544000,1,0.92772534,0.07170000
1622792063620000,1,0.13112803,0.07170000
1622792063622000,1,0.25667616,0.07170000
1622792063770000,1,19.03959402,0.07170000
1622792063840000,1,0.76591330,0.07170000
1622792064183000,1,0.70092796,0.07170000
1622792064218000,1,14.84000000,0.07170000
1622792064274000,1,19.03996759,0.07170000
1622792064596000,1,0.01000000,0.07170000
1622792064685000,1,0.96253561,0.07170000
1622792064778000,1,19.04121724,0.07170000
1622792065164000,1,0.03236833,0.07170000
1622792065213000,1,0.13662758,0.07170000
1622792065218000,1,0.19949148,0.07170000
1622792065237000,1,0.35256480,0.07170000
1622792065304000,1,0.38133132,0.07170000
1622792065344000,1,0.38483169,0.07170000
1622792065363000,1,0.35618334,0.07170000
1622792065496000,1,0.56026029,0.07170000
1622792066003000,1,0.75607870,0.07170000
1622792077555000,1,0.00320200,0.07170000
1622792080404000,1,0.69664960,0.07170000
1622792099778000,1,0.00310600,0.07170788
1622792113212000,1,0.51000000,0.07170000
1622792114037000,1,4.95000000,0.07170000
1622792114076000,1,7.25000000,0.07170000
1622792114211000,1,0.51000000,0.07170000
1622792114995000,1,0.23854143,0.07170000
1622792119559000,1,0.76000000,0.07170000
1622792122709000,1,1.16000000,0.07170000
1622792122769000,1,0.76856980,0.07170000
1622792123556000,1,0.41000000,0.07170000
1622792128591000,1,0.00405200,0.07170000
1622792130500000,1,22.97000000,0.07170000
1622792130851000,1,18.30000000,0.07170000
1622792130886000,1,17.40000000,0.07170000
1622792132907000,1,48.03000000,0.07170000
1622792142799000,1,1.02000000,0.07170000
1622792142835000,1,39.03000000,0.07170000
1622792144209000,1,34.12000000,0.07170000
1622792145038000,1,0.17619065,0.07170000
1622792145147000,1,0.76026362,0.07170000
1622792145163000,1,0.23165670,0.07170000
1622792145209000,1,0.06277406,0.07170000
1622792145468000,1,0.58310128,0.07170000
1622792145714000,1,0.12000000,0.07170000
1622792146296000,1,3.16000000,0.07170000
1622792147697000,1,0.13000000,0.07170000
1622792151118000,1,0.26644102,0.07170000
1622792151998000,1,3.45000000,0.07170000
1622792152065000,1,0.74109557,0.07170000
1622792152211000,1,31.31032746,0.07170000
1622792180229000,0,0.00437900,0.07166991
1622792207386000,0,0.00608200,0.07170419
1622792236374000,1,0.00125800,0.07171000
1622792236374000,1,0.00310400,0.07171000
1622792347070000,1,0.00583700,0.07172359
1622792362729000,1,0.00429700,0.07180000
1622792397560000,0,0.00300000,0.07174000
1622792410261000,0,0.00041800,0.07174000
1622792464310000,1,0.00300000,0.07192000
1622792487302000,1,0.00355700,0.07194000
1622792487302000,1,0.00359700,0.07194000
1622792507617000,0,0.00399800,0.07195617
1622792523957000,0,0.00900000,0.07189000
1622792526776000,0,0.00020200,0.07189000
1622792556358000,0,0.00443600,0.07192496
1622792562826000,1,14.45000000,0.07188001
1622792599772000,1,0.00500000,0.07188000
1622792642759000,0,0.00439300,0.07193363
1622792643717000,0,0.00485600,0.07193364
1622792660438000,1,0.00023600,0.07188000
1622792661188000,0,0.00969500,0.07188963
1622792678099000,0,0.00311600,0.07187357
1622792683379000,0,0.00284100,0.07186128
1622792709714000,0,0.00300000,0.07178000
1622792712471000,0,0.00010400,0.07178000
1622792719193000,0,0.00432400,0.07185788
1622792784743000,0,0.00878200,0.07186860
1622792813370000,0,0.00439100,0.07186800
1622792827658000,0,0.00392400,0.07186203
1622792838601000,0,0.00413300,0.07184627
1622792849586000,0,0.00482600,0.07186666
1622792871202000,1,0.00319500,0.07178541
1622792871325000,0,0.00458600,0.07185077
1622792910312000,1,0.00900000,0.07179301
1622792942989000,1,0.00500000,0.07187000
1622792943075000,1,0.00022900,0.07187000
1622792963338000,0,0.00525600,0.07187689
1622792966165000,1,2.40000000,0.07181876
1622793079541000,0,0.10000000,0.07180927
1622793079541000,0,1.90000000,0.07180928
1622793092741000,0,0.00285700,0.07180957
1622793096658000,1,0.00403800,0.07173863
1622793126501000,0,0.00300000,0.07173000
1622793156804000,0,0.00354100,0.07173409
1622793156927000,0,0.00523300,0.07173409
1622793173208000,0,2.40000000,0.07171282
1622793173616000,0,0.77174881,0.07172358
1622793173616000,0,0.45950215,0.07174507
1622793173616000,0,1.02874904,0.07174512
1622793177299000,1,0.40589817,0.07168038
1622793187861000,1,0.00500000,0.07175000
1622793200640000,1,0.00211500,0.07175000
1622793200640000,1,0.01283200,0.07173000
1622793200640000,1,0.02505300,0.07173000
1622793206324000,1,0.00774300,0.07173000
1622793311798000,1,2.40000000,0.07162944
1622793325707000,0,0.00600000,0.07163000
1622793346596000,0,0.00393600,0.07166310
1622793367592000,0,0.00391300,0.07165482
1622793440874000,0,0.00500000,0.07151000
1622793440933000,0,0.00001600,0.07151000
1622793451944000,1,0.00400000,0.07160000
1622793468700000,1,0.00306800,0.07154428
1622793495613000,1,0.00904800,0.07162000
1622793530892000,1,0.00917800,0.07153297
1622793562686000,1,0.00244700,0.07156000
1622793572479000,0,0.32387709,0.07154197
1622793576980000,0,0.00370100,0.07152481
1622793607484000,1,0.00349905,0.07150851
1622793643134000,1,0.00992900,0.07145000
1622793650524000,1,0.42004081,0.07143074
1622793654238000,0,0.00390500,0.07152156
1622793659751000,0,0.00475900,0.07149768
1622793659961000,0,0.00421300,0.07149768
1622793731506000,1,2.40000000,0.07137447
1622793731506000,1,1.82790000,0.07136872
1622793731506000,1,0.46392491,0.07136514
1622793731506000,1,0.46392102,0.07136187
1622793731506000,1,0.95969431,0.07136186
1622793746781000,1,0.00924100,0.07146000
1622793747257000,1,2.40000000,0.07138357
1622793748381000,1,0.46000000,0.07134003
1622793757633000,0,2.40000000,0.07140643
1622793759829000,0,12.55000000,0.07140999
1622793763468000,0,0.24300000,0.07139643
1622793763544000,0,2.15700000,0.07139643
1622793776339000,1,2.40000000,0.07141715
1622793777419000,1,0.00390500,0.07141357
1622793824011000,1,0.00400000,0.07154000
1622793824082000,1,0.00007000,0.07154000
1622793824082000,1,0.46539803,0.07149583
1622793888390000,0,0.00697700,0.07156803
1622793908647000,0,0.54737255,0.07157888
1622793908773000,0,1.42900000,0.07157889
1622793929972000,1,0.00800000,0.07155000
1622793931744000,1,0.00089400,0.07155000
1622793957298000,0,0.00400000,0.07155000
1622793962596000,0,0.00079100,0.07155000
1622793989923000,0,0.00116200,0.07152000
1622794018727000,0,0.01055964,0.07159427
1622794095304000,1,2.40000000,0.07152733
1622794095304000,1,0.46317226,0.07151656
1622794095304000,1,0.00682774,0.07151656
1622794114143000,1,0.00430000,0.07156601
1622794118364000,1,0.00300000,0.07165000
1622794123530000,1,0.00068700,0.07165000
1622794135166000,0,0.00374700,0.07165098
1622794139301000,1,0.00400000,0.07165000
1622794180442000,0,6.58522037,0.07171587
1622794180442000,0,2.39477963,0.07171588
1622794180688000,0,0.00522037,0.07171588
1622794200498000,1,0.00300000,0.07177000
1622794207321000,1,0.00062000,0.07177000
1622794207321000,1,0.00431400,0.07177000
1622794207321000,1,0.00306600,0.07177000
1622794235338000,1,0.00153200,0.07177000
1622794244999000,0,0.00567000,0.07179230
1622794266858000,0,0.00440300,0.07177921
1622794283841000,1,0.00300000,0.07180000
1622794289007000,1,0.00027400,0.07180000
1622794289007000,1,0.09972600,0.07179488
1622794306531000,0,0.00442100,0.07179984
1622794309280000,0,0.00440400,0.07179977
1622794309400000,0,0.00364400,0.07179977
1622794322521000,1,0.00368100,0.07172114
1622794322670000,0,0.00292400,0.07177537
1622794326931000,1,0.10000000,0.07172117
1622794343815000,0,0.00340500,0.07176641
1622794347437000,1,7.16525656,0.07169575
1622794347476000,0,14.27150000,0.07169000
1622794351614000,0,2.40000000,0.07168642
1622794354883000,1,0.00364400,0.07161000
1622794438937000,0,0.00787900,0.07164006
1622794449632000,0,0.00800000,0.07155000
1622794459661000,0,0.00637200,0.07160233
1622794497331000,0,0.46000000,0.07163189
1622794499510000,0,0.00176389,0.07163189
1622794545669000,0,0.00441200,0.07170528
1622794562230000,1,0.00391000,0.07162071
1622794667906000,1,0.00406800,0.07156976
1622794673408000,0,0.00396100,0.07162928
1622794673902000,0,0.00852200,0.07162928
1622794695605000,1,0.00800000,0.07165000
1622794702769000,1,0.00083100,0.07165000
1622794702769000,1,0.00416900,0.07163000
1622794731397000,0,0.00291100,0.07165692
1622794731671000,0,0.08000000,0.07165692
1622794731704000,0,0.08000000,0.07165692
1622794731727000,0,0.08000000,0.07165692
1622794732129000,0,0.47000000,0.07165692
1622794732157000,0,1.63708900,0.07165692
1622794753317000,1,0.00300000,0.07166000
1622794754322000,1,0.00066700,0.07166000
1622794794498000,0,7.15737756,0.07160923
1622794794733000,0,0.00634000,0.07162000
1622794795346000,0,0.13700000,0.07167030
1622794795446000,0,4.73580000,0.07167030
1622794795565000,0,0.00720000,0.07167030
1622794796343000,1,1.14083614,0.07167388
1622794796556000,0,9.60000000,0.07172746
1622794796833000,0,9.60000000,0.07172746
1622794871516000,1,0.00800000,0.07180000
1622794878934000,1,0.00080800,0.07180000
1622794902829000,0,0.00300000,0.07183590
1622794902936000,0,0.00048969,0.07183590
1622794928055000,1,0.00653600,0.07178491
1622794973415000,1,0.00300000,0.07191000
1622794980036000,1,0.00015300,0.07191000
1622794988679000,1,0.00305200,0.07184123
1622794999756000,0,0.00800000,0.07185000
1622795005168000,0,0.00086400,0.07185000
1622795015736000,0,4.20000000,0.07193171
1622795022657000,0,2.90000000,0.07193171
1622795070988000,0,0.42144022,0.07199645
1622795118579000,1,0.00364800,0.07186946
1622795123959000,0,0.00013700,0.07194252
1622795177771000,0,0.55000000,0.07189337
1622795177820000,0,0.15000000,0.07189337
1622795177960000,0,0.05636669,0.07189337
1622795179313000,0,0.26000000,0.07190113
1622795182423000,0,0.76000000,0.07191941
1622795182510000,0,0.00952231,0.07191941
1622795184894000,1,0.00500000,0.07194000
1622795196217000,1,0.00013500,0.07194000
1622795196217000,1,7.15986500,0.07189450
1622795196218000,1,0.00539156,0.07189450
1622795197674000,1,0.00306500,0.07188037
1622795208749000,1,0.61000000,0.07185599
1622795208780000,1,0.38000000,0.07185599
1622795208982000,1,13.91000000,0.07185599
1622795209822000,1,0.24500000,0.07188623
1622795209973000,1,9.60000000,0.07188623
1622795210412000,1,0.26498654,0.07188623
1622795210676000,1,0.00271346,0.07188623
1622795231018000,1,0.00330400,0.07182675
1622795238391000,0,0.00870800,0.07188365
1622795250628000,0,2.40000000,0.07189303
1622795250628000,0,11.43807752,0.07189428
1622795286710000,0,0.00377500,0.07189067
1622795290555000,0,0.00527100,0.07187182
1622795340974000,0,0.00478500,0.07182573
1622795364172000,0,0.00330400,0.07182530
1622795410470000,1,0.00393000,0.07187000
1622795462437000,0,0.00316800,0.07189200
1622795592267000,0,0.00600000,0.07178000
1622795592669000,0,0.00052400,0.07178000
1622795595895000,0,0.00447600,0.07184561
1622795608495000,1,0.00441000,0.07178207
1622795630193000,1,0.00449000,0.07181553
1622795755680000,1,0.00387900,0.07170018
1622795846658000,1,0.00756600,0.07173637
1622795862964000,0,0.00454500,0.07176129
1622795863101000,0,0.00292500,0.07176129
1622795928951000,0,0.00341900,0.07170851
1622795950514000,0,0.00475500,0.07167188
1622795992777000,0,0.00306700,0.07166619
1622796060378000,0,0.00881200,0.07162034
1622796148189000,1,0.00300000,0.07165000
1622796167350000,1,0.00004200,0.07165000
1622796351044000,0,0.00358000,0.07167995
1622796398044000,0,0.00312000,0.07167998
1622796430674000,1,0.00300000,0.07168000
1622796464651000,1,0.00578200,0.07168000
1622796503330000,0,0.00294000,0.07158736
1622796504158000,0,0.00479713,0.07158637
1622796557772000,1,0.00291458,0.07155058
1622796557819000,0,0.00566342,0.07155000
1622796588602000,0,0.00489000,0.07153992
1622796688204000,1,0.00360400,0.07153198
1622796705241000,0,0.00878200,0.07160277
1622796711104000,1,0.00301600,0.07161000
1622796732584000,0,0.00320200,0.07158649
1622796777834000,0,0.00300000,0.07144000
1622796820919000,0,0.00426700,0.07147890
1622796864573000,1,0.00447500,0.07149646
1622796865790000,0,0.00439900,0.07155998
1622796886176000,0,0.00400000,0.07149000
1622796898721000,0,0.00010000,0.07149000
1622796902015000,1,0.00380000,0.07148061
1622796965718000,0,0.00439900,0.07148501
1622797080250000,1,0.00300000,0.07155000
1622797097191000,0,0.00360600,0.07155931
1622797098016000,1,0.00262800,0.07148303
1622797100406000,0,0.00524100,0.07155437
1622797157289000,0,0.00400000,0.07141000
1622797157360000,0,0.00361000,0.07146635
1622797161041000,1,2.40000000,0.07139584
1622797207794000,0,0.00299400,0.07144794
1622797249896000,0,0.00440800,0.07147494
1622797288659000,1,0.00338400,0.07137000
1622797288659000,1,0.00292041,0.07136014
1622797333140000,1,0.00500000,0.07148344
1622797533057000,1,0.00503750,0.07143968
1622797547890000,0,0.00480000,0.07151732
1622797556042000,1,0.00470100,0.07146179
1622797600001000,1,0.00104600,0.07152000
1622797626141000,0,0.00509500,0.07141084
1622797626302000,0,0.00496400,0.07141084
1622797642920000,1,0.00510200,0.07136424
1622797692403000,0,0.00378000,0.07144215
1622797695499000,1,0.00500000,0.07140005
1622797697289000,1,0.00558379,0.07140006
1622797697289000,1,2.39441621,0.07137094
1622797697628000,1,0.00500000,0.07137094
1622797697672000,1,0.46419681,0.07135544
1622797697672000,1,0.69531940,0.07135543
1622797697681000,1,0.46478746,0.07135543
1622797697681000,1,0.46417531,0.07135228
1622797711290000,0,0.00293700,0.07139000
1622797713763000,1,0.00300000,0.07146000
1622797719032000,1,2.40000000,0.07146001
1622797722974000,0,2.23770000,0.07148028
1622797735321000,0,0.00333800,0.07157998
1622797737972000,0,0.00400000,0.07151000
1622797738126000,0,0.00026100,0.07151000
1622797752500000,0,0.00286600,0.07158488
1622797808985000,0,0.00293700,0.07153642
1622797814611000,0,0.01900000,0.07153642
1622797842141000,1,0.00402700,0.07153461
1622797885191000,0,0.00291463,0.07162067
1622797944415000,0,0.00452900,0.07167776
1622797944839000,0,0.00324200,0.07167776
1622797993112000,0,0.00441400,0.07160777
1622798006598000,0,0.28290000,0.07160776
1622798021344000,0,2.40000000,0.07170273
1622798021344000,0,1.63257571,0.07171231
1622798035539000,0,0.00393900,0.07169190
1622798052394000,0,0.00409100,0.07168220
1622798056216000,1,0.00402300,0.07160827
1622798106669000,1,0.02000000,0.07153361
1622798106887000,1,0.46271000,0.07153360
1622798116056000,0,0.00299700,0.07157128
1622798119789000,0,0.00530000,0.07157484
1622798136955000,0,0.00295200,0.07157462
1622798168528000,0,2.27140000,0.07157482
1622798168881000,0,9.60000000,0.07157844
1622798169065000,0,0.24700000,0.07157844
1622798169138000,0,5.40300000,0.07157844
1622798227189000,0,0.00884800,0.07158265
1622798287217000,1,0.00293700,0.07162000
1622798291101000,1,0.00844000,0.07154360
1622798311512000,1,2.40000000,0.07156011
1622798315741000,0,0.00988000,0.07154000
1622798320443000,1,0.01000000,0.07153002
1622798320639000,1,3.19000000,0.07153002
1622798369917000,1,0.00360900,0.07155001
1622798370236000,0,0.07100000,0.07161184
1622798393358000,1,0.29000000,0.07152002
1622798411179000,1,1.69157071,0.07158001
1622798411179000,1,9.99842929,0.07158000
1622798411197000,1,4.31000000,0.07158000
1622798501311000,0,0.00321200,0.07171977
1622798538262000,0,0.00400100,0.07171722
1622798564857000,1,0.00700000,0.07176000
1622798569008000,1,0.00049500,0.07176000
1622798663917000,1,2.40000000,0.07171775
1622798664667000,0,0.10000000,0.07175813
1622798664667000,0,0.06031828,0.07175814
1622798721333000,1,0.00803400,0.07169001
1622798736484000,1,0.00541600,0.07171000
1622798779698000,1,0.00639400,0.07166888
1622798803163000,1,0.00600000,0.07174000
1622798819354000,1,0.00022300,0.07174000
1622798864505000,1,0.00297700,0.07175000
1622798866593000,0,0.00461400,0.07174436
1622798908331000,0,0.00700000,0.07168000
1622798947267000,0,0.00483700,0.07171350
1622798968140000,0,0.00475000,0.07171687
1622798979146000,0,0.00848200,0.07172541
1622799004356000,0,0.06089720,0.07171734
1622799015262000,0,0.00307600,0.07172010
1622799080089000,1,0.01900000,0.07167000
1622799088269000,1,0.00092325,0.07167000
1622799095575000,0,0.00412900,0.07167877
1622799100365000,0,0.00439100,0.07167158
1622799306828000,1,0.58195119,0.07153000
1622799341808000,0,0.00400000,0.07157000
1622799377461000,1,0.00400000,0.07161000
1622799377854000,1,0.00061900,0.07161000
1622799441864000,0,0.02000000,0.07160255
1622799441888000,0,0.13012026,0.07160255
1622799458500000,0,0.02500000,0.07165365
1622799458615000,0,0.07500000,0.07165365
1622799470371000,1,0.00700000,0.07161591
1622799541079000,0,0.00329500,0.07165000
1622799601239000,1,0.00715400,0.07173000
1622799716553000,0,0.00459700,0.07165746
1622799733845000,1,0.00300000,0.07166000
1622799744930000,1,0.00011000,0.07166000
1622799758791000,0,0.00527500,0.07166104
1622799882785000,0,0.00300000,0.07161000
1622799883374000,0,0.00018400,0.07161000
1622799920456000,1,0.00870800,0.07163000
1622799932249000,1,0.11700000,0.07165000
1622799964390000,1,0.00059400,0.07167000
1622799984347000,1,0.00000041,0.07165000
1622799984347000,1,0.00302959,0.07160728
1622800097041000,1,0.00400000,0.07169000
1622800141038000,1,0.00086700,0.07169000
1622800156433000,0,0.00468400,0.07169642
1622800159648000,0,0.00438300,0.07168565
1622800189689000,1,0.00300000,0.07169000
1622800195921000,0,0.00300000,0.07165000
1622800222591000,0,0.00768500,0.07165132
1622800324457000,1,0.00494700,0.07165770
1622800515425000,0,0.01959186,0.07196202
1622800518081000,0,0.00300000,0.07196202
1622800564403000,1,0.00400000,0.07191000
1622800565472000,0,0.00450800,0.07193126
1622800592089000,1,0.00090700,0.07191000
1622800606985000,1,0.00399100,0.07189631
1622800666079000,0,0.00463400,0.07188712
1622800671312000,0,0.00882700,0.07188352
1622800734827000,0,0.00788900,0.07191039
1622800772481000,0,0.00302700,0.07192235
1622800799335000,0,0.33801000,0.07196197
1622800805724000,0,0.00580634,0.07199800
1622800874918000,1,0.01959186,0.07184000
1622800883778000,0,0.00916800,0.07190340
1622800968641000,1,0.00900000,0.07191000
1622800971557000,1,0.00031100,0.07191000
1622801012428000,0,0.00300000,0.07186000
1622801054230000,1,0.00600000,0.07194000
1622801059134000,1,0.00254600,0.07188156
1622801059454000,1,0.09745400,0.07188156
1622801059454000,1,5.07104742,0.07188000
1622801075552000,0,0.00525100,0.07195357
1622801076003000,1,0.00561100,0.07190000
1622801093558000,0,0.00471900,0.07199351
1622801108043000,1,0.00836600,0.07195000
1622801108043000,1,0.00563400,0.07195000
1622801108208000,1,0.00120363,0.07195000
1622801156090000,0,0.00369700,0.07195148
1622801156333000,1,0.00488800,0.07188157
1622801167400000,1,0.00993600,0.07188157
1622801177774000,0,0.00347000,0.07190627
1622801181885000,0,0.00603500,0.07190984
1622801202995000,1,0.00400000,0.07187000
1622801209982000,1,0.00700000,0.07191000
1622801210125000,1,0.00083900,0.07191000
1622801225263000,1,0.00036400,0.07187000
1622801225263000,1,0.00280100,0.07187000
1622801225263000,1,0.00183500,0.07187000
1622801233133000,1,0.00207400,0.07187000
1622801247339000,1,2.81000000,0.07184000
1622801247424000,1,4.59000000,0.07184000
1622801248349000,1,23.50000000,0.07184000
1622801248366000,1,0.00040000,0.07184000
1622801254721000,1,2.40000000,0.07175641
1622801263521000,1,0.00300000,0.07186000
1622801306838000,1,0.00300000,0.07189000
1622801317623000,0,0.00862900,0.07191244
1622801374090000,0,0.00784100,0.07195104
1622801380648000,0,0.02300000,0.07195103
1622801380663000,0,0.00035377,0.07195103
1622801490811000,1,0.00517100,0.07188000
1622801497597000,0,0.00431100,0.07194703
1622801632264000,0,0.00440400,0.07200541
1622801661757000,0,0.01180658,0.07206540
1622801674803000,0,0.00476100,0.07211073
1622801704352000,0,0.00869300,0.07212383
1622801763723000,0,0.00340600,0.07198000
1622801801345000,1,0.00352900,0.07191000
1622801810108000,0,0.00300000,0.07190000
1622801813495000,0,0.00002800,0.07190000
1622801827699000,0,0.00760200,0.07195603
1622801832884000,0,0.00641000,0.07198021
1622801843670000,0,0.00333500,0.07198021
1622801853459000,0,0.00293400,0.07197299
1622801984871000,0,0.00528500,0.07196719
1622802141437000,0,0.00600000,0.07176000
1622802157865000,0,0.00016700,0.07176000
1622802158615000,0,0.00400000,0.07178000
1622802172029000,0,0.00059400,0.07178000
1622802219710000,1,0.00400000,0.07184000
1622802233331000,1,0.00426900,0.07177672
1622802256258000,0,0.00489000,0.07184232
1622802345898000,0,0.00436700,0.07185498
1622802363657000,0,0.00320400,0.07184821
1622802392212000,1,0.00400000,0.07188000
1622802397071000,1,0.00036600,0.07188000
1622802397071000,1,0.00463400,0.07188000
1622802401933000,1,0.00053600,0.07188000
1622802419514000,0,0.00916800,0.07190666
1622802424833000,0,0.00452700,0.07188866
1622802440952000,1,1.08705000,0.07181600
1622802440974000,1,0.00000100,0.07181600
1622802452464000,1,0.01067109,0.07180703
1622802491963000,0,0.00310000,0.07184252
1622802495854000,0,0.00522200,0.07184252
1622802772100000,0,2.40000000,0.07197780
1622802772100000,0,0.10000000,0.07198141
1622802772100000,0,1.65926054,0.07199372
1622802779470000,1,0.00500000,0.07195000
1622802792120000,1,0.00013500,0.07195000
1622802802351000,0,0.00900000,0.07188000
1622802808804000,0,0.00050600,0.07188000
1622802837968000,1,0.00334800,0.07190926
1622802877521000,0,0.00359800,0.07202033
1622803049991000,0,2.40000000,0.07178201
1622803049991000,0,5.41374282,0.07180419
1622803049991000,0,0.95083764,0.07180475
1622803049991000,0,1.33441954,0.07181000
1622803053296000,1,0.04852428,0.07173925
1622803131273000,1,0.00300000,0.07191000
1622803140330000,1,0.00210700,0.07185946
1622803233417000,0,0.00398700,0.07197639
1622803256055000,1,0.00400000,0.07186873
1622803277958000,0,0.00400000,0.07188000
1622803287047000,0,0.00062900,0.07188000
1622803294980000,0,0.00320300,0.07195299
1622803317332000,0,0.00404500,0.07196624
1622803386879000,1,0.00989400,0.07181802
1622803422276000,0,0.00463300,0.07189156
1622803514621000,0,0.00785200,0.07194316
1622803616170000,0,0.00349100,0.07188894
1622803624134000,0,0.00417800,0.07188895
1622803670806000,0,0.00873700,0.07186392
1622803688106000,1,0.00300000,0.07186000
1622803723151000,1,0.00092200,0.07186000
1622803729649000,0,0.00478100,0.07187710
1622803729774000,0,0.00301800,0.07187709
1622803756796000,1,0.00800000,0.07185000
1622803770896000,1,0.00005000,0.07185000
1622803789026000,0,0.00481000,0.07183059
1622803836229000,0,0.00523900,0.07174970
1622803853323000,1,0.00453600,0.07171047
1622803854914000,1,0.08546034,0.07171235
1622803896944000,1,0.00300000,0.07179000
1622803900379000,1,0.00092000,0.07179000
1622803902338000,0,0.00300000,0.07171000
1622803909903000,0,0.00027200,0.07171000
1622803928207000,0,0.18943819,0.07181278
1622803999713000,1,0.00400000,0.07167461
1622804003492000,1,0.00007512,0.07167461
1622804069702000,0,0.00457600,0.07171172
1622804110335000,0,0.00453400,0.07171266
1622804112601000,0,0.00418500,0.07170387
1622804112730000,0,0.00525000,0.07170387
1622804158311000,0,0.19000000,0.07171266
1622804158321000,0,0.00452052,0.07171266
1622804211399000,1,0.00046300,0.07170000
1622804211399000,1,0.00353700,0.07170000
1622804216562000,1,0.00136300,0.07170000
1622804219565000,0,0.00439000,0.07170348
1622804280897000,0,0.00339200,0.07168561
1622804311061000,0,0.00700000,0.07160000
1622804319461000,0,0.00265800,0.07165568
1622804335812000,0,0.00906600,0.07165652
1622804336438000,0,0.00736500,0.07165652
1622804380074000,0,0.00652527,0.07168200
1622804380074000,0,0.00226373,0.07169006
1622804452979000,0,0.00304000,0.07170915
1622804478148000,1,0.00800000,0.07168000
1622804502852000,1,0.00079000,0.07168000
1622804605802000,1,0.00307800,0.07157193
1622804621469000,1,0.00381900,0.07159432
1622804732686000,0,0.00473000,0.07161747
1622804740961000,1,7.16314956,0.07156359
1622804740961000,1,1.33685044,0.07156358
1622804803282000,0,0.00400000,0.07166640
1622804819835000,0,0.00043461,0.07166640
1622804865683000,1,2.40000000,0.07171023
1622804865683000,1,33.19000000,0.07171000
1622804869920000,0,7.16525656,0.07168999
1622804869920000,0,15.33474344,0.07169000
1622804880188000,1,0.00313700,0.07169000
1622804881703000,1,0.78990000,0.07162898
1622804881732000,1,0.27858199,0.07162898
1622804881822000,1,0.60890031,0.07162898
1622804882220000,1,1.12457497,0.07162898
1622804882278000,1,1.13049000,0.07162898
1622804882304000,1,4.55940000,0.07162898
1622804882537000,1,2.26635555,0.07162898
1622804883179000,1,0.06455000,0.07162898
1622804883282000,1,0.58035064,0.07162898
1622804883970000,1,2.77692715,0.07162898
1622804884914000,0,2.40000000,0.07167963
1622804885998000,1,0.10000000,0.07163798
1622804885998000,1,2.40000000,0.07163796
1622804885998000,1,0.94737920,0.07162937
1622804885998000,1,1.71996939,0.07162898
1622804885998000,1,2.11518257,0.07162898
1622804885998000,1,2.31746884,0.07162898
1622804887459000,0,1.15050000,0.07169774
1622804887537000,0,0.00005727,0.07169774
1622804887537000,0,0.15794273,0.07169774
1622804887569000,0,0.30228235,0.07169774
1622804918739000,1,0.00368100,0.07161143
1622804983041000,1,0.00397400,0.07162751
1622805026058000,0,0.00321300,0.07167642
1622805170969000,1,0.00367300,0.07164330
1622805232045000,0,0.00345800,0.07173642
1622805319741000,1,0.00361300,0.07167639
1622805348071000,0,0.00374700,0.07177835
1622805352525000,0,2.40000000,0.07177644
1622805352525000,0,0.94465132,0.07177835
1622805352525000,0,1.89774423,0.07178519
1622805352525000,0,0.59757835,0.07178642
1622805429161000,1,0.00439200,0.07162923
1622805515420000,1,0.00643900,0.07154439
1622805596123000,0,0.00406000,0.07160929
1622805649260000,0,4.79590000,0.07159966
1622805661636000,0,0.00394000,0.07159966
1622805661840000,0,1.44720000,0.07159966
1622805661870000,0,0.00006000,0.07159966
1622805703919000,0,0.00314500,0.07165709
1622805754179000,0,0.00454200,0.07157000
1622805768357000,1,0.00400000,0.07166000
1622805779681000,1,0.00079000,0.07166000
1622805779681000,1,0.00721000,0.07166000
1622805781532000,1,0.00158100,0.07166000
1622805869678000,1,0.00698700,0.07161039
1622805891368000,1,0.00536300,0.07161811
1622805960450000,1,0.00363100,0.07171531
1622805976411000,0,0.00964800,0.07180619
1622805997312000,0,0.00877100,0.07181398
1622806006419000,0,0.00300000,0.07172000
1622806012059000,0,0.00085900,0.07172000
1622806147451000,1,0.00379600,0.07168467
1622806300170000,0,0.00500000,0.07174840
1622806300288000,0,0.00039587,0.07174840
1622806322226000,1,0.00995000,0.07176525
1622806424341000,0,0.00397800,0.07187357
1622806429555000,0,0.00364900,0.07187357
1622806517992000,1,0.00300000,0.07186000
1622806529893000,1,0.00050800,0.07186000
1622806537212000,0,0.00578700,0.07185774
1622806579697000,1,0.00600000,0.07191000
1622806610589000,1,0.00059700,0.07191000
1622806793265000,1,0.00400000,0.07190000
1622806795515000,1,0.00039800,0.07190000
1622806796336000,1,0.10000000,0.07183981
1622806975439000,1,0.00874500,0.07177789
1622807021632000,0,0.00446200,0.07189957
1622807021798000,1,0.00335600,0.07181085
1622807087218000,0,0.00316800,0.07186381
1622807281902000,0,0.00700000,0.07183000
1622807425269000,1,0.00300000,0.07184000
1622807433046000,1,0.00037300,0.07184000
1622807470779000,0,0.00388200,0.07182327
1622807523832000,0,0.00750400,0.07182573
1622807550496000,1,0.00389100,0.07179040
1622807599800000,1,0.00424100,0.07177209
1622807624762000,0,0.01300000,0.07182620
1622807624919000,0,0.21600000,0.07182620
1622807632108000,1,1.90420000,0.07180947
1622807664271000,1,0.00477800,0.07171160
1622807664409000,0,0.00440700,0.07178184
1622807708570000,0,0.00291600,0.07178000
1622807727462000,1,0.00900000,0.07185000
1622807738055000,1,0.00006100,0.07185000
1622807752739000,1,1.47960000,0.07173928
1622807885648000,1,0.16177447,0.07166043
1622807886561000,1,0.18488872,0.07166044
1622807919200000,0,1.34703900,0.07173532
1622808015412000,1,0.03435169,0.07169720
1622808019544000,1,2.45000000,0.07167131
1622808020161000,1,6.81126337,0.07166003
1622808020161000,1,12.29343109,0.07166000
1622808020663000,1,19.10110429,0.07166000
1622808021377000,1,19.10206667,0.07166000
1622808022062000,1,4.50339795,0.07166000
1622808047974000,1,0.00500000,0.07161000
1622808194217000,1,0.00690100,0.07160717
1622808255605000,0,0.00492800,0.07153994
1622808258881000,0,0.00444000,0.07153994
1622808272266000,0,0.00300000,0.07147000
1622808272332000,0,0.00088800,0.07147000
1622808287762000,1,0.00400000,0.07144391
1622808291293000,1,0.10000000,0.07144035
1622808302284000,0,0.00408667,0.07137840
1622808309268000,1,1.16790000,0.07124026
1622808309614000,1,0.00003136,0.07124026
1622808316226000,0,0.10000000,0.07125198
1622808316226000,0,2.02307431,0.07126586
1622808316485000,1,0.00390020,0.07125199
1622808316609000,1,0.55000000,0.07117308
1622808316609000,1,0.46758300,0.07115960
1622808316609000,1,1.16847195,0.07115960
1622808316609000,1,0.00394505,0.07115959
1622808323771000,1,0.04454700,0.07122000
1622808336947000,1,0.00414000,0.07116315
1622808402082000,1,0.00500000,0.07128000
1622808404466000,1,0.00036300,0.07128000
1622808426498000,0,1.34920000,0.07115999
1622808426654000,0,0.00332700,0.07116000
1622808426654000,0,0.47037861,0.07118000
1622808430933000,1,0.97239131,0.07122944
1622808435195000,0,0.76604289,0.07132719
1622808435717000,0,2.40000000,0.07132992
1622808441124000,1,2.40000000,0.07122418
1622808443790000,0,0.10000000,0.07131640
1622808443790000,0,0.01892531,0.07131643
1622808443790000,0,0.77074583,0.07132528
1622808447002000,1,0.63619045,0.07122774
1622808450492000,1,1.69210089,0.07119356
1622808452584000,1,0.00916800,0.07122356
1622808473546000,1,0.00401500,0.07130140
1622808494270000,1,0.00800000,0.07129000
1622808515395000,1,0.07846798,0.07140029
1622808532314000,1,0.47202082,0.07139425
1622808557790000,1,0.00800000,0.07150000
1622808557853000,1,0.00098200,0.07150000
1622808581607000,0,0.02400000,0.07152773
1622808586245000,0,0.44846428,0.07152773
1622808606643000,0,0.02655494,0.07162999
1622808616347000,1,0.00397500,0.07169360
1622808639369000,0,0.00391673,0.07174000
1622808662368000,1,0.00465585,0.07183360
1622808673811000,1,2.40000000,0.07186158
1622808701286000,0,0.00350700,0.07188305
1622808708977000,1,0.00506500,0.07178808
1622808731801000,1,0.00328200,0.07188305
1622808810236000,0,0.00427000,0.07178963
1622808825461000,1,2.42050000,0.07172000
1622808825704000,1,9.60000000,0.07172000
1622808825841000,1,9.90130000,0.07172000
1622808829199000,1,4.06472000,0.07172000
1622808829294000,1,11.65000000,0.07172000
1622808829331000,1,0.25000000,0.07172000
1622808829370000,1,2.30000000,0.07172000
1622808831567000,1,0.23728931,0.07172000
1622808833744000,0,0.00416200,0.07174994
1622808834794000,0,2.00460000,0.07174995
1622808855696000,1,0.14094712,0.07172000
1622808856212000,1,0.00313600,0.07172000
1622808866699000,1,1.88787548,0.07172000
1622808867029000,0,0.00414080,0.07175000
1622808867362000,1,0.00730600,0.07172000
1622808873643000,1,0.24847077,0.07172000
1622808882171000,1,0.85359556,0.07172000
1622808883203000,0,0.00491500,0.07174000
1622808884077000,0,0.00640100,0.07175000
1622808887688000,1,0.34079441,0.07172000
1622808890648000,1,1.64941468,0.07172000
1622808898214000,1,9.97000000,0.07172000
1622808898225000,1,2.47465067,0.07172000
1622808927905000,1,0.00450500,0.07174000
1622808976010000,1,0.00807600,0.07177000
1622808976816000,1,0.00288800,0.07175000
1622809031419000,1,0.00469900,0.07172000
1622809035116000,1,0.00569300,0.07166278
1622809067010000,0,0.00900000,0.07164000
1622809070649000,0,0.00039400,0.07164000
1622809101036000,0,0.01704300,0.07175998
1622809101036000,0,1.17734728,0.07177998
1622809118230000,0,0.00489800,0.07176659
1622809136711000,1,0.00744700,0.07167045
1622809136834000,1,0.00293600,0.07167045
1622809181010000,0,0.03772500,0.07174995
1622809185578000,0,0.00540700,0.07178474
1622809185718000,0,0.00909000,0.07178930
1622809200330000,0,0.00295100,0.07178781
1622809223510000,0,0.00356200,0.07181999
1622809228514000,0,0.00563400,0.07178999
1622809241053000,0,0.00531700,0.07178999
1622809246481000,1,0.00297500,0.07172065
1622809248216000,0,0.00280100,0.07174000
1622809269159000,1,0.00331200,0.07175082
1622809277070000,1,0.00800000,0.07179000
1622809321156000,0,0.00896400,0.07183281
1622809321458000,1,0.00588100,0.07174447
1622809321961000,1,0.00422700,0.07174806
1622809395390000,0,0.00300000,0.07181000
1622809395674000,0,0.00310600,0.07187093
1622809495503000,1,0.00489800,0.07170001
1622809523273000,1,0.00493800,0.07172080
1622809563034000,0,0.00330600,0.07182906
1622809588467000,1,0.00300000,0.07180000
1622809588506000,1,0.00012300,0.07180000
1622809650996000,1,0.00464700,0.07170000
1622809665140000,0,0.00587700,0.07169642
1622809692578000,0,0.00343300,0.07160733
1622809714833000,1,0.00303800,0.07158387
1622809725820000,1,0.00385500,0.07158053
1622809727876000,0,0.00500000,0.07163000
1622809757948000,1,0.00390200,0.07164000
1622809829933000,0,0.00287500,0.07163000
1622809934359000,0,0.00300000,0.07171000
1622809936275000,0,0.00058600,0.07171000
1622809936275000,0,0.00241400,0.07171000
1622809939305000,0,0.00068600,0.07171000
1622809951802000,0,0.00382700,0.07175622
1622809952011000,0,0.00400000,0.07169000
1622809967374000,0,0.00023100,0.07169000
1622809974110000,0,1.75030000,0.07179115
1622809974174000,0,19.20000000,0.07180151
1622809974319000,0,0.91100000,0.07180151
1622810005168000,1,0.00448800,0.07170949
1622810047787000,0,0.00300000,0.07179000
1622810060237000,0,0.00017500,0.07179000
1622810101026000,1,0.00341300,0.07175307
1622810105648000,0,0.00560100,0.07177000
1622810109664000,1,0.00400000,0.07183000
1622810113308000,1,0.00075100,0.07183000
1622810122126000,0,0.00496100,0.07180176
1622810154230000,0,0.00449300,0.07176633
1622810204765000,1,0.00388600,0.07173720
1622810226276000,1,0.00400800,0.07177295
1622810242678000,0,0.10000000,0.07186245
1622810274717000,0,0.00444200,0.07190908
1622810282999000,0,0.09000000,0.07190908
1622810335338000,1,0.00400000,0.07191000
1622810341403000,1,0.76540999,0.07186457
1622810342631000,1,0.46804471,0.07184003
1622810342631000,1,0.46800704,0.07184002
1622810342631000,1,3.03394825,0.07182650
1622810342839000,1,0.00841103,0.07182650
1622810342989000,1,0.77195531,0.07177160
1622810343024000,1,2.00000000,0.07171083
1622810343024000,1,2.40000000,0.07168970
1622810343024000,1,0.38971855,0.07162790
1622810345150000,1,0.77293445,0.07157201
1622810345150000,1,3.04235928,0.07156325
1622810345150000,1,0.46804471,0.07156325
1622810345150000,1,0.46800704,0.07156325
1622810345150000,1,0.77972202,0.07156115
1622810346327000,1,1.01159668,0.07150090
1622810346327000,1,0.56897104,0.07150090
1622810346486000,0,0.10000000,0.07156418
1622810346733000,0,2.40000000,0.07153051
1622810346733000,0,0.75995405,0.07157596
1622810346974000,1,2.40000000,0.07150446
1622810347008000,1,0.16807873,0.07143084
1622810347041000,1,1.33192126,0.07143084
1622810347041000,1,3.04235928,0.07143083
1622810347041000,1,0.46804471,0.07143083
1622810347041000,1,0.46800704,0.07143083
1622810347041000,1,0.78104174,0.07143082
1622810347597000,1,0.02659086,0.07134818
1622810347597000,1,0.10000000,0.07129672
1622810347597000,1,0.77877039,0.07127877
1622810347597000,1,0.09508787,0.07126569
1622810347597000,1,3.00000000,0.07117000
1622810347597000,1,9.80942724,0.07115960
1622810347597000,1,0.00482866,0.07115959
1622810347597000,1,14.91299498,0.07110531
1622810348404000,0,2.78971000,0.07153138
1622810348487000,1,0.76415820,0.07134820
1622810350033000,1,0.76626055,0.07112609
1622810350033000,1,0.10000000,0.07112609
1622810350033000,1,3.06923345,0.07112609
1622810350033000,1,3.08450600,0.07110531
1622810350218000,0,0.10000000,0.07130750
1622810350876000,0,2.40000000,0.07133967
1622810351021000,0,0.10000000,0.07133966
1622810351169000,1,0.10000000,0.07113570
1622810351169000,1,0.00800234,0.07110531
1622810351169000,1,0.06042517,0.07108379
1622810351698000,0,0.03000000,0.07128291
1622810351793000,0,0.00845473,0.07128291
1622810355433000,0,2.40000000,0.07138504
1622810361343000,0,2.40000000,0.07145452
1622810367908000,0,0.36029000,0.07159894
1622810368279000,0,2.03971000,0.07159894
1622810391979000,0,6.30371000,0.07179754
1622810440616000,0,0.00441600,0.07186882
1622810467992000,0,0.46587000,0.07164797
1622810472311000,1,0.10000000,0.07163001
1622810481682000,0,0.40779000,0.07172000
1622810484570000,0,0.01694500,0.07177000
1622810484570000,0,0.00589300,0.07177000
1622810484570000,0,0.01563200,0.07177000
1622810511247000,1,0.00500000,0.07191000
1622810513960000,1,0.00015300,0.07191000
1622810532377000,0,0.00439000,0.07179081
1622810535256000,1,0.00345900,0.07172000
1622810596207000,1,0.74941665,0.07175168
1622810643169000,0,0.00425100,0.07173985
1622810690900000,1,0.00477600,0.07164445
1622810722011000,0,0.00491300,0.07180534
1622810792570000,0,0.76000000,0.07179932
1622810857819000,1,20.17470000,0.07178183
1622810864466000,0,0.00597100,0.07180692
1622810864768000,0,0.00403400,0.07180692
1622810891007000,1,0.00400000,0.07181000
1622810907765000,1,0.00051500,0.07181000
1622810934634000,0,0.00509600,0.07171054
1622810958740000,1,20.61000000,0.07160000
1622810958965000,1,18.91499515,0.07160000
1622810959188000,1,0.28862325,0.07160000
1622810959342000,1,1.10736564,0.07160000
1622810959377000,1,1.25741201,0.07160000
1622810959432000,1,0.10000000,0.07160000
1622810959714000,1,9.60000000,0.07160000
1622810959808000,1,13.50180000,0.07160000
1622810960200000,1,0.61980395,0.07160000
1622810971966000,0,0.00792100,0.07161976
1622811014155000,1,2.40000000,0.07153446
1622811103408000,1,0.00375900,0.07152000
1622811108390000,1,0.00291617,0.07149869
1622811108390000,1,0.00152583,0.07148000
1622811118954000,1,0.09993500,0.07148876
1622811134077000,1,0.00383000,0.07153000
1622811149521000,0,0.45810000,0.07153367
1622811149530000,0,0.00000593,0.07153367
1622811177577000,0,0.45762366,0.07162727
1622811177577000,0,1.14397634,0.07162727
1622811177709000,0,0.00007652,0.07162727
1622811178014000,0,0.45778882,0.07164237
1622811178014000,0,0.45750731,0.07165900
1622811178014000,0,1.14376199,0.07165900
1622811178014000,0,0.74728388,0.07165901
1622811178014000,0,4.67865800,0.07166040
1622811178068000,0,1.60134200,0.07166040
1622811224756000,0,0.00317000,0.07169822
1622811252237000,1,0.04202956,0.07161000
1622811289132000,0,0.00431400,0.07170074
1622811337405000,0,0.00436200,0.07170519
1622811341279000,1,0.00312800,0.07168000
1622811356854000,1,0.00292800,0.07161001
1622811373657000,1,0.00404200,0.07160001
1622811396703000,0,0.00321800,0.07163383
1622811402546000,0,0.01000000,0.07159000
1622811402639000,0,0.00316300,0.07164097
1622811419676000,1,0.00400000,0.07163000
1622811462827000,1,0.00078500,0.07163000
1622811542543000,0,0.00872800,0.07176310
1622811597465000,0,0.00874100,0.07172917
1622811609073000,0,0.00703500,0.07172199
1622811632162000,0,0.00885700,0.07174305
1622811664152000,0,0.00834700,0.07170083
1622811721961000,1,0.00649700,0.07164782
1622811764643000,0,0.00328800,0.07172224
1622811818227000,1,0.00300000,0.07173000
1622811823496000,1,0.00003600,0.07173000
1622811854197000,1,0.38885200,0.07167451
1622811856366000,1,0.00362700,0.07167451
1622811927615000,0,0.00332400,0.07179890
1622811938331000,1,0.00300000,0.07175000
1622811946095000,0,0.00346800,0.07179167
1622811979477000,1,0.00062700,0.07175000
1622812031409000,0,0.00349104,0.07179898
1622812072923000,0,0.00443006,0.07182230
1622812202053000,0,0.00439600,0.07191850
1622812219826000,0,0.00917300,0.07192619
1622812241367000,1,0.00891700,0.07188000
1622812307953000,1,0.00374000,0.07187186
1622812315969000,1,0.02679906,0.07190400
1622812427093000,0,0.00424753,0.07194709
1622812456001000,1,0.00396700,0.07195000
1622812562059000,0,0.00714900,0.07189000
1622812626074000,1,0.00434400,0.07186404
1622812732979000,0,0.00800000,0.07187000
1622812734746000,0,0.00025600,0.07187000
1622812818373000,1,0.00800000,0.07190000
1622812827926000,1,0.00076600,0.07190000
1622812828856000,0,0.00388000,0.07189515
1622812870859000,1,0.00312000,0.07185021
1622812908367000,0,0.00329000,0.07190274
1622812916404000,1,0.00685000,0.07191000
1622812929456000,1,0.00478300,0.07193087
1622812973251000,1,0.00502400,0.07204360
1622812977972000,1,0.05827511,0.07206360
1622812982278000,0,0.00406014,0.07209963
1622812982278000,0,0.00081586,0.07213787
1622813019163000,0,0.00900000,0.07219700
1622813019244000,0,0.00024940,0.07219700
1622813053170000,1,0.00800000,0.07228000
1622813053282000,1,0.00073200,0.07228000
1622813066920000,1,0.00300000,0.07228000
1622813066929000,1,0.00603200,0.07228000
1622813085833000,0,0.01022000,0.07224000
1622813093513000,0,0.00347230,0.07231614
1622813136210000,0,0.00400000,0.07225000
1622813136619000,0,0.00906500,0.07233190
1622813175251000,1,0.00472000,0.07214000
1622813232513000,0,0.00956300,0.07225000
1622813301589000,0,0.00544500,0.07222583
1622813319300000,0,0.00496400,0.07224359
1622813341798000,0,0.00300000,0.07216000
1622813342272000,0,0.00274600,0.07223756
1622813374700000,1,0.00348200,0.07220229
1622813463935000,1,0.00872339,0.07207276
1622813481289000,0,0.00059200,0.07213000
1622813481289000,0,0.00354400,0.07213000
1622813617646000,0,0.00872100,0.07211211
1622813673355000,0,0.00436000,0.07213851
1622813684446000,0,0.00349500,0.07213226
1622813690463000,0,0.00349500,0.07211771
1622813708388000,1,0.00322200,0.07203006
1622813708941000,0,0.00322200,0.07210521
1622813796825000,1,0.00289884,0.07206916
1622813796825000,1,0.00011216,0.07202252
1622813811354000,0,0.00297600,0.07210183
1622813851877000,1,0.00497400,0.07201505
1622813876204000,0,0.00300600,0.07211052
1622813921362000,0,0.00435600,0.07215823
1622813979251000,0,0.00312600,0.07206430
1622813991332000,1,0.21890000,0.07197833
1622814002030000,0,0.00493200,0.07207621
1622814065919000,0,0.00318300,0.07206473
1622814087356000,0,0.00300000,0.07200000
1622814091419000,0,0.00039000,0.07200000
1622814156807000,1,0.00319200,0.07206052
1622814170155000,0,0.00300000,0.07205000
1622814172089000,0,0.00010300,0.07205000
1622814185997000,0,0.00400000,0.07204000
1622814189485000,0,0.00049000,0.07204000
1622814189950000,0,0.00435400,0.07210359
1622814210848000,0,0.00348300,0.07209708
1622814221171000,0,0.00357300,0.07210440
