timestamp ms,type,amount,price
1623196917965000,1,0.06000000,0.07514469
1623196921499000,0,0.05000000,0.07523817
1623197050126000,0,0.00421500,0.07522463
1623197117684000,1,0.00266500,0.07511000
1623197153363000,0,2.70000000,0.07522061
1623197253088000,1,0.10000000,0.07524001
1623197348915000,1,0.10000000,0.07523145
1623197355843000,1,0.00400000,0.07528000
1623197358249000,1,0.00003600,0.07528000
1623197542579000,1,0.00428200,0.07519742
1623197556455000,0,0.10175977,0.07529193
1623197705513000,1,0.00290300,0.07518038
1623197796297000,0,0.00500000,0.07525000
1623197799158000,0,0.00354300,0.07525000
1623197807776000,1,0.00484900,0.07521675
1623197876650000,1,0.02929330,0.07514912
1623197876650000,1,0.04070670,0.07514911
1623197915492000,1,0.00300000,0.07504854
1623197917421000,1,0.00000235,0.07504854
1623197951712000,1,0.00300000,0.07501102
1623197952826000,1,0.00037568,0.07501102
1623197978126000,1,0.00426400,0.07495008
1623197994932000,1,0.02021149,0.07494043
1623197995259000,1,10.09900000,0.07492062
1623198041040000,1,0.00300233,0.07491992
1623198091187000,1,0.00428200,0.07488856
1623198176419000,1,0.00504000,0.07490989
1623198284719000,0,0.00291400,0.07509915
1623198326180000,0,0.00600000,0.07509916
1623198327922000,0,0.04400000,0.07509916
1623198330122000,0,0.01000000,0.07509982
1623198515168000,1,0.00552700,0.07490000
1623198521819000,0,0.00280600,0.07495776
1623198806304000,0,0.00458500,0.07505321
1623199091482000,0,0.00704900,0.07488000
1623199148410000,0,0.00407700,0.07490909
1623199255459000,1,0.00301232,0.07485561
1623199311089000,1,0.00281851,0.07481818
1623199397148000,0,0.00429200,0.07482550
1623199421679000,1,0.00301231,0.07479130
1623199421807000,1,1.00000000,0.07472931
1623199572650000,0,0.73000000,0.07483189
1623199578673000,0,0.70582614,0.07483540
1623199578673000,0,0.69417386,0.07483541
1623199596492000,0,0.00275300,0.07483530
1623199653316000,1,0.00301230,0.07472699
1623199723209000,1,0.00900000,0.07471000
1623199726289000,1,0.00039500,0.07471000
1623199783282000,1,0.00301229,0.07466268
1623199786429000,1,0.00302228,0.07459837
1623199802372000,1,0.00300000,0.07456107
1623199945315000,1,0.00039095,0.07456107
1623199948791000,0,0.00300000,0.07456000
1623199952761000,0,0.00004005,0.07456000
1623199972355000,0,0.00300000,0.07456000
1623199972383000,0,0.00078100,0.07456000
1623200083932000,1,0.00003600,0.07469000
1623200085310000,0,0.00300000,0.07463000
1623200146189000,0,0.00007100,0.07463000
1623200146741000,1,0.00453400,0.07459820
1623200208180000,0,0.00938400,0.07466253
1623200269410000,0,2.70000000,0.07467393
1623200279455000,0,2.70000000,0.07469651
1623200282277000,0,2.70000000,0.07470537
1623200290567000,1,1.25093000,0.07473000
1623200292359000,0,2.70000000,0.07473626
1623200296558000,1,0.00000400,0.07473000
1623200302858000,0,2.70000000,0.07470986
1623200302858000,0,38.75000000,0.07471000
1623200327202000,1,0.00463700,0.07466000
1623200327202000,1,0.00277500,0.07466000
1623200577753000,1,0.03000000,0.07454000
1623200580317000,1,0.00302227,0.07453406
1623200594037000,1,0.00500000,0.07455000
1623200608989000,1,0.00026700,0.07455000
1623200611274000,1,0.00468200,0.07448347
1623200644429000,0,8.24250000,0.07458089
1623200644625000,0,4.25000000,0.07458089
1623200644641000,0,0.00750000,0.07458089
1623200769667000,1,0.00166900,0.07463978
1623200775414000,0,0.00554900,0.07469000
1623200831255000,1,0.00861400,0.07467216
1623200920035000,0,0.00282900,0.07472000
1623200992852000,0,3.26102000,0.07480000
1623201102338000,0,0.00013800,0.07476000
1623201232502000,1,0.00283000,0.07477000
1623201442871000,0,0.00296800,0.07479725
1623201451429000,0,0.00400000,0.07475000
1623201493231000,0,0.00074300,0.07475000
1623201505287000,0,0.00000175,0.07480000
1623201508661000,0,0.00400000,0.07483541
1623201513124000,1,0.00735800,0.07480967
1623201524064000,0,0.00443949,0.07483541
1623201524064000,0,0.00282008,0.07483740
1623201650364000,1,0.00292000,0.07476730
1623201734723000,1,0.00296800,0.07480315
1623201750866000,0,0.00979200,0.07480000
1623201856934000,0,0.00472300,0.07478000
1623201953823000,0,0.04000000,0.07483230
1623202206946000,1,0.00700000,0.07474000
1623202277753000,0,0.00946500,0.07473212
1623202298121000,0,0.00743300,0.07468522
1623202299028000,0,0.00276200,0.07469149
1623202448408000,1,0.00946700,0.07473000
1623202467386000,1,0.00313000,0.07470000
1623202467386000,1,0.00947000,0.07470000
1623202467386000,1,0.13740000,0.07470000
1623202467929000,1,0.00086500,0.07470000
1623202490456000,0,0.00381500,0.07474909
1623202564682000,0,0.00568000,0.07472627
1623202658005000,1,0.00900000,0.07467000
1623202661842000,1,0.00047200,0.07467000
1623202753860000,0,0.00276700,0.07467253
1623202983557000,0,0.00283000,0.07463000
1623202989249000,0,0.52907915,0.07467962
1623203042554000,0,0.00324800,0.07468408
1623203042669000,0,0.00627900,0.07468408
1623203163777000,0,0.00397700,0.07464976
1623203287790000,1,0.00900000,0.07470000
1623203290101000,1,0.00069700,0.07470000
1623203480373000,1,0.17832392,0.07462589
1623203533404000,0,0.00475800,0.07457253
1623203573717000,1,0.00285700,0.07460000
1623203593692000,1,0.00282574,0.07456270
1623203593692000,1,0.00113926,0.07451344
1623203593899000,0,0.00572300,0.07459254
1623203632611000,1,0.00576000,0.07454001
1623203800126000,1,0.00304400,0.07459613
1623203966113000,0,2.70000000,0.07469498
1623204104352000,0,0.00334000,0.07480999
1623204143156000,0,6.52935401,0.07477688
1623204167354000,1,0.00991000,0.07474144
1623204201571000,0,8.66000000,0.07478000
1623204201583000,0,2.49000000,0.07478000
1623204206229000,1,0.00610100,0.07472504
1623204238049000,0,0.08000000,0.07479000
1623204255011000,0,0.50000000,0.07479000
1623204255022000,0,1.01000000,0.07479000
1623204255035000,0,1.41000000,0.07479000
1623204312737000,0,0.00281979,0.07484739
1623204312737000,0,0.00022621,0.07485733
1623204418114000,0,0.00394500,0.07488672
1623204720684000,1,0.00395000,0.07462281
1623204758206000,1,0.00288700,0.07462477
1623204805263000,0,0.00900000,0.07463000
1623204809317000,0,0.00092600,0.07463000
1623204908318000,1,0.10000000,0.07471376
1623204908318000,1,3.48858879,0.07471375
1623204908318000,1,2.70000000,0.07471373
1623204908318000,1,2.60674121,0.07470999
1623205038197000,1,0.00687700,0.07468196
1623205081453000,0,2.70000000,0.07475878
1623205090892000,1,0.00431600,0.07472377
1623205311509000,1,0.00642300,0.07469363
1623205315388000,1,0.52907915,0.07471078
1623205375532000,1,0.00594500,0.07468901
1623205455880000,0,0.00321000,0.07475922
1623205581111000,1,0.00365000,0.07476986
1623205596877000,1,0.00425800,0.07476612
1623205895554000,1,0.00489900,0.07454897
1623205979198000,1,0.00300000,0.07451170
1623206010374000,1,0.00039263,0.07451170
1623206010374000,1,1.03190219,0.07447792
1623206010374000,1,0.00302226,0.07446975
1623206010374000,1,0.50143597,0.07445237
1623206010374000,1,0.00557727,0.07445236
1623206010374000,1,2.06390822,0.07445002
1623206010374000,1,0.08471004,0.07445002
1623206010374000,1,0.81775563,0.07444908
1623206010374000,1,1.25360667,0.07444496
1623206010374000,1,3.25920370,0.07444495
1623206010374000,1,2.06690000,0.07444494
1623206010374000,1,0.00334266,0.07443322
1623206010374000,1,0.01828288,0.07442932
1623206010374000,1,0.82731088,0.07442120
1623206010374000,1,2.06083205,0.07441825
1623206010374000,1,2.06086034,0.07441723
1623206010374000,1,32.48960000,0.07441000
1623206010374000,1,0.00302225,0.07440544
1623206010374000,1,0.02080000,0.07440090
1623206010374000,1,0.82582470,0.07439834
1623206010374000,1,0.81385263,0.07438691
1623206010374000,1,5.98000000,0.07437570
1623206010374000,1,2.06172296,0.07437295
1623206010374000,1,0.02036939,0.07435950
1623206010374000,1,0.01795736,0.07434554
1623206010374000,1,0.00303224,0.07434113
1623206010389000,0,3.20000000,0.07434000
1623206010414000,0,0.10000000,0.07434000
1623206010528000,1,0.10000000,0.07445679
1623206011562000,0,0.06000000,0.07439690
1623206084921000,0,0.00410200,0.07443626
1623206310999000,1,2.70000000,0.07437898
1623206352232000,0,0.00300000,0.07440000
1623206361061000,0,0.00052600,0.07440000
1623206441671000,0,0.00556200,0.07439000
1623206457347000,1,2.70000000,0.07434555
1623206617666000,0,0.00400000,0.07441000
1623206619226000,0,0.00084500,0.07441000
1623206711884000,0,0.00377100,0.07447957
1623206802138000,0,0.10200000,0.07444000
1623206803042000,1,2.70000000,0.07442879
1623206803042000,1,0.06000000,0.07442507
1623206805045000,1,0.82710006,0.07437548
1623206806046000,0,0.06000000,0.07435000
1623206811745000,1,2.70000000,0.07437295
1623206813052000,0,5.89644625,0.07437000
1623206843553000,1,0.00757100,0.07440119
1623206845249000,1,2.69000000,0.07440119
1623206845420000,1,0.00242900,0.07440119
1623206858832000,1,0.00283204,0.07434179
1623206879148000,0,0.00382200,0.07443000
1623206899799000,0,0.00329100,0.07436000
1623207004784000,0,0.00427900,0.07456000
1623207121709000,1,0.26598000,0.07442179
1623207203007000,0,0.00417300,0.07435648
1623207219809000,1,0.50000000,0.07428750
1623207280466000,1,0.00292200,0.07429531
1623207283256000,0,0.00641000,0.07432000
1623207337636000,0,0.20461026,0.07438102
1623207470816000,0,0.00330900,0.07452111
1623207563923000,0,2.70000000,0.07451683
1623207606374000,0,0.00471900,0.07457627
1623207606560000,0,2.69528100,0.07457627
1623207606560000,0,4.00906404,0.07458000
1623207606618000,0,5.49745240,0.07458000
1623207668189000,1,0.00455600,0.07444001
1623207679525000,0,0.00648300,0.07449000
1623207679525000,0,0.04351700,0.07451864
1623207719162000,1,0.00741000,0.07456463
1623207789387000,0,0.00282675,0.07460191
1623207832186000,0,0.00290200,0.07466652
1623207863793000,0,0.16998257,0.07466357
1623207947249000,0,0.17000000,0.07470251
1623207960394000,0,0.00367700,0.07473096
1623208042279000,0,0.00289600,0.07475875
1623208069789000,0,0.00012626,0.07475875
1623208138944000,0,0.00282124,0.07479613
1623208255700000,0,0.00303224,0.07486813
1623208324033000,0,0.00488500,0.07486000
1623208366899000,1,4.85900000,0.07486346
1623208375381000,1,0.06000000,0.07481251
1623208379190000,1,0.00655100,0.07479186
1623208399781000,1,2.70000000,0.07478647
1623208450377000,1,0.80000000,0.07474129
1623208450489000,1,0.00866924,0.07474129
1623208502899000,1,2.70000000,0.07471299
1623208526011000,1,0.81000000,0.07467271
1623208526125000,1,0.00737199,0.07467271
1623208540555000,0,15.22480000,0.07469626
1623208540555000,0,1.01491317,0.07469643
1623208540555000,0,1.23373952,0.07470626
1623208540555000,0,0.49345476,0.07470626
1623208540555000,0,0.05000000,0.07471090
1623208540625000,1,0.26000000,0.07471299
1623208540626000,1,1.38323895,0.07471299
1623208601047000,1,0.00276200,0.07475000
1623208691980000,1,1.71792464,0.07469559
1623208691980000,1,2.70000000,0.07469558
1623208691980000,1,0.98207536,0.07469183
1623208746547000,1,2.70000000,0.07469514
1623208746547000,1,2.70000000,0.07469139
1623208746547000,1,2.29603520,0.07468000
1623208748333000,1,1.41230000,0.07468004
1623208748333000,1,0.64930521,0.07468000
1623208937829000,1,4.86000000,0.07458000
1623208937865000,1,0.00801117,0.07458000
1623209021136000,1,0.00282631,0.07454271
1623209021136000,1,0.00055269,0.07454000
1623209212821000,0,0.00500000,0.07460000
1623209273524000,0,0.00900000,0.07454000
1623209294111000,0,0.00086400,0.07454000
1623209307769000,0,1.14000000,0.07461906
1623209309907000,0,1.56000000,0.07461906
1623209349196000,0,0.00375000,0.07466849
1623209655608000,0,0.90000000,0.07465539
1623209655633000,0,0.90000000,0.07465539
1623209655658000,0,0.90000000,0.07465539
1623209793956000,1,0.00408900,0.07459136
1623209800267000,1,0.00400000,0.07464000
1623209813009000,1,0.00027000,0.07464000
1623209827594000,1,0.00301400,0.07462001
1623209842370000,0,0.00881500,0.07470782
1623209854691000,1,0.00900000,0.07471000
1623209896848000,1,0.00045000,0.07471000
1623209921134000,0,0.00710700,0.07468926
1623209947228000,1,0.05000000,0.07458579
1623209987888000,0,0.00468400,0.07466336
1623209988206000,0,0.00300000,0.07466336
1623210015567000,0,0.00787600,0.07464589
1623210184914000,1,0.00375700,0.07462000
1623210202653000,1,0.00179000,0.07459000
1623210264679000,1,0.00305900,0.07464373
1623210330983000,0,0.00948300,0.07475176
1623210347429000,0,0.00474200,0.07475517
1623210347620000,1,0.00296100,0.07468561
1623210485779000,1,0.00310000,0.07474000
1623210560019000,0,0.00325294,0.07467593
1623210576795000,1,0.33567013,0.07462371
1623210586979000,0,2.52000000,0.07467447
1623210881082000,0,0.00566500,0.07470993
1623210894075000,0,0.00946400,0.07470993
1623210960965000,0,0.00464200,0.07474360
1623211124225000,1,0.00295100,0.07469125
1623211129394000,0,0.00320300,0.07474426
1623211207540000,0,0.04000000,0.07474313
1623211218965000,1,0.00295100,0.07474396
1623211228647000,0,0.00508128,0.07482203
1623211228647000,0,2.69491872,0.07482203
1623211228697000,0,0.00508128,0.07482203
1623211365782000,1,0.00304700,0.07469081
1623211390317000,0,0.00325800,0.07476674
1623211406849000,0,0.00398400,0.07476676
1623211532643000,1,0.00321400,0.07467378
1623211550611000,1,4.86820000,0.07467378
1623211555049000,1,0.00006270,0.07467378
1623211659607000,1,1.47990000,0.07451123
1623211672264000,0,0.00700000,0.07454000
1623211689388000,1,0.00302226,0.07446975
1623211791487000,1,0.11000000,0.07447017
1623211791490000,1,0.11000000,0.07447017
1623211847422000,0,0.00400000,0.07447000
1623211853142000,0,0.00337000,0.07453506
1623211894512000,0,0.00300000,0.07442000
1623211894785000,0,0.00475300,0.07448427
1623211978814000,1,0.00812600,0.07447750
1623212045940000,1,0.00325222,0.07439373
1623212046307000,1,0.13854778,0.07439373
1623212046307000,1,2.70000000,0.07439372
1623212046307000,1,1.04239029,0.07439372
1623212046307000,1,0.49778201,0.07439002
1623212046307000,1,0.48578946,0.07439001
1623212046307000,1,14.53936233,0.07439000
1623212064397000,1,0.00429000,0.07442231
1623212105641000,0,0.00302800,0.07450026
1623212239443000,1,0.00400000,0.07438000
1623212240347000,1,0.00027500,0.07438000
1623212241034000,1,0.00300000,0.07434113
1623212241368000,1,0.00003224,0.07434113
1623212263189000,1,0.00300000,0.07434000
1623212264359000,1,0.00080800,0.07434000
1623212273187000,1,0.00840461,0.07428460
1623212274444000,1,0.00303223,0.07427682
1623212287851000,1,0.01598494,0.07424977
1623212292386000,1,0.00300000,0.07423968
1623212296133000,1,0.00096894,0.07423968
1623212310573000,1,0.00303222,0.07421251
1623212310593000,1,0.10000000,0.07417039
1623212315583000,1,0.00303221,0.07414820
1623212358080000,1,0.00457000,0.07411579
1623212407484000,0,0.00300000,0.07418000
1623212510188000,1,0.00304220,0.07408389
1623212511114000,1,1.40000000,0.07405732
1623212511114000,1,1.52870000,0.07405732
1623212512938000,1,0.27130000,0.07405732
1623212515843000,1,0.01410350,0.07404589
1623212539960000,1,0.00304219,0.07401958
1623212543225000,1,0.00340990,0.07400887
1623212543225000,1,0.23659010,0.07400039
1623212543268000,1,0.00752550,0.07400039
1623212543268000,1,0.00481175,0.07400000
1623212543268000,1,0.15000000,0.07400000
1623212548003000,1,0.00304218,0.07395527
1623212548316000,1,10.09900000,0.07393481
1623212595041000,1,0.00579500,0.07395012
1623212702691000,1,0.00357300,0.07404000
1623212703603000,1,0.00378000,0.07404000
1623212821361000,1,0.00482800,0.07401370
1623212897212000,1,0.50000000,0.07404264
1623212897214000,1,0.00311497,0.07404264
1623212948458000,1,0.00338000,0.07402005
1623212986216000,1,0.00294600,0.07407039
1623213001337000,1,0.00300000,0.07412000
1623213012732000,1,0.00066600,0.07412000
1623213091050000,1,0.00353500,0.07413743
1623213236051000,1,0.00303800,0.07414401
1623213302620000,1,0.00285800,0.07418629
1623213313451000,1,0.00345100,0.07422728
1623213400309000,0,0.00278200,0.07426439
1623213436989000,1,2.70000000,0.07421003
1623213454774000,1,0.00622700,0.07422097
1623213492626000,0,0.00300000,0.07422000
1623213530292000,0,0.00022300,0.07422000
1623213669460000,0,2.00000000,0.07424475
1623213783903000,0,0.00300000,0.07407000
1623213828026000,1,0.00500000,0.07412000
1623213828119000,1,0.00025500,0.07412000
1623213935616000,0,0.00305900,0.07411403
1623213949939000,1,0.00297200,0.07412000
1623214061293000,1,0.00338700,0.07408627
1623214255493000,1,0.00300000,0.07425000
1623214261797000,1,0.00581000,0.07420347
1623214340273000,0,0.00340300,0.07423036
1623214380056000,1,0.00297400,0.07415181
1623214579348000,0,0.00620000,0.07429089
1623214638913000,0,0.00300000,0.07437289
1623214641051000,0,0.00004220,0.07437289
1623214657572000,1,0.00292100,0.07440188
1623214699329000,1,0.00308800,0.07438015
1623214750810000,1,0.00294800,0.07438560
1623214791003000,0,0.00300000,0.07448227
1623214792539000,0,0.00004218,0.07448227
1623214887984000,0,0.01800000,0.07449000
1623214890856000,0,0.00050300,0.07449000
1623214892002000,0,0.00339490,0.07451951
1623214895367000,0,0.00300000,0.07456582
1623214896665000,0,0.00003223,0.07456582
1623214993029000,0,0.10871900,0.07448662
1623215081023000,0,0.00300000,0.07441000
1623215084016000,0,0.00757800,0.07445402
1623215094963000,1,0.00700000,0.07446000
1623215095132000,1,0.00008600,0.07446000
1623215185313000,1,2.70000000,0.07437928
1623215404118000,0,0.49323981,0.07438563
1623215404118000,0,0.50676019,0.07438567
1623215453581000,1,0.00303223,0.07427682
1623215453581000,1,0.04696777,0.07426431
1623215484739000,1,0.00283531,0.07422718
1623215484739000,1,0.00103069,0.07419877
1623215519545000,0,0.00324600,0.07428000
1623215528330000,1,2.70000000,0.07422130
1623215528330000,1,1.01534190,0.07422087
1623215717884000,1,0.00300000,0.07417000
1623215718727000,1,0.00031300,0.07417000
1623215721150000,1,0.42577885,0.07408749
1623215750427000,1,2.70000000,0.07408419
1623215776465000,0,0.00421000,0.07415685
1623215784645000,1,0.00300000,0.07408389
1623215785145000,1,0.00004220,0.07408389
1623215804247000,1,0.00284048,0.07404715
1623215812392000,1,0.00304218,0.07395527
1623215814132000,1,2.70000000,0.07390293
1623215814132000,1,0.10000000,0.07390269
1623215816613000,0,0.00318800,0.07398573
1623215850775000,1,0.00443500,0.07395000
1623215874366000,0,0.00783300,0.07401000
1623215907134000,1,0.00939200,0.07401000
1623215907134000,1,0.00160800,0.07401000
1623215907424000,1,0.00133900,0.07401000
1623215908859000,1,0.48816000,0.07395002
1623215910181000,0,0.00939200,0.07400627
1623215911295000,1,0.00000206,0.07395002
1623215911295000,1,3.17309794,0.07393104
1623215957778000,1,0.00291700,0.07394000
1623215968923000,0,0.80686573,0.07400999
1623215968923000,0,0.00313427,0.07401000
1623215976941000,1,0.19174928,0.07393000
1623215976977000,1,1.21029870,0.07393000
1623215977029000,1,1.01147118,0.07393000
1623215977180000,1,0.94387150,0.07393000
1623215977951000,1,0.00305217,0.07389096
1623215977951000,1,19.56600000,0.07388173
1623215977951000,1,1.00600012,0.07388036
1623215977951000,1,0.10000000,0.07387436
1623215977951000,1,0.48921349,0.07387350
1623215977951000,1,1.32603422,0.07386156
1623216002251000,1,0.00300000,0.07392056
1623216004440000,1,0.00000866,0.07392056
1623216026334000,1,0.00305216,0.07382665
1623216026334000,1,0.00341628,0.07382463
1623216026334000,1,0.04353156,0.07382381
1623216026424000,1,0.00483806,0.07382381
1623216046532000,1,1.40365038,0.07389000
1623216046827000,1,0.98510362,0.07389000
1623216046973000,1,0.80455516,0.07389000
1623216071561000,1,0.00300000,0.07389000
1623216071673000,1,0.00101900,0.07389000
1623216117721000,0,0.00300000,0.07389000
1623216117847000,0,0.00005600,0.07389000
1623216117874000,0,0.05000000,0.07393776
1623216117874000,0,0.79955452,0.07394094
1623216117874000,0,0.80147825,0.07394450
1623216118856000,0,0.02000000,0.07395958
1623216138445000,0,0.13000000,0.07401258
1623216214740000,0,0.00273500,0.07404773
1623216224590000,1,0.78717538,0.07398000
1623216237501000,1,0.00782900,0.07400000
1623216253442000,1,0.00300000,0.07403000
1623216254620000,1,0.80880000,0.07403001
1623216254748000,1,0.00000804,0.07403001
1623216254748000,1,0.00070700,0.07403000
1623216274507000,0,0.00346800,0.07403055
1623216274710000,0,0.00405900,0.07403055
1623216308059000,1,0.50510000,0.07394195
1623216382264000,1,0.37267078,0.07389981
1623216421709000,1,0.22874097,0.07391000
1623216470692000,1,0.00088300,0.07395370
1623216523388000,1,0.60553764,0.07390000
1623216578556000,0,0.80000000,0.07393748
1623216578612000,0,0.00496675,0.07393748
1623216579938000,0,0.81000000,0.07396212
1623216579945000,0,0.00613252,0.07396212
1623216585903000,0,0.26000000,0.07398510
1623216590998000,0,0.80000000,0.07400511
1623216591014000,0,0.00699750,0.07400511
1623216595167000,1,0.00488900,0.07396000
1623216681327000,0,0.00281400,0.07406000
1623216691700000,0,2.70000000,0.07404756
1623216691700000,0,0.81483406,0.07405125
1623216691700000,0,1.00860893,0.07405126
1623216691700000,0,0.10000000,0.07405175
1623216691700000,0,0.49052225,0.07405628
1623216691700000,0,2.70000000,0.07405629
1623216691700000,0,0.49058010,0.07406127
1623216691700000,0,1.89210000,0.07406210
1623216691700000,0,0.00284202,0.07406757
1623216691773000,1,0.26000000,0.07406757
1623216691779000,1,0.35000000,0.07406757
1623216691885000,1,6.98952589,0.07406757
1623216744893000,0,0.00393600,0.07404569
1623216774088000,1,0.00646300,0.07398041
1623216898903000,0,0.00631300,0.07402479
1623216901661000,0,0.28888203,0.07404005
1623216929950000,1,0.00273900,0.07399000
1623216929950000,1,19.24510000,0.07395000
1623216929950000,1,30.65050000,0.07394000
1623216929950000,1,2.70000000,0.07393370
1623216929950000,1,1.60166100,0.07393000
1623217039014000,0,0.00457600,0.07391887
1623217046447000,1,2.70000000,0.07382662
1623217055011000,1,2.70000000,0.07380912
1623217065478000,1,0.00274200,0.07380889
1623217108014000,1,0.00287500,0.07383741
1623217176515000,0,0.00385000,0.07389291
1623217266819000,0,0.00846000,0.07390006
1623217297898000,1,0.00314200,0.07386703
1623217336172000,0,0.00432000,0.07387322
1623217398249000,0,0.00329400,0.07384325
1623217410621000,1,0.00433000,0.07384000
1623217420799000,0,0.00433000,0.07384789
1623217446953000,0,0.00469800,0.07386863
1623217495904000,0,0.00500000,0.07391113
1623217529624000,0,0.00290000,0.07383000
1623217533658000,0,0.00600000,0.07383000
1623217535389000,0,0.00019900,0.07383000
1623217576076000,1,1.00917421,0.07387164
1623217576076000,1,2.01807178,0.07386509
1623217576076000,1,2.05838402,0.07386509
1623217576076000,1,2.70000000,0.07386075
1623217576076000,1,15.13670000,0.07386070
1623217576076000,1,0.79775039,0.07385583
1623217576076000,1,0.49052390,0.07385012
1623217576076000,1,1.22632286,0.07385012
1623217576076000,1,1.94700000,0.07384982
1623217576076000,1,20.70600000,0.07384130
1623217576076000,1,0.27263784,0.07384129
1623217606258000,1,0.00330000,0.07387504
1623217676692000,0,0.00408300,0.07382709
1623217898303000,1,0.00587500,0.07386423
1623217908674000,0,0.00565600,0.07394552
1623218108540000,1,0.00273800,0.07397000
1623218112937000,0,0.00273800,0.07396882
1623218219426000,0,0.00273900,0.07393923
1623218250479000,1,0.00445100,0.07383534
1623218389102000,1,0.00505400,0.07385353
1623218427202000,0,0.00274100,0.07388488
1623218472519000,0,0.00391100,0.07386249
1623218538993000,1,0.02052853,0.07378307
1623218555344000,0,0.00453600,0.07378658
1623218557786000,1,0.00305215,0.07376234
1623218589631000,1,0.00300000,0.07372546
1623218595409000,1,0.00098967,0.07372546
1623218595409000,1,0.22901033,0.07370000
1623218597579000,1,0.00436823,0.07370000
1623218597579000,1,0.00305214,0.07369803
1623218597579000,1,1.40000000,0.07368961
1623218597579000,1,0.12257963,0.07368961
1623218597909000,1,1.67740000,0.07368961
1623218703297000,1,0.00342800,0.07374065
1623218787154000,1,2.08837507,0.07379817
1623219036348000,0,0.00449400,0.07383164
1623219120569000,0,0.53074527,0.07384729
1623219221908000,0,2.70000000,0.07388282
1623219222432000,0,0.04000000,0.07389078
1623219245026000,0,0.00300000,0.07398703
1623219245486000,0,0.00005214,0.07398703
1623219360113000,0,0.00300000,0.07402402
1623219360790000,0,0.00041193,0.07402402
1623219404347000,0,0.00300000,0.07417996
1623219404439000,0,0.00005217,0.07417996
1623219408443000,0,1.08867755,0.07427073
1623219408463000,0,0.26766574,0.07427073
1623219408466000,0,0.35400941,0.07427073
1623219408487000,0,2.18080000,0.07427073
1623219408515000,0,0.41102989,0.07427073
1623219408516000,0,1.99826614,0.07427073
1623219408568000,0,0.11890521,0.07427073
1623219408675000,0,8.62464606,0.07427073
1623219408675000,0,7.07683510,0.07428552
1623219408675000,0,3.68885333,0.07428556
1623219409073000,0,0.19874324,0.07426073
1623219410156000,0,0.00305215,0.07428934
1623219410156000,0,1.17793721,0.07429526
1623219453935000,0,0.00300000,0.07433241
1623219453999000,0,0.00096819,0.07433241
1623219457505000,0,0.00300000,0.07437289
1623219458212000,0,0.00004220,0.07437289
1623219461418000,1,0.00900000,0.07436889
1623219477016000,1,0.80000000,0.07440868
1623219477024000,1,0.00691525,0.07440868
1623219478256000,1,0.00449000,0.07437548
1623219676066000,0,0.00700700,0.07430138
1623219713156000,0,0.00280200,0.07427588
1623219735669000,1,0.00973200,0.07421805
1623219747912000,1,0.04000000,0.07420756
1623219747912000,1,0.02000000,0.07419982
1623219748175000,1,0.03000000,0.07419474
1623219755227000,0,0.00356700,0.07425907
1623219781630000,0,0.29000000,0.07428349
1623219781993000,0,0.00126625,0.07428349
1623219807994000,1,0.00396200,0.07438249
1623219846282000,0,0.00304218,0.07448227
1623219857653000,0,0.00303223,0.07456582
1623219859742000,1,0.00345300,0.07454616
1623219893017000,0,0.05000000,0.07454915
1623219893174000,0,0.05000000,0.07456563
1623219902278000,1,0.00363200,0.07447023
1623219943164000,0,0.00395739,0.07460291
1623219953339000,1,0.10000000,0.07461730
1623219953339000,1,0.32428600,0.07461729
1623219956282000,1,0.02233100,0.07464401
1623219961263000,0,0.00303221,0.07467520
1623219965700000,0,0.00302226,0.07475875
1623219968693000,1,0.00296374,0.07476000
1623219968693000,1,0.02703626,0.07469235
1623219971486000,1,0.00561100,0.07467842
1623220020220000,1,0.00354700,0.07465411
1623220033329000,0,0.00791600,0.07468000
1623220035824000,1,0.05800000,0.07462164
1623220065786000,1,1.00000000,0.07455585
1623220103860000,0,0.99491451,0.07455358
1623220103956000,1,0.99491451,0.07455585
1623220104049000,1,4.04290000,0.07455585
1623220104120000,1,13.67265384,0.07455585
1623220115457000,0,0.00400000,0.07457376
1623220163550000,1,0.05000000,0.07457052
1623220181177000,1,0.00302226,0.07446975
1623220296179000,0,0.00721100,0.07448000
1623220297128000,0,0.00441500,0.07449000
1623220297128000,0,0.00358500,0.07449000
1623220297138000,0,0.00080100,0.07449000
1623220297231000,0,2.37372265,0.07453542
1623220321623000,0,0.00927000,0.07455999
1623220322379000,0,0.00441400,0.07455988
1623220332960000,0,0.00463500,0.07458141
1623220333082000,1,0.00311700,0.07448373
1623220383216000,0,0.00292700,0.07458680
1623220388380000,0,0.00400000,0.07449000
1623220429236000,0,0.00400000,0.07443000
1623220433896000,0,0.00076400,0.07443000
1623220572268000,0,0.00463600,0.07448454
1623220605032000,1,0.00400000,0.07450000
1623220626215000,1,0.00386800,0.07445323
1623220631282000,1,0.00006800,0.07446695
1623220725113000,1,0.00400000,0.07459000
1623220743846000,1,0.00052300,0.07459000
1623220774927000,1,1.21000000,0.07461784
1623220774976000,1,1.49000000,0.07461784
1623220786143000,1,0.10000000,0.07456064
1623220786143000,1,0.48216491,0.07456064
1623220786143000,1,1.10783509,0.07456063
1623220823054000,0,0.00410000,0.07462961
1623220844038000,1,0.00361800,0.07455953
1623220870145000,0,0.00397800,0.07469997
1623220891176000,0,0.00361800,0.07470678
1623220902151000,1,0.23888970,0.07460607
1623220965806000,0,0.00415200,0.07459962
1623221002073000,0,0.00413500,0.07459455
1623221002215000,0,0.00442400,0.07459455
1623221010240000,1,2.70000000,0.07449351
1623221011420000,0,0.06223318,0.07454699
1623221058523000,1,2.70000000,0.07438147
1623221059460000,1,0.06000000,0.07438787
1623221060488000,1,2.70000000,0.07436174
1623221080603000,1,0.00283400,0.07428292
1623221103330000,1,0.00303223,0.07427682
1623221103330000,1,0.00151677,0.07427604
1623221114013000,0,0.00300000,0.07425000
1623221135537000,1,0.00300000,0.07424578
1623221136301000,1,0.00096868,0.07424578
1623221147383000,0,0.00097800,0.07425000
1623221147383000,0,0.00302200,0.07425000
1623221147413000,0,0.00108500,0.07425000
1623221163814000,1,0.00303221,0.07414820
1623221163814000,1,0.04696779,0.07412088
1623221187066000,1,0.00545600,0.07408390
1623221187383000,1,0.00332100,0.07408390
1623221204330000,0,0.00920800,0.07417718
1623221211146000,0,0.00386000,0.07417712
1623221221368000,0,0.00443400,0.07417704
1623221261375000,1,0.00300000,0.07408389
1623221277621000,0,0.00383200,0.07413964
1623221311167000,1,0.00004220,0.07408389
1623221311351000,0,0.00600000,0.07407000
1623221311507000,0,0.00286620,0.07413982
1623221391925000,0,0.00386200,0.07416340
1623221394297000,0,0.00495500,0.07415000
1623221405955000,0,0.00445100,0.07414900
1623221427843000,0,0.77000000,0.07416991
1623221497758000,0,0.05000000,0.07409000
1623221497783000,0,0.00675200,0.07409000
1623221534673000,0,0.00369600,0.07412775
1623221541076000,1,0.00400000,0.07409000
1623221541354000,1,0.00060400,0.07409000
1623221550458000,0,0.00313000,0.07410889
1623221582297000,1,0.00121100,0.07407856
1623221662617000,1,0.00284031,0.07405296
1623221683104000,0,0.47859360,0.07403446
1623221683104000,0,0.08220745,0.07403446
1623221683104000,0,1.19649724,0.07403446
1623221694975000,1,0.00561200,0.07399951
1623221699029000,0,0.00329800,0.07406630
1623221704641000,0,0.00300000,0.07400000
1623221705767000,1,0.10000000,0.07399765
1623221706137000,0,2.70000000,0.07399952
1623221751666000,1,0.00304218,0.07395527
1623221751666000,1,0.00007682,0.07393906
1623221798446000,0,2.70000000,0.07395607
1623221798446000,0,0.98000000,0.07395609
1623221822285000,0,2.70000000,0.07401004
1623221822285000,0,0.98713480,0.07401038
1623221822285000,0,0.05286520,0.07401374
1623221822673000,0,0.00713480,0.07401374
1623221822673000,0,0.79257361,0.07401984
1623221822673000,0,0.47936652,0.07403720
1623221822673000,0,1.19840681,0.07403720
1623221822673000,0,0.05000000,0.07404042
1623221822673000,0,0.77673632,0.07404221
1623221822673000,0,3.11576022,0.07405305
1623221822673000,0,1.97374509,0.07406926
1623221826119000,1,0.00329800,0.07396000
1623221837179000,1,0.00331900,0.07392767
1623221854175000,1,0.16240202,0.07392768
1623221896783000,1,1.67000000,0.07394470
1623221896916000,1,0.38000000,0.07394470
1623221926982000,0,0.00321600,0.07391884
1623221974451000,0,0.00572538,0.07402006
1623221974451000,0,0.00107962,0.07403980
1623222083512000,1,0.00305217,0.07389096
1623222102515000,1,0.00632700,0.07377143
1623222117351000,1,0.00305215,0.07376234
1623222117351000,1,0.04694785,0.07374405
1623222123388000,1,2.70000000,0.07371264
1623222123437000,1,7.04625184,0.07371001
1623222123437000,1,6.49374816,0.07371000
1623222138733000,1,0.00900000,0.07372254
1623222169054000,0,0.00462700,0.07378338
1623222177432000,0,0.68000000,0.07378338
1623222178935000,0,0.00400000,0.07378338
1623222181954000,1,0.00290000,0.07373414
1623222199767000,1,0.00456048,0.07370718
1623222199767000,1,0.00305214,0.07369803
1623222199767000,1,0.04238738,0.07369769
1623222266949000,1,0.00002037,0.07368961
1623222267039000,0,0.00300000,0.07365000
1623222267131000,0,0.00020563,0.07365000
1623222289004000,1,0.00485200,0.07364879
1623222316742000,1,0.00300000,0.07363372
1623222330250000,0,0.00302400,0.07368000
1623222340545000,1,0.47872775,0.07367814
1623222340545000,1,0.47881866,0.07367814
1623222358323000,1,0.00006213,0.07363372
1623222373471000,0,0.10000000,0.07367631
1623222373471000,0,2.70000000,0.07367632
1623222373471000,0,1.39778408,0.07367632
1623222373471000,0,0.05000000,0.07367867
1623222373471000,0,0.76211891,0.07367999
1623222380471000,1,0.10000000,0.07358835
1623222399433000,1,0.00306212,0.07356941
1623222399433000,1,0.00105388,0.07354000
1623222436480000,1,0.00306211,0.07350510
1623222436480000,1,0.00342747,0.07350323
1623222436480000,1,0.00564942,0.07350155
1623222436480000,1,0.00484149,0.07350000
1623222436480000,1,0.00301951,0.07349071
1623222473958000,0,0.00382400,0.07352940
1623222505883000,1,0.00547590,0.07349071
1623222505883000,1,0.00319210,0.07347424
1623222598289000,1,0.00319500,0.07346584
1623222606882000,1,0.00416000,0.07348155
1623222609750000,0,0.05000000,0.07356468
1623222733715000,0,0.79000000,0.07352662
1623222733727000,0,0.00993644,0.07352662
1623222745926000,1,0.00287300,0.07346960
1623222791020000,0,0.00300000,0.07348000
1623222793781000,0,0.00053800,0.07348000
1623222805970000,0,0.00400000,0.07349000
1623222806139000,0,0.00014000,0.07349000
1623222824639000,1,2.70000000,0.07349107
1623222824639000,1,0.09187328,0.07348740
1623222838470000,0,0.00322500,0.07355378
1623222906784000,1,0.00731900,0.07349759
1623222964425000,0,0.00073600,0.07349000
1623222969424000,1,0.00432800,0.07346562
1623222969770000,1,0.00632900,0.07346929
1623223022317000,1,0.00300800,0.07348974
1623223048616000,1,0.00326900,0.07348600
1623223073286000,0,0.02307777,0.07354306
1623223073876000,0,2.55671398,0.07354306
1623223101712000,1,0.34023036,0.07349368
1623223177481000,1,0.00400000,0.07365000
1623223202448000,1,0.00006000,0.07365000
1623223213168000,1,0.00446700,0.07354793
1623223302311000,1,0.00479800,0.07362931
1623223324088000,1,0.00468800,0.07362987
1623223437055000,0,0.00300000,0.07369000
1623223437145000,0,0.00011700,0.07369000
1623223451616000,1,0.00521200,0.07375569
1623223494447000,0,0.00359000,0.07371995
1623223539885000,0,0.00694300,0.07365000
1623223565551000,1,0.00867500,0.07361703
1623223586352000,1,0.00825000,0.07361778
1623223630678000,0,0.00286200,0.07365000
1623223678767000,0,0.00298800,0.07361000
1623223678767000,0,0.00299200,0.07361000
1623223679230000,0,0.06000000,0.07367367
1623223679230000,0,0.06000000,0.07369221
1623223679230000,0,0.48349441,0.07369891
1623223679230000,0,1.20872315,0.07369891
1623223679230000,0,3.14258094,0.07370966
1623223679230000,0,0.05000000,0.07370967
1623223687768000,0,0.00380600,0.07368352
1623223688024000,0,0.00738600,0.07368352
1623223732538000,0,0.00400000,0.07359000
1623223735272000,0,0.00072800,0.07359000
1623223748552000,1,0.00308400,0.07360867
1623223754310000,1,0.05000000,0.07360867
1623223754397000,1,0.00691600,0.07360867
1623223794730000,1,0.00738500,0.07357906
1623223796094000,1,0.00555500,0.07357906
1623223796221000,0,0.00555500,0.07365632
1623223808927000,1,0.05000000,0.07354818
1623223808927000,1,0.02000000,0.07354630
1623223833178000,0,0.00399200,0.07358155
1623223875906000,1,0.00400000,0.07360000
1623223877126000,1,0.00090200,0.07360000
1623223921492000,1,0.00702800,0.07354930
1623223971399000,1,0.00521800,0.07361687
1623223980095000,0,0.00400000,0.07361000
1623223991620000,0,0.00048100,0.07361000
1623223991620000,0,0.00251900,0.07361000
1623224025748000,0,0.00052400,0.07361000
1623224047739000,0,0.80000000,0.07368023
1623224047753000,0,0.00066794,0.07368023
1623224050657000,1,0.03096700,0.07364915
1623224125894000,0,0.00300000,0.07355000
1623224138674000,1,0.48321451,0.07353710
1623224138674000,1,1.13791767,0.07353704
1623224148899000,0,0.00070500,0.07355000
1623224157332000,1,0.00500000,0.07358503
1623224213362000,1,0.00308100,0.07367390
1623224233299000,1,0.00398600,0.07370563
1623224233495000,1,0.00403300,0.07370563
1623224235838000,1,0.47364166,0.07370563
1623224235838000,1,0.15135834,0.07370403
1623224254349000,1,0.00486400,0.07372127
1623224284289000,0,0.00285095,0.07375813
1623224284289000,0,0.77714905,0.07378504
1623224307991000,0,0.00285300,0.07378874
1623224343845000,0,0.00306211,0.07379410
1623224363060000,1,0.00373400,0.07375451
1623224401252000,0,0.09241400,0.07385926
1623224414494000,1,0.00554900,0.07380886
1623224432603000,1,0.00495600,0.07381003
1623224450690000,0,0.07610300,0.07387894
1623224457083000,1,0.00300000,0.07388000
1623224458575000,1,0.00090200,0.07388000
1623224508703000,0,0.05000000,0.07384999
1623224532219000,1,0.00300600,0.07382056
1623224615884000,1,0.00599500,0.07385357
1623224804558000,1,0.00438700,0.07384571
1623224809953000,0,0.01000000,0.07384000
1623224857689000,0,0.00318300,0.07390807
1623224868310000,1,0.00318200,0.07382875
1623224896681000,1,0.06000000,0.07373528
1623224903974000,0,0.00697800,0.07375631
1623224914345000,1,0.08557000,0.07359371
1623224915325000,1,0.06420700,0.07359372
1623224915325000,1,0.00000100,0.07359371
1623224930521000,1,0.00300000,0.07350510
1623224934352000,1,0.00006211,0.07350510
1623224953001000,1,0.00285724,0.07346835
1623224953001000,1,0.01852565,0.07345395
1623224953001000,1,1.97861711,0.07345000
1623224953126000,1,0.02100000,0.07345000
1623224954135000,1,0.00038289,0.07345000
1623224954135000,1,0.00261711,0.07344079
1623224955184000,1,0.00044499,0.07344079
1623224955184000,1,0.01355501,0.07343861
1623224956574000,1,0.08644000,0.07343861
1623224956587000,1,0.00000499,0.07343861
1623224956587000,1,0.05000000,0.07341830
1623224956587000,1,0.94999501,0.07341000
1623224959669000,0,0.04817800,0.07342844
1623224967870000,1,0.05000499,0.07341000
1623225089267000,1,0.03575686,0.07348903
1623225089342000,1,0.27798719,0.07348903
1623225089449000,1,0.16911864,0.07348903
1623225139323000,1,0.00661300,0.07340768
1623225198459000,0,0.00500000,0.07344000
1623225203092000,0,0.00055800,0.07344000
1623225225036000,1,0.00432800,0.07346673
1623225254909000,0,0.06000000,0.07350625
1623225259602000,0,0.00472200,0.07351784
1623225281891000,1,0.00464300,0.07342458
1623225367303000,1,0.00448700,0.07349383
1623225397023000,0,0.00400000,0.07349000
1623225398370000,0,0.00039900,0.07349000
1623225455594000,1,0.00565100,0.07348688
1623225477256000,1,0.00408400,0.07348688
1623225498073000,0,0.00318900,0.07344971
1623225519056000,1,0.00300000,0.07346000
1623225523825000,1,0.00099500,0.07346000
1623225555920000,1,0.00307209,0.07337648
1623225555920000,1,0.09403776,0.07337648
1623225556396000,1,0.48488878,0.07335064
1623225556396000,1,0.20511122,0.07335061
1623225556769000,1,0.01820463,0.07333573
1623225556769000,1,1.40000000,0.07332372
1623225556769000,1,0.93769537,0.07332372
1623225557446000,1,0.86230000,0.07332372
1623225557453000,1,0.00000463,0.07332372
1623225557928000,1,0.00339870,0.07332211
1623225558442000,1,0.00307208,0.07331217
1623225558596000,1,0.10000000,0.07330000
1623225558963000,1,1.67000000,0.07330000
1623225559192000,1,0.00353342,0.07330000
1623225559338000,1,0.05754000,0.07328887
1623225559916000,1,0.04000000,0.07328887
1623225559935000,1,0.00246000,0.07328887
1623225560587000,1,0.00307207,0.07324786
1623225561865000,1,0.01426107,0.07322778
1623225561865000,1,0.01573893,0.07321111
1623225561923000,1,0.00494998,0.07321111
1623225564446000,1,0.00307206,0.07318355
1623225639865000,1,0.00515998,0.07314696
1623225640477000,1,0.01623098,0.07312424
1623225641908000,1,0.00308205,0.07311924
1623225662583000,1,0.00308204,0.07305493
1623225663479000,0,0.02672372,0.07305493
1623225667066000,0,9.25000000,0.07305493
1623225669061000,0,6.70000000,0.07305493
1623225669109000,0,15.99731835,0.07305493
1623225711121000,1,0.00500000,0.07304233
1623225733428000,1,3.08630137,0.07300000
1623225733428000,1,0.01275986,0.07300000
1623225733428000,1,0.15000000,0.07300000
1623225733428000,1,2.00000000,0.07300000
1623225733428000,1,0.00308203,0.07299062
1623225733553000,1,1.40000000,0.07295965
1623225733553000,1,1.80000000,0.07295965
1623225733553000,1,0.48818994,0.07292632
1623225733553000,1,0.48844532,0.07292632
1623225733553000,1,0.48818994,0.07292632
1623225733553000,1,0.00309202,0.07292631
1623225733553000,1,1.77260000,0.07290276
1623225733553000,1,0.79362084,0.07290171
1623225733553000,1,0.76889191,0.07289054
1623225733553000,1,0.80503175,0.07289053
1623225733553000,1,3.18499267,0.07289000
1623225736619000,0,0.40000000,0.07304632
1623225763676000,0,0.00309202,0.07321531
1623225812762000,1,0.48874729,0.07313463
1623225812762000,1,1.22101115,0.07313463
1623225812843000,0,0.25400000,0.07313463
1623225812858000,0,2.03624156,0.07313463
1623225844783000,1,0.00857600,0.07320489
1623225908031000,1,0.00363200,0.07327548
1623225954713000,1,0.00417100,0.07331783
1623225971001000,0,0.15080000,0.07336988
1623225979352000,0,0.00308205,0.07340824
1623226018825000,1,0.00405900,0.07340071
1623226018955000,1,0.00391500,0.07340071
1623226030953000,0,0.00273000,0.07343741
1623226036500000,1,0.00455100,0.07337576
1623226047181000,1,0.00400000,0.07337000
1623226058017000,0,0.00497700,0.07339529
1623226109603000,1,0.10000000,0.07330950
1623226144875000,0,0.00700800,0.07338341
1623226161921000,0,0.00982200,0.07338000
1623226281948000,0,0.08000000,0.07338760
1623226302256000,1,2.70000000,0.07332710
1623226316485000,0,0.00930800,0.07337986
1623226316837000,0,0.11000000,0.07337986
1623226316931000,0,0.00817700,0.07337986
1623226328473000,0,0.04000000,0.07341259
1623226328475000,0,0.00524100,0.07341259
1623226328475000,0,0.00275708,0.07341284
1623226355261000,1,0.00738700,0.07339112
1623226364162000,1,0.00700000,0.07342000
1623226365602000,1,0.00037000,0.07342000
1623226389508000,0,0.00568555,0.07329585
1623226463932000,1,0.01612159,0.07318491
1623226466675000,1,0.00746900,0.07318857
1623226602176000,0,0.91153450,0.07331045
1623226634980000,1,0.00300000,0.07311924
1623226656056000,1,0.00008205,0.07311924
1623226656056000,1,0.00525995,0.07305619
1623226659664000,0,2.70000000,0.07315781
1623226676764000,0,2.70000000,0.07323002
1623226784291000,1,0.00420600,0.07317294
1623226791767000,1,0.00673100,0.07323000
1623226811889000,1,0.00350000,0.07321875
1623226849004000,0,0.00478300,0.07314635
1623226907124000,1,0.00286774,0.07310978
1623226907139000,1,0.48738455,0.07308352
1623226907139000,1,0.67261545,0.07308352
1623226907178000,1,0.54592568,0.07308352
1623226907178000,1,0.05000000,0.07308120
1623226907432000,1,0.24407711,0.07307233
1623226907466000,1,0.24338875,0.07307233
1623226928330000,0,1.21370000,0.07315240
1623226928330000,0,2.70000000,0.07315241
1623226928330000,0,0.06000000,0.07315591
1623226928330000,0,2.02630000,0.07316206
1623226953860000,0,0.00300000,0.07303000
1623226954740000,0,0.00099000,0.07303000
1623227005221000,1,0.04478029,0.07311722
1623227088563000,1,0.00800000,0.07322000
1623227115934000,1,0.86170000,0.07322001
1623227127876000,1,0.00040200,0.07322000
1623227128588000,1,0.48705703,0.07317763
1623227128588000,1,1.21771880,0.07317763
1623227207870000,1,0.00286900,0.07318347
1623227257434000,0,0.89000000,0.07319922
1623227257434000,0,0.89000000,0.07319922
1623227270399000,1,0.00300000,0.07321000
1623227287080000,1,0.00500000,0.07323000
1623227291339000,1,0.00737600,0.07320175
1623227308482000,0,0.00437900,0.07325634
1623227308835000,1,0.10000000,0.07318387
1623227308835000,1,1.76810000,0.07315874
1623227308835000,1,1.62586864,0.07315770
1623227424100000,0,0.00701000,0.07331728
1623227477322000,1,0.00289300,0.07333000
1623227498162000,1,0.00485600,0.07323487
1623227501833000,1,0.00360000,0.07325433
1623227535480000,1,0.00299700,0.07318215
1623227562451000,1,0.00300000,0.07326000
1623227676946000,0,0.00500000,0.07328403
1623227677001000,0,0.00029058,0.07328403
1623227697317000,1,0.00421700,0.07328887
1623227727263000,1,0.00398000,0.07329239
1623227748573000,1,0.00330400,0.07331404
1623227770218000,1,0.00879000,0.07330951
1623227895341000,0,0.00474700,0.07329341
1623227928388000,0,0.00480900,0.07329343
1623227939597000,0,0.00183500,0.07328609
1623227973209000,1,0.00950700,0.07320041
1623227992245000,0,0.00562400,0.07327796
1623228023391000,0,0.02500000,0.07329366
1623228031408000,0,0.24160000,0.07329366
1623228033786000,1,0.00372300,0.07327593
1623228060204000,1,0.00290400,0.07330367
1623228071463000,0,0.00361200,0.07337367
1623228071837000,1,0.00441400,0.07329108
1623228192974000,1,0.00290400,0.07327875
1623228257192000,1,0.00653100,0.07323715
1623228264968000,1,0.00300000,0.07330000
1623228323559000,1,0.00290400,0.07335000
1623228331272000,0,0.00605900,0.07336000
1623228437178000,0,0.00636033,0.07334188
1623228437178000,0,0.00195167,0.07334554
1623228452207000,0,0.50000000,0.07334934
1623228458791000,1,0.00800000,0.07335000
1623228464198000,1,0.00044600,0.07335000
1623228516831000,0,0.00300000,0.07311000
1623228516941000,0,0.00081900,0.07311000
1623228522465000,1,0.00876900,0.07311248
1623228669113000,1,0.00300000,0.07319000
1623228669133000,1,0.00058500,0.07319000
1623228707450000,1,0.00300000,0.07319000
1623228728346000,1,0.00385800,0.07314059
1623228752527000,0,0.00646200,0.07323220
1623228776999000,0,0.00900000,0.07314000
1623228781732000,0,0.00012900,0.07314000
1623228793555000,1,0.00400000,0.07314000
1623228801576000,1,0.00089100,0.07314000
1623228886843000,0,0.00846700,0.07309894
1623229015320000,0,0.00556700,0.07309348
1623229069124000,1,0.00300000,0.07308000
1623229069399000,1,0.00048200,0.07308000
1623229131455000,1,0.00288100,0.07296276
1623229140052000,1,0.00288100,0.07305000
1623229189287000,0,0.00833600,0.07301096
1623229192251000,1,1.00661087,0.07295144
1623229196450000,1,0.00309202,0.07292631
1623229196450000,1,0.00287315,0.07292628
1623229196450000,1,0.04403483,0.07292448
1623229240259000,1,0.00563700,0.07297000
1623229260118000,1,0.00309201,0.07286200
1623229260118000,1,0.00179499,0.07285610
1623229273264000,0,0.00400000,0.07285000
1623229310071000,0,0.00018000,0.07285000
1623229325851000,1,1.00944166,0.07286256
1623229336654000,1,2.70000000,0.07286614
1623229337467000,0,0.00408500,0.07289985
1623229338959000,1,0.06000000,0.07283148
1623229358385000,0,0.48943223,0.07292999
1623229358860000,1,0.00361500,0.07289382
1623229381683000,0,0.06000000,0.07293723
1623229381683000,0,0.05576537,0.07294502
1623229403528000,1,0.00480800,0.07287545
1623229412601000,0,0.00702600,0.07293888
1623229447119000,1,0.00408000,0.07287201
1623229473769000,1,0.00334600,0.07285909
1623229557366000,1,0.00483600,0.07280765
1623229640066000,1,0.00877100,0.07285154
1623229669966000,1,0.15725930,0.07289583
1623229701687000,0,0.00400000,0.07291000
1623229731713000,1,0.00309200,0.07279769
1623229763623000,0,0.00300000,0.07278000
1623229796387000,1,0.00400000,0.07283000
1623229802313000,1,0.00437900,0.07279000
1623229908571000,0,0.00345900,0.07284800
1623229911352000,1,0.00339700,0.07277081
1623229971584000,0,0.00360100,0.07282968
1623229974967000,0,0.00395300,0.07282969
1623229992351000,0,0.00300000,0.07278000
1623230047405000,0,0.00013500,0.07278000
1623230069736000,1,0.00461800,0.07283000
1623230123947000,1,0.00287827,0.07275361
1623230123947000,1,0.20580596,0.07274775
1623230124225000,1,1.21869404,0.07274775
1623230147721000,1,0.00439500,0.07274327
1623230177250000,0,0.00700000,0.07275774
1623230185069000,0,0.00498100,0.07276636
1623230214826000,1,0.00700000,0.07275000
1623230230846000,1,0.00098700,0.07273338
1623230234020000,1,0.00210499,0.07273338
1623230356958000,1,0.00548400,0.07285279
1623230376809000,1,0.00467900,0.07283000
1623230376809000,1,2.69532100,0.07283000
1623230376865000,1,0.00467900,0.07283000
1623230400552000,0,0.00611200,0.07285636
1623230409322000,1,2.70000000,0.07276432
1623230470134000,1,0.00457300,0.07278000
1623230470828000,0,0.10000000,0.07281344
1623230470828000,0,0.05215143,0.07281345
1623230490685000,1,0.01000000,0.07272788
1623230490685000,1,0.11000000,0.07272674
1623230490696000,1,0.69862466,0.07272674
1623230524981000,1,0.00543700,0.07280063
1623230559062000,1,0.00921800,0.07284501
1623230571515000,1,0.00884500,0.07286302
1623230672228000,1,0.00361100,0.07284870
1623230699282000,0,0.00462600,0.07289000
1623230699282000,0,0.05000000,0.07292423
1623230744414000,0,0.00381100,0.07297000
1623230748697000,0,0.00098700,0.07302238
1623230748697000,0,0.00210499,0.07302238
1623230751169000,0,0.04944700,0.07309323
1623230757575000,0,0.03000000,0.07312998
1623230757592000,0,0.00704300,0.07312998
1623230794478000,1,0.00350700,0.07303155
1623230812541000,1,0.00651500,0.07302130
1623230814213000,0,0.03109300,0.07309634
1623230829729000,0,0.02000000,0.07311997
1623230838291000,0,0.01827200,0.07312196
1623230838815000,0,0.00516281,0.07316654
1623230839364000,0,0.01368800,0.07317559
1623230845020000,0,0.00308100,0.07321221
1623230878233000,0,0.00279600,0.07317836
1623230986312000,1,0.00334200,0.07310493
1623230992723000,0,0.00372900,0.07315903
1623231020803000,1,0.10000000,0.07310278
1623231032121000,1,0.00596800,0.07305310
1623231070454000,1,0.00412300,0.07305310
1623231082212000,1,0.08900000,0.07305310
1623231087716000,1,0.00090900,0.07305310
1623231126359000,1,0.00276900,0.07301878
1623231224938000,0,0.00378200,0.07306622
1623231274032000,0,0.00400000,0.07296000
1623231282290000,1,0.79364000,0.07292407
1623231291649000,0,0.11747400,0.07290892
1623231294479000,0,0.00423300,0.07290993
1623231341912000,1,0.00287471,0.07287348
1623231341912000,1,0.00507529,0.07285266
1623231390015000,0,0.00300000,0.07286000
1623231396533000,0,0.00029900,0.07286000
1623231402770000,0,0.06975300,0.07291696
1623231404838000,0,0.05810600,0.07291696
1623231414218000,1,0.00484700,0.07285308
1623231415832000,0,0.00400000,0.07285000
1623231416786000,0,0.00021500,0.07285000
1623231416786000,0,0.06079600,0.07290636
1623231476106000,0,0.00844200,0.07290999
1623231494562000,1,0.81163000,0.07283834
1623231535274000,1,1.00000000,0.07284186
1623231619775000,1,0.00300000,0.07290000
1623231620129000,1,0.00030900,0.07290000
1623231664702000,0,0.00512051,0.07290684
1623231664921000,1,0.00187249,0.07291000
1623231756422000,0,0.00700000,0.07283000
1623231791371000,0,0.00028000,0.07283000
1623231804539000,0,0.00559000,0.07288636
1623231860528000,1,0.00515900,0.07287592
1623231865425000,1,0.00809700,0.07288311
1623231910008000,1,0.10000000,0.07290076
1623231910008000,1,1.90000000,0.07290075
1623231928261000,0,0.00300000,0.07290000
1623231935441000,0,0.00011900,0.07290000
1623232069541000,1,0.10000000,0.07281863
1623232071772000,0,0.00279400,0.07287308
1623232123801000,0,0.00934500,0.07281491
1623232161914000,1,0.00800000,0.07282000
1623232163478000,1,0.00087900,0.07282000
1623232220147000,1,0.00300000,0.07273338
1623232277167000,1,0.00403800,0.07274538
1623232296671000,0,0.00981000,0.07279259
1623232355720000,1,0.00009199,0.07273338
1623232355852000,0,0.08400000,0.07273338
1623232359476000,0,11.03625708,0.07273338
1623232421086000,1,0.00292000,0.07275208
1623232503196000,0,0.00405400,0.07285207
1623232534891000,0,6.41344600,0.07285207
1623232689402000,0,0.00280500,0.07290049
1623232749643000,1,0.00314700,0.07285113
1623232810314000,1,0.00400000,0.07290000
1623232830196000,1,0.00300000,0.07292000
1623232841484000,1,0.00000400,0.07292000
1623232988002000,1,2.70000000,0.07285089
1623232988002000,1,1.00638712,0.07284479
1623232988002000,1,0.05000000,0.07284367
1623232988002000,1,2.12250000,0.07284080
1623232988002000,1,0.49086069,0.07283480
1623232988002000,1,1.22716835,0.07283480
1623232988002000,1,0.80521746,0.07283479
1623232988002000,1,0.01000000,0.07283191
1623232988002000,1,3.19040915,0.07282748
1623232988002000,1,0.10000000,0.07282747
1623232988002000,1,2.01241206,0.07282159
1623232988002000,1,0.80722483,0.07281405
1623232988002000,1,2.03581167,0.07281001
1623232988002000,1,54.65734548,0.07281000
1623233059491000,1,0.00821600,0.07287581
1623233185811000,0,0.00429600,0.07288521
1623233191103000,1,0.00457500,0.07282132
1623233249789000,0,0.00405300,0.07279758
1623233256359000,0,0.00700000,0.07274000
1623233256558000,0,0.00127100,0.07274000
1623233350220000,1,0.00900000,0.07284000
1623233351239000,1,0.00021200,0.07284000
1623233351239000,1,0.00378800,0.07283000
1623233358875000,1,0.00078300,0.07283000
1623233381600000,1,0.00858718,0.07270531
1623233381600000,1,0.00287975,0.07270363
1623233404875000,0,0.03000000,0.07272636
1623233404876000,0,3.14000000,0.07272636
1623233404932000,0,0.06000000,0.07272636
1623233442442000,0,1.09754200,0.07274466
1623233445858000,0,0.00358700,0.07274538
1623233448454000,0,0.00377751,0.07274538
1623233450388000,0,0.00911300,0.07274518
1623233566827000,1,0.00400000,0.07275000
1623233665470000,0,0.00800000,0.07271000
1623233666479000,0,0.00068300,0.07271000
1623233666479000,0,0.00431700,0.07271000
1623233673559000,0,0.00093400,0.07271000
1623233937612000,1,0.00290400,0.07277051
1623233955211000,1,0.00296600,0.07277222
1623233974163000,1,0.00318900,0.07278511
1623234029865000,0,0.00281100,0.07278000
1623234055824000,1,0.00358700,0.07279773
1623234078229000,0,0.00377100,0.07286225
1623234181847000,0,0.00317100,0.07285828
1623234223045000,1,2.15590000,0.07275102
1623234261185000,1,0.00773300,0.07271940
1623234279264000,0,2.70000000,0.07277899
1623234279264000,0,0.03437230,0.07278263
1623234302627000,1,0.10943000,0.07278722
1623234316957000,0,0.00400000,0.07280000
1623234317003000,0,1.21929055,0.07280000
1623234322566000,1,0.10000000,0.07284779
1623234322566000,1,2.64902492,0.07284778
1623234350834000,0,1.10609638,0.07282782
1623234386864000,0,0.00504300,0.07280921
1623234392628000,0,8.62000000,0.07282000
1623234393593000,0,0.04196393,0.07286951
1623234429493000,1,0.79000000,0.07279351
1623234429546000,1,0.00987712,0.07279351
1623234434459000,1,0.00000912,0.07278722
1623234494478000,0,0.00280600,0.07278954
1623234517303000,0,0.00455300,0.07279000
1623234614969000,0,0.00006400,0.07279000
1623234650632000,1,0.00310100,0.07281542
1623234681022000,0,0.00405000,0.07281068
1623234702075000,1,0.00280400,0.07273514
1623234732045000,1,0.00280400,0.07281000
1623234850025000,1,0.00300000,0.07266907
1623234850136000,1,0.00010198,0.07266907
1623234850875000,1,0.02085054,0.07264358
1623234850875000,1,0.02914946,0.07260793
1623234853993000,1,0.00310197,0.07260476
1623234853993000,1,1.80000000,0.07259739
1623234853993000,1,1.39689803,0.07259739
1623234908559000,1,0.00936100,0.07268000
1623234908559000,1,0.00463900,0.07268000
1623234908979000,1,0.00098200,0.07268000
1623234915677000,0,0.01561517,0.07268636
1623234967881000,0,0.14686327,0.07267999
1623234989740000,1,0.00335100,0.07263000
1623235014719000,1,0.99669377,0.07261695
1623235016488000,1,2.70000000,0.07260186
1623235016488000,1,0.05000000,0.07260142
1623235016515000,1,0.80667084,0.07259943
1623235018025000,1,0.00310197,0.07259739
1623235018895000,1,0.00572250,0.07256289
1623235018895000,1,0.10690000,0.07256000
1623235018895000,1,0.00310196,0.07254045
1623235021870000,1,0.00288569,0.07250418
1623235021870000,1,2.70000000,0.07249862
1623235021870000,1,0.33238979,0.07249862
1623235021870000,1,0.10000000,0.07249499
1623235021984000,0,0.10000000,0.07249385
1623235021995000,0,0.01700000,0.07249385
1623235050601000,1,0.00400000,0.07259000
1623235094554000,0,0.00400000,0.07260000
1623235094734000,0,0.00261800,0.07260000
1623235136717000,0,0.05000000,0.07270327
1623235136717000,0,2.70000000,0.07271358
1623235385482000,0,0.00413900,0.07261000
1623235506458000,1,0.00300000,0.07270000
1623235507308000,1,0.00017300,0.07270000
1623235560572000,1,0.00685000,0.07258090
1623235565901000,1,0.00700000,0.07265000
1623235571532000,0,0.00617300,0.07256000
1623235606517000,0,0.00466000,0.07262724
1623235642318000,1,0.00400000,0.07254416
1623235771364000,0,0.00625500,0.07256691
1623235793323000,0,0.10000000,0.07257114
1623235811562000,1,0.00900000,0.07257000
1623235840207000,1,0.00400000,0.07258000
1623235841931000,1,0.00001100,0.07258000
1623235841931000,1,0.00032500,0.07257000
1623235885357000,0,0.09000000,0.07257000
1623235955801000,0,0.00485400,0.07254002
1623236040681000,0,0.00372900,0.07257000
1623236041941000,0,0.00546700,0.07257000
1623236061131000,0,0.00046800,0.07257000
1623236069971000,0,0.00298900,0.07257422
1623236135702000,1,0.01877165,0.07249135
1623236135702000,1,0.00122835,0.07247614
1623236135732000,1,0.00187360,0.07247614
1623236184779000,1,0.01442039,0.07241870
1623236227416000,1,0.00311194,0.07241183
1623236227416000,1,0.00146006,0.07239287
1623236280431000,0,0.00278700,0.07240000
1623236280431000,0,0.05721300,0.07242539
1623236288161000,1,0.00291300,0.07241287
1623236430765000,0,0.00350600,0.07244050
1623236500146000,1,0.00311193,0.07234752
1623236500146000,1,0.01845530,0.07233963
1623236500146000,1,0.48827276,0.07231729
1623236500146000,1,0.06000000,0.07231728
1623236500146000,1,0.10000000,0.07230713
1623236538585000,0,0.00425100,0.07232000
1623236539165000,0,0.00330200,0.07233000
1623236633369000,0,0.01000000,0.07233000
1623236634379000,0,0.01300000,0.07233460
1623236635100000,0,8.75030444,0.07233460
1623236643033000,1,0.00459100,0.07233524
1623236662893000,1,0.04352897,0.07229608
1623236662893000,1,0.55647103,0.07229531
1623236723349000,1,0.00489000,0.07235469
1623236757998000,1,0.10000000,0.07233778
1623236757998000,1,0.48820870,0.07233757
1623236757998000,1,1.22053503,0.07233757
1623236757998000,1,0.61640366,0.07232846
1623236843399000,0,0.00303264,0.07240570
1623236843399000,0,0.47557832,0.07240963
1623236843475000,0,0.09672168,0.07240963
1623236888286000,1,0.00500000,0.07243000
1623236928556000,0,0.00300000,0.07238000
1623236929395000,0,0.00022800,0.07238000
1623236988732000,0,0.00311600,0.07235000
1623237004959000,0,0.00931300,0.07236000
1623237051555000,1,0.00377400,0.07237958
1623237075143000,1,0.00300000,0.07244000
1623237076996000,1,0.00034300,0.07244000
1623237096860000,1,0.00331400,0.07234772
1623237137905000,0,0.00340900,0.07244638
1623237139874000,0,0.00500000,0.07237000
1623237140689000,0,0.00434100,0.07237000
1623237144760000,0,0.00426200,0.07239000
1623237144760000,0,0.05573800,0.07243564
1623237177905000,0,0.00382400,0.07244715
1623237178868000,0,0.00299100,0.07244715
1623237201242000,0,0.00372100,0.07237000
1623237324084000,0,0.00418400,0.07240527
1623237341884000,1,0.00340200,0.07232931
1623237407969000,0,0.00377000,0.07232000
1623237415798000,0,0.42000000,0.07237526
1623237481213000,1,0.00522700,0.07231054
1623237542648000,1,0.06000000,0.07233981
1623237673380000,0,0.00556400,0.07234132
1623237694891000,1,0.00572400,0.07231295
1623237712647000,0,0.00606482,0.07237463
1623237713075000,1,0.25000000,0.07237463
1623237713080000,1,0.00159687,0.07237463
1623237723566000,1,1.62000000,0.07231042
1623237723670000,1,0.10000000,0.07231042
1623237729972000,1,2.70000000,0.07229340
1623237729972000,1,0.00289200,0.07229315
1623237729972000,1,0.01000000,0.07229244
1623237729972000,1,0.00311192,0.07228321
1623237729972000,1,0.04000000,0.07228132
1623237729972000,1,0.01000000,0.07227716
1623237729972000,1,0.01000000,0.07227657
1623237729972000,1,0.10000000,0.07227275
1623237729972000,1,0.48486815,0.07225887
1623237729972000,1,1.61486741,0.07225886
1623237737479000,0,0.00304500,0.07234780
1623237744903000,1,0.05590460,0.07230189
1623237793964000,1,0.00645900,0.07235395
1623237815211000,1,0.00382000,0.07240335
1623237815323000,1,0.00289400,0.07240335
1623237920698000,0,2.70000000,0.07237371
1623237926769000,0,0.00462900,0.07236094
1623238000634000,1,1.80000000,0.07223693
1623238000634000,1,1.15000000,0.07223693
1623238000650000,1,0.25000000,0.07223693
1623238033486000,0,0.00317800,0.07224719
1623238055475000,1,0.00312191,0.07221890
1623238055475000,1,0.00046809,0.07220002
1623238095226000,0,0.00431900,0.07233357
1623238095345000,0,0.00468500,0.07233357
1623238215345000,0,0.00786400,0.07238855
1623238226210000,0,0.00295200,0.07238855
1623238290168000,0,0.05000000,0.07230203
1623238293388000,1,0.00422400,0.07223138
1623238335547000,1,0.00300000,0.07227000
1623238339136000,1,0.00077100,0.07227000
1623238356716000,1,0.00577900,0.07220002
1623238401729000,1,0.19173558,0.07220002
1623238401729000,1,1.00125993,0.07218178
1623238401729000,1,0.08780197,0.07218178
1623238401729000,1,0.48787288,0.07216563
1623238401729000,1,0.10000000,0.07216562
1623238401729000,1,0.48780667,0.07216006
1623238401729000,1,0.79473788,0.07216001
1623238401729000,1,0.00312190,0.07215459
1623238401729000,1,3.17121211,0.07215085
1623238401729000,1,1.65452608,0.07215084
1623238415402000,1,0.10000000,0.07215855
1623238415402000,1,0.18090897,0.07215854
1623238519465000,0,0.00327300,0.07234637
1623238596761000,1,0.00312100,0.07226273
1623238723759000,1,0.00834000,0.07226783
1623238890327000,0,0.00300000,0.07223000
1623238992234000,1,0.00106800,0.07230060
1623239014524000,1,0.00378600,0.07230324
1623239054536000,0,0.00870200,0.07231086
1623239064428000,0,0.05000000,0.07227767
1623239105034000,0,0.00280600,0.07226974
1623239143793000,1,0.00414400,0.07223349
1623239173792000,1,0.00441400,0.07223119
1623239216083000,0,0.00280400,0.07217927
1623239232141000,1,0.00280600,0.07210017
1623239238891000,1,0.00312189,0.07209028
1623239239761000,1,0.02101344,0.07208045
1623239262097000,0,1.22000000,0.07214640
1623239264956000,0,0.00549371,0.07214640
1623239366334000,0,0.03000000,0.07232899
1623239366334000,0,0.02000000,0.07233793
1623239368061000,0,0.05000000,0.07235463
1623239411507000,0,0.00997700,0.07238818
1623239411742000,1,0.00550400,0.07231186
1623239451207000,0,0.21000000,0.07238637
1623239470831000,0,0.99149201,0.07237680
1623239470831000,0,1.00850799,0.07237882
1623239501193000,1,0.06000000,0.07225481
1623239520906000,0,0.26000000,0.07227085
1623239541287000,1,0.00693000,0.07228000
1623239577871000,0,0.00278600,0.07225000
1623239620096000,0,2.70000000,0.07244033
1623239622964000,0,0.02000000,0.07244001
1623239685979000,0,0.00293200,0.07243996
1623239692390000,1,0.05000000,0.07233578
1623239722586000,0,0.00104018,0.07244001
1623239722586000,0,0.00312190,0.07244359
1623239722586000,0,0.05583792,0.07246585
1623239722652000,0,0.00416208,0.07246585
1623239752425000,0,0.00685816,0.07254275
1623239761299000,1,0.47982388,0.07249001
1623239761299000,1,1.19957612,0.07249001
1623239770053000,0,0.72000000,0.07257389
1623239770245000,0,0.30000000,0.07257389
1623239771211000,1,0.00523800,0.07249479
1623239771684000,0,2.40000000,0.07257400
1623239779018000,1,3.12250000,0.07247610
1623239787497000,1,0.00401500,0.07248383
1623239790252000,0,0.00288562,0.07257902
1623239790252000,0,1.31711438,0.07261877
1623239795515000,0,0.15216260,0.07263289
1623239808680000,0,0.00311193,0.07263652
1623239810985000,1,1.40580000,0.07263364
1623239813112000,1,2.30000000,0.07263364
1623239813198000,1,0.00500339,0.07263364
1623239831559000,1,1.92337389,0.07257641
1623239835779000,1,0.00715982,0.07254366
1623239841811000,0,0.96000000,0.07263000
1623239921108000,0,0.00322000,0.07255706
1623239934821000,1,0.00685816,0.07246543
1623239946310000,0,0.00500000,0.07257000
1623239946518000,0,0.00314300,0.07257000
1623239947296000,0,1.40650786,0.07263000
1623239950240000,0,2.74000000,0.07263000
1623239950897000,0,0.85000000,0.07263000
1623240023692000,0,0.00682900,0.07252000
1623240030608000,0,0.00349214,0.07263000
1623240031874000,0,0.00312191,0.07274590
1623240032951000,0,0.00310196,0.07282945
1623240032951000,0,0.16689804,0.07283910
1623240033367000,1,2.70000000,0.07274364
1623240033367000,1,0.10000000,0.07274001
1623240033367000,1,0.35057294,0.07274000
1623240033367000,1,2.31261205,0.07270936
1623240033572000,0,0.84000000,0.07288917
1623240051324000,0,0.00371200,0.07275987
1623240066736000,0,2.70000000,0.07276637
1623240066736000,0,0.27572110,0.07276637
1623240066736000,0,0.00391000,0.07277000
1623240066736000,0,2.02036890,0.07277998
1623240082481000,0,0.00345499,0.07279625
1623240115023000,0,0.00093100,0.07281777
1623240119271000,1,0.47580079,0.07271288
1623240119271000,1,0.47561625,0.07271287
1623240122483000,0,0.27587876,0.07279636
1623240137996000,0,0.00660820,0.07289868
1623240188090000,0,0.00417700,0.07286000
1623240188090000,0,0.00518000,0.07286000
1623240189149000,0,0.00311194,0.07293883
1623240210446000,1,0.00779900,0.07295010
1623240219894000,0,0.00300000,0.07302238
1623240219894000,0,0.00009199,0.07302238
1623240219894000,0,0.04690801,0.07306947
1623240234715000,1,0.00300000,0.07301367
1623240249186000,1,0.00400000,0.07300000
1623240284586000,0,0.00363300,0.07310600
1623240289676000,0,0.78000000,0.07310599
1623240346152000,0,0.00284000,0.07305000
1623240353754000,1,0.00800000,0.07309000
1623240355701000,0,0.00095901,0.07310600
1623240355701000,0,0.04904099,0.07311000
1623240389932000,0,0.00266600,0.07309000
1623240389932000,0,0.00310197,0.07313176
1623240389932000,0,0.04423203,0.07316959
1623240405756000,1,0.00440600,0.07307002
1623240416430000,0,0.97000000,0.07316959
1623240416484000,0,0.01200000,0.07316959
1623240416496000,0,0.97000000,0.07316959
1623240416531000,0,0.97000000,0.07316959
1623240445242000,1,2.03400000,0.07313000
1623240458104000,1,0.00868700,0.07311000
1623240470071000,0,0.00699900,0.07315508
1623240478240000,1,0.04000000,0.07306304
1623240497788000,1,0.05000000,0.07303210
1623240513292000,0,0.00386300,0.07309854
1623240536741000,1,0.00601600,0.07304000
1623240572936000,1,0.00300000,0.07315000
1623240589742000,0,0.00300000,0.07312000
1623240598482000,0,0.00012300,0.07312000
1623240617660000,1,0.26000000,0.07304001
1623240635535000,1,1.19000000,0.07299000
1623240636873000,1,7.92000000,0.07299000
1623240636986000,1,0.26000000,0.07299000
1623240637459000,1,2.16000000,0.07299000
1623240639116000,0,2.70000000,0.07304365
1623240639116000,0,0.10000000,0.07304667
1623240639116000,0,15.45605611,0.07305000
1623240648838000,1,0.00497300,0.07305000
1623240672869000,0,0.00300000,0.07297000
1623240672975000,0,0.00094500,0.07297000
1623240677046000,1,0.64000000,0.07300000
1623240677064000,1,2.46000000,0.07300000
1623240677413000,1,4.56000000,0.07300000
1623240685662000,1,0.33000000,0.07297000
1623240685674000,1,0.33000000,0.07297000
1623240685681000,1,0.33000000,0.07297000
1623240692361000,1,0.00363500,0.07297000
1623240706982000,1,0.47000000,0.07296000
1623240707033000,1,0.71000000,0.07296000
1623240736223000,1,0.05000000,0.07294418
1623240762988000,1,2.70000000,0.07285364
1623240762988000,1,2.70000000,0.07284364
1623240780920000,1,0.00075100,0.07287364
1623240794109000,1,0.39283681,0.07291000
1623240821622000,0,0.00499900,0.07299186
1623240835631000,0,0.00400000,0.07290000
1623240846455000,0,0.00673300,0.07289962
1623240856959000,0,0.00366600,0.07293128
1623240887540000,0,0.00970000,0.07289000
1623240887638000,1,0.00700000,0.07289000
1623240887703000,1,2.70000000,0.07289000
1623240962077000,0,0.00293800,0.07289000
1623240966022000,0,0.00307500,0.07294377
1623241038802000,0,0.01000000,0.07289000
1623241060003000,0,1.18534632,0.07295443
1623241060003000,0,0.47414359,0.07295443
1623241060003000,0,0.97051009,0.07295507
1623241078959000,0,0.47437002,0.07292585
1623241078959000,0,0.52991347,0.07292586
1623241088411000,0,0.00399800,0.07288786
1623241090964000,0,0.00358400,0.07288420
1623241096907000,1,0.00400000,0.07281000
1623241112968000,1,0.00327800,0.07280358
1623241124214000,0,0.00397000,0.07283009
1623241124433000,1,0.00017414,0.07280358
1623241124433000,1,0.00369686,0.07277000
1623241124561000,0,0.00817600,0.07283009
1623241141909000,1,0.00400000,0.07285000
1623241146994000,1,0.00400000,0.07281000
1623241188448000,1,0.00600000,0.07290412
1623241188521000,1,19.46125003,0.07290412
1623241188787000,1,0.12406739,0.07290412
1623241188808000,1,0.04115878,0.07290412
1623241189061000,1,16.80056462,0.07290412
1623241209881000,1,0.00520800,0.07286000
1623241226774000,0,0.00700000,0.07283000
1623241228305000,0,0.00048700,0.07283000
1623241333844000,0,0.00532600,0.07285460
1623241389431000,0,0.00425100,0.07290150
1623241486788000,0,2.70000000,0.07284989
1623241486788000,0,0.00485200,0.07285000
1623241486852000,1,0.00700000,0.07285000
1623241532332000,1,0.16292973,0.07285000
1623241532767000,1,0.07813663,0.07285000
1623241534746000,1,0.00310800,0.07285000
1623241536086000,1,0.07813826,0.07285000
1623241536755000,1,8.21499557,0.07285000
1623241536755000,1,0.00360000,0.07285000
1623241562176000,0,0.00287700,0.07283635
1623241614571000,0,0.03415469,0.07283215
1623241618945000,1,0.00552800,0.07275283
1623241649279000,1,0.00383400,0.07274702
1623241700287000,1,0.00299400,0.07275728
1623241763381000,1,0.00430200,0.07274913
1623241805222000,1,2.70000000,0.07275254
1623241908725000,1,0.00366800,0.07279000
1623241929921000,1,0.00410000,0.07276364
1623241942778000,0,0.00600000,0.07279000
1623241942939000,0,0.00058100,0.07279000
1623241988345000,1,0.00444400,0.07282930
1623242026921000,1,0.92652500,0.07293088
1623242030069000,1,0.05802500,0.07295135
1623242079658000,0,0.00299500,0.07297314
1623242098115000,0,0.00400000,0.07290000
1623242098657000,0,0.00073000,0.07290000
1623242101671000,0,0.00300000,0.07290000
1623242102817000,0,0.00027500,0.07290000
1623242180272000,1,0.00944100,0.07295695
1623242230544000,0,2.70000000,0.07295202
1623242230610000,0,0.06000000,0.07295524
1623242241052000,1,0.00765700,0.07294396
1623242487977000,0,0.10000000,0.07295181
1623242487977000,0,1.76346359,0.07295182
1623242499350000,0,0.00403500,0.07294409
1623242525643000,0,0.00466800,0.07292025
1623242531543000,1,2.70000000,0.07283921
1623242683002000,1,2.70000000,0.07279582
1623242695464000,1,2.70000000,0.07279272
1623242703481000,0,0.00545300,0.07287345
1623242730384000,1,3.06380000,0.07273339
1623242738106000,1,2.00739909,0.07273339
1623242739121000,1,0.09592517,0.07273339
1623242741623000,1,1.91927216,0.07273339
1623242743354000,1,0.01300000,0.07273339
1623242746843000,1,0.34430358,0.07273339
1623242746843000,1,0.00309199,0.07273338
1623242781816000,0,0.00472900,0.07275768
1623242803935000,1,0.00452500,0.07268417
1623242834112000,0,0.00712900,0.07268000
1623242905377000,1,0.41000000,0.07273112
1623242923768000,1,0.00399400,0.07282000
1623242958858000,0,0.00296400,0.07280252
1623242977460000,1,0.00303300,0.07273211
1623242980191000,0,0.00436500,0.07280727
1623243012335000,0,0.00900000,0.07275000
1623243014099000,0,0.00005000,0.07275000
1623243066554000,1,0.00295900,0.07282000
1623243116348000,1,0.00565300,0.07277520
1623243126310000,0,0.00742900,0.07282602
1623243235762000,1,0.00744600,0.07283623
1623243308656000,0,0.00300000,0.07282000
1623243313446000,1,0.00289600,0.07280588
1623243318157000,0,0.00089500,0.07282000
1623243318427000,0,0.00300000,0.07284635
1623243332386000,0,0.00039833,0.07284635
1623243455342000,1,0.00405400,0.07275623
1623243455557000,1,0.00928500,0.07275623
1623243460351000,0,0.00300000,0.07280000
1623243460460000,0,0.00042300,0.07280000
1623243466452000,1,0.01000000,0.07278821
1623243509614000,1,0.00288100,0.07279490
1623243521212000,1,0.00464100,0.07278565
1623243558706000,1,0.00370000,0.07276999
1623243570991000,1,0.00400000,0.07285000
1623243666127000,0,0.00433700,0.07284051
1623243687562000,1,0.00394400,0.07275532
1623243747190000,1,0.14000000,0.07263993
1623243747192000,1,1.25000000,0.07263993
1623243747451000,1,1.31000000,0.07263993
1623243773332000,1,0.00398700,0.07262197
1623243820836000,0,0.00535800,0.07270000
1623243847896000,1,0.00300000,0.07260476
1623243861036000,1,0.00010197,0.07260476
1623243861036000,1,0.00318503,0.07258566
1623243862442000,1,0.00027488,0.07258566
1623243890732000,1,0.00300000,0.07254045
1623243900379000,1,0.00010196,0.07254045
1623243940124000,0,0.00967500,0.07253519
1623244009410000,0,0.00400000,0.07256000
1623244012498000,0,0.00096300,0.07256000
1623244035467000,1,0.00700000,0.07265000
1623244038518000,1,0.00083100,0.07265000
1623244090707000,1,0.00978200,0.07259357
1623244096077000,0,0.00384800,0.07270547
1623244118880000,1,0.00492800,0.07257166
1623244225385000,0,0.00323800,0.07258598
1623244237870000,1,0.00764300,0.07252645
1623244396387000,0,0.05000000,0.07253735
1623244462149000,1,0.03895100,0.07245010
1623244506472000,0,0.00446000,0.07254634
1623244548441000,1,0.00300000,0.07245725
1623244552342000,1,0.80517834,0.07245725
1623244562852000,1,0.00398600,0.07249363
1623244602828000,0,0.01000000,0.07256506
1623244624965000,1,0.00500000,0.07257000
1623244672124000,1,0.00418300,0.07257000
1623244713188000,1,0.05617300,0.07246644
1623244798498000,0,0.00400000,0.07251000
1623244798534000,0,0.00037500,0.07251000
1623244799545000,1,0.00400000,0.07260000
1623244804929000,1,0.00580000,0.07260000
1623244845897000,0,0.00535300,0.07254594
1623244880065000,1,0.44716701,0.07244583
1623244927319000,1,0.00362600,0.07254000
1623244948020000,0,0.00300000,0.07251331
1623244972889000,0,0.00800000,0.07243000
1623244985647000,1,0.25359477,0.07242704
1623245020207000,0,0.00045300,0.07243000
1623245293330000,0,0.00413000,0.07259350
1623245339877000,1,0.00860000,0.07252300
1623245364765000,0,0.00900000,0.07255000
1623245412256000,0,0.00800000,0.07252000
1623245413669000,0,0.00060200,0.07252000
1623245413669000,0,0.00739800,0.07252000
1623245426638000,0,0.00062400,0.07252000
1623245426638000,0,0.27937600,0.07252000
1623245431919000,0,0.22700000,0.07252000
1623245452445000,1,2.70000000,0.07248009
1623245452445000,1,0.85000000,0.07248000
1623245488536000,1,0.20097700,0.07249078
1623245496854000,0,0.00253563,0.07252000
1623245530101000,0,0.00538300,0.07251199
1623245564414000,0,1.00000000,0.07248314
1623245631032000,1,0.00311194,0.07241183
1623245642619000,1,0.00288953,0.07237562
1623245695723000,1,0.00311193,0.07234752
1623245695723000,1,0.00264207,0.07233726
1623245746243000,0,0.00390600,0.07233000
1623245746243000,0,1.57609400,0.07233000
1623245746276000,0,0.29000000,0.07233000
1623245752177000,0,0.54000000,0.07233000
1623245752189000,0,0.00491400,0.07233000
1623245787856000,1,0.00330700,0.07233000
1623245879063000,0,0.00385000,0.07233980
1623245967169000,0,0.00567800,0.07226000
1623246142538000,0,0.00375500,0.07228727
1623246175536000,0,0.17640000,0.07230000
1623246185382000,1,0.00288200,0.07229001
1623246238926000,1,0.08583400,0.07232000
1623246472317000,0,0.00406590,0.07223977
1623246476410000,1,0.00312191,0.07221890
1623246481936000,0,0.00028409,0.07218000
1623246533024000,1,0.00298500,0.07221000
1623246550686000,1,0.00514500,0.07219317
1623246562383000,0,0.00299300,0.07221000
1623246562383000,0,0.00287500,0.07221000
1623246578806000,1,0.00261122,0.07218279
1623246581026000,0,0.00062122,0.07222153
1623246624678000,0,0.00121100,0.07222153
1623246631869000,0,0.00277400,0.07219000
1623246647526000,1,0.20806719,0.07220938
1623246663657000,1,0.00390300,0.07222190
1623246666266000,1,0.00457700,0.07222189
1623246709785000,1,0.00700000,0.07222001
1623246715173000,1,0.00500000,0.07227000
1623246715331000,1,0.00041100,0.07227000
1623246715331000,1,0.00579900,0.07227000
1623246833530000,1,0.00339700,0.07224078
1623246853116000,1,0.00398700,0.07224000
1623246919279000,0,0.00370700,0.07225154
1623246951060000,1,0.00493600,0.07227075
1623247013983000,1,0.00747900,0.07233007
1623247082381000,0,0.00829800,0.07232954
1623247145315000,1,0.00300000,0.07215459
1623247146551000,1,0.00012190,0.07215459
1623247185514000,0,0.00699564,0.07218374
1623247185514000,0,0.00237136,0.07218378
1623247205445000,0,0.00400000,0.07212908
1623247238505000,0,0.00022401,0.07212908
1623247313914000,1,0.15000000,0.07210000
1623247352190000,0,0.00400000,0.07212000
1623247352289000,0,4.75000000,0.07212000
1623247352368000,0,8.30000000,0.07212000
1623247352636000,0,4.24613000,0.07212000
1623247352859000,0,1.95787000,0.07212000
1623247374454000,0,0.03000000,0.07216033
1623247506357000,1,0.00400000,0.07215000
1623247506700000,1,0.00027400,0.07215000
1623247538343000,1,2.70000000,0.07209361
1623247538343000,1,0.07764306,0.07209000
1623247647357000,1,0.50000000,0.07205000
1623247647940000,1,0.00312188,0.07202597
1623247647940000,1,0.01648081,0.07201578
1623247647940000,1,0.01000000,0.07200000
1623247647940000,1,0.46027402,0.07199000
1623247654660000,0,2.70000000,0.07208107
1623247654660000,0,0.48034535,0.07208475
1623247654660000,0,1.20086336,0.07208475
1623247654660000,0,0.98262314,0.07208476
1623247654660000,0,1.96655692,0.07209049
1623247654660000,0,1.96582031,0.07209982
1623247654660000,0,1.69850892,0.07210293
1623247787460000,0,0.00300000,0.07213000
1623247787936000,0,0.00008300,0.07213000
1623247788040000,0,0.78921000,0.07213213
1623247789470000,1,0.79241000,0.07213001
1623247807616000,1,0.39714245,0.07214000
1623247809335000,0,0.00426800,0.07215000
1623247810622000,1,0.40750368,0.07220000
1623247915088000,1,0.50000000,0.07215000
1623248291363000,1,0.00459000,0.07202360
1623248291570000,1,0.00674300,0.07202360
1623248507198000,1,0.00290120,0.07198759
1623248507198000,1,0.04000000,0.07198302
1623248507198000,1,0.01000000,0.07197365
1623248507198000,1,0.01000000,0.07197049
1623248507198000,1,0.00313187,0.07196166
1623248507198000,1,0.93396693,0.07196000
1623248843100000,1,0.48445732,0.07196188
1623248843100000,1,0.72664268,0.07196001
1623248846926000,1,16.32114227,0.07197000
1623248936566000,1,0.00867994,0.07192830
1623248939546000,1,0.00313186,0.07189735
1623248939546000,1,1.80000000,0.07187826
1623248939546000,1,1.39686814,0.07187826
1623248947997000,1,0.00313186,0.07187826
1623248993944000,1,0.00300000,0.07183304
1623248994709000,1,0.00013185,0.07183304
1623249129700000,1,0.50000000,0.07180886
1623249202755000,1,0.00290697,0.07179712
1623249203305000,1,0.00300000,0.07176873
1623249241995000,1,0.00014184,0.07176873
1623249241995000,1,84.58948917,0.07174000
1623249313556000,0,0.00700000,0.07180769
1623249313789000,0,0.00528225,0.07180769
1623249872316000,0,0.47162305,0.07179060
1623250269715000,1,0.00300000,0.07170442
1623250376813000,1,0.00014183,0.07170442
1623250376813000,1,0.48318750,0.07166139
1623250376813000,1,1.20816755,0.07166139
1623250376813000,1,2.07552209,0.07166139
1623250376813000,1,3.14103998,0.07165001
1623250376813000,1,3.19094105,0.07165000
1623250377036000,0,3.20000000,0.07165407
1623250377051000,1,3.20000000,0.07167000
1623250377064000,1,0.00300000,0.07167000
1623250377064000,1,6.50000000,0.07167000
1623250377119000,1,0.48318750,0.07165001
1623250377119000,1,1.20802920,0.07165001
1623250377676000,1,0.00314182,0.07164011
1623250377676000,1,0.00579652,0.07163622
1623250377759000,1,0.01458150,0.07161856
1623250377782000,1,0.00314181,0.07157580
1623250377782000,1,0.01902092,0.07154137
1623250377782000,1,0.01400000,0.07153000
1623250377782000,1,0.02117760,0.07152169
1623250377782000,1,1.80000000,0.07152137
1623250377782000,1,1.40000000,0.07152137
1623250377782000,1,0.79103168,0.07151631
1623250377782000,1,0.48285558,0.07151150
1623250377782000,1,1.20715462,0.07151150
1623250377782000,1,3.13864419,0.07151150
1623250377782000,1,0.00315180,0.07151149
1623250378074000,1,0.00315179,0.07144718
1623250378074000,1,4.29834952,0.07141085
1623250378074000,1,1.40000000,0.07141000
1623250378074000,1,0.79853182,0.07140720
1623250378074000,1,0.00315178,0.07138287
1623250378074000,1,0.01870943,0.07135707
1623250378074000,1,11.68553687,0.07131857
1623250378074000,1,0.00315177,0.07131856
1623250378100000,0,1.87940000,0.07131000
1623250379046000,1,4.86288568,0.07130002
1623250379046000,1,0.80957452,0.07130002
1623250379046000,1,0.48285558,0.07130001
1623250379046000,1,4.00000000,0.07130000
1623250379756000,1,2.70000000,0.07132214
1623250380043000,1,0.00316176,0.07125425
1623250380043000,1,0.02767993,0.07124691
1623250380056000,0,1.81350000,0.07124000
1623250380147000,0,1.40096858,0.07124000
1623250381700000,0,0.84228700,0.07133480
1623250381799000,1,0.00818355,0.07128290
1623250382665000,0,1.45000000,0.07127934
1623250383144000,0,0.27029752,0.07117000
1623250383489000,1,0.00877371,0.07115959
1623250383727000,0,0.00527922,0.07115959
1623250383727000,0,2.70000000,0.07127577
1623250383727000,0,0.06160417,0.07127931
1623250385173000,0,0.06000000,0.07112925
1623250385173000,0,1.34000000,0.07115958
1623250385934000,0,0.89967783,0.07115958
1623250385982000,1,0.06000000,0.07116625
1623250385987000,1,0.84032217,0.07116625
1623250391883000,1,0.01000000,0.07100146
1623250391883000,1,0.15000000,0.07100000
1623250391883000,1,0.05000000,0.07099488
1623250393779000,1,0.02134305,0.07096726
1623250395855000,1,2.70000000,0.07093284
1623250395855000,1,0.00317171,0.07093270
1623250395855000,1,0.01673448,0.07092411
1623250395855000,1,0.05000000,0.07092320
1623250396294000,0,0.00317172,0.07098763
1623250397694000,1,2.70000000,0.07090355
1623250397694000,1,4.59672627,0.07090000
1623250399861000,1,2.70000000,0.07090160
1623250399861000,1,4.67563354,0.07090000
1623250400322000,0,14.85000000,0.07098575
1623250401027000,0,0.00317173,0.07106076
1623250401725000,1,2.70000000,0.07093900
1623250401725000,1,0.01471840,0.07093545
1623250403134000,0,3.20000000,0.07093901
1623250403134000,0,6.50000000,0.07093901
1623250403370000,0,3.20000000,0.07093901
1623250405703000,0,0.00316174,0.07106644
1623250405781000,1,2.70000000,0.07094263
1623250405781000,1,5.33450116,0.07093901
1623250406140000,0,3.20000000,0.07096333
1623250407965000,1,2.70000000,0.07094256
1623250407965000,1,1.07253817,0.07094256
1623250410363000,0,0.00316175,0.07112999
1623250413592000,1,0.05710824,0.07102868
1623250413592000,1,1.00504937,0.07102786
1623250415746000,1,2.70000000,0.07095953
1623250415746000,1,1.00630859,0.07095598
1623250415746000,1,2.01075007,0.07095571
1623250415746000,1,1.53642582,0.07094738
1623250417182000,0,2.80855194,0.07105628
1623250420357000,0,2.70000000,0.07102054
1623250420357000,0,0.11269062,0.07103208
1623250426952000,1,1.91670000,0.07090000
1623250429177000,1,0.00006966,0.07090000
1623250429684000,1,0.00317170,0.07086839
1623250429860000,1,0.01474441,0.07082726
1623250429860000,1,1.40000000,0.07081289
1623250429860000,1,1.78525559,0.07081289
1623250430622000,1,0.01474441,0.07081289
1623250431318000,1,0.02407855,0.07076753
1623250433394000,0,0.23604322,0.07075583
1623250434386000,1,0.00587151,0.07072138
1623250437806000,0,0.06000000,0.07072046
1623250437806000,0,0.05000000,0.07073741
1623250437806000,0,0.06000000,0.07075507
1623250437806000,0,0.72394496,0.07075583
1623250445138000,1,0.05000000,0.07075340
1623250447813000,1,0.00882036,0.07072045
1623250447813000,1,0.06000000,0.07070643
1623250476662000,0,0.06000000,0.07091734
1623250476662000,0,1.94000000,0.07092809
1623250504679000,0,0.00293476,0.07096355
1623250548946000,1,0.06000000,0.07076257
1623250549338000,1,0.00300000,0.07073977
1623250550295000,0,0.00318169,0.07079564
1623250628446000,0,0.00300000,0.07109308
1623250646556000,1,1.01366849,0.07102909
1623250646556000,1,9.65000000,0.07102894
1623250686930000,1,0.49247747,0.07098266
1623250686930000,1,0.49240818,0.07098266
1623250686930000,1,2.21651435,0.07098077
1623250708189000,1,0.49311802,0.07091261
1623250708189000,1,1.23284198,0.07091261
1623250708325000,1,0.00001697,0.07091261
1623250730950000,0,0.00600000,0.07095998
1623250784012000,0,0.00301600,0.07090283
1623250788770000,0,0.00462800,0.07089855
1623250793056000,0,0.00324100,0.07087646
1623250794951000,0,0.00413500,0.07088265
1623250804739000,0,0.02167993,0.07091004
1623250818438000,0,0.00392200,0.07097809
1623250819463000,0,0.00461900,0.07097809
1623250825315000,0,0.74732400,0.07097809
1623250825316000,0,0.02747600,0.07097809
1623250829309000,1,0.00289500,0.07089001
1623250830253000,1,0.05500000,0.07099000
1623250830324000,1,0.00027500,0.07099000
1623250830405000,1,0.00294700,0.07099000
1623250830808000,0,0.00295500,0.07099046
1623250831936000,0,0.02733500,0.07099042
1623250833252000,1,0.00500000,0.07096000
1623250848707000,1,0.00685400,0.07092895
1623250863328000,1,0.00400000,0.07100000
1623250865603000,1,0.00073200,0.07100000
1623250865608000,1,0.00283300,0.07099000
1623250867248000,0,0.00400000,0.07092000
1623250877040000,1,0.00454800,0.07093001
1623250892305000,1,0.00302200,0.07096516
1623250903416000,1,0.00397700,0.07101000
1623250903416000,1,0.00702300,0.07101000
1623250904024000,1,0.00132600,0.07101000
1623250910781000,0,0.00294800,0.07101000
1623250910781000,0,0.02126162,0.07102868
1623250911344000,1,0.00452300,0.07093205
1623250912140000,1,0.00319500,0.07093205
1623250914093000,1,0.00553400,0.07094140
1623250915842000,1,0.00300000,0.07102000
1623250915922000,1,0.00076900,0.07102000
1623250916452000,1,0.00369000,0.07102000
1623250917682000,0,0.00349300,0.07099865
1623250918854000,0,0.00400000,0.07094000
1623250934731000,0,0.00040500,0.07094000
1623250940096000,1,2.70000000,0.07094644
1623250940204000,1,0.00439000,0.07093255
1623250940390000,1,2.69561000,0.07093255
1623250940390000,1,2.02205785,0.07092450
1623250940390000,1,0.49325385,0.07091001
1623250940390000,1,0.49342688,0.07091001
1623250940390000,1,1.23356720,0.07090001
1623250940390000,1,0.00430500,0.07090000
1623250940736000,1,0.49330179,0.07088880
1623250940736000,1,0.49342688,0.07088880
1623250940736000,1,1.23356720,0.07088880
1623250940736000,1,0.05000000,0.07088879
1623250940736000,1,0.80445823,0.07088409
1623250940800000,0,0.00297200,0.07098999
1623250941288000,1,0.80411555,0.07086270
1623250941608000,1,0.82000000,0.07084096
1623250943025000,0,0.10000000,0.07081819
1623250943025000,0,0.58962400,0.07085999
1623250946105000,1,0.00018168,0.07073977
1623250949705000,0,0.00984200,0.07079802
1623250955336000,0,0.00300600,0.07080238
1623250958307000,1,2.70000000,0.07068634
1623250963860000,1,0.00326800,0.07067964
1623250967687000,1,2.70000000,0.07068024
1623250967882000,1,2.70000000,0.07068025
1623250967918000,1,0.00318167,0.07067546
1623250968104000,1,0.49100758,0.07068025
1623250973694000,1,0.10000000,0.07067354
1623250973694000,1,2.70000000,0.07067353
1623250974474000,1,0.10000000,0.07065001
1623250976754000,1,2.70000000,0.07067354
1623250982035000,0,0.00945700,0.07070463
1623250982772000,1,0.00411975,0.07063820
1623250982772000,1,0.00398124,0.07061116
1623250982772000,1,0.00319166,0.07061115
1623250982772000,1,0.00520809,0.07060384
1623250995499000,0,0.06000000,0.07077731
1623250997990000,1,0.00387000,0.07078000
1623250998007000,1,0.00000900,0.07078000
1623251004178000,0,0.06000000,0.07074302
1623251006271000,0,0.00946200,0.07074489
1623251006419000,1,0.00988800,0.07065676
1623251021242000,1,0.01000000,0.07062562
1623251021242000,1,0.01406540,0.07060384
1623251026786000,1,0.00913400,0.07058000
1623251027047000,1,0.00633800,0.07058270
1623251037882000,0,0.00154700,0.07069000
1623251037882000,0,0.00363500,0.07069000
1623251043455000,0,0.04997200,0.07068000
1623251043455000,0,0.00492200,0.07068000
1623251047781000,1,0.05000000,0.07070569
1623251053301000,1,0.06000000,0.07070371
1623251054311000,1,0.00469900,0.07069000
1623251057702000,1,0.00296095,0.07057861
1623251057702000,1,0.00319165,0.07054684
1623251057717000,0,2.70000000,0.07053000
1623251058221000,0,0.06000000,0.07059820
1623251058588000,0,0.05000000,0.07062998
1623251061921000,1,0.42694377,0.07054000
1623251064868000,0,0.02725900,0.07067728
1623251065461000,1,0.05000000,0.07052130
1623251068353000,1,0.00396400,0.07052094
1623251108778000,0,0.00300000,0.07049000
1623251115779000,1,0.00959500,0.07052000
1623251122740000,1,0.06000000,0.07049735
1623251129058000,0,0.00357700,0.07054908
1623251135763000,1,0.00319164,0.07048253
1623251135763000,1,1.40000000,0.07046129
1623251135763000,1,1.17680836,0.07046129
1623251135781000,1,0.62319164,0.07046129
1623251142235000,0,0.00409700,0.07050837
1623251154272000,0,0.00418000,0.07048822
1623251154934000,0,0.02000000,0.07046000
1623251157131000,0,0.00401800,0.07049854
1623251161478000,1,0.00285400,0.07041822
1623251162470000,0,0.00450600,0.07046930
1623251163139000,1,0.00034763,0.07041822
1623251163139000,1,0.01965237,0.07041713
1623251164146000,1,0.00185742,0.07041713
1623251164146000,1,0.00886849,0.07039910
1623251164146000,1,0.01896705,0.07038785
1623251183049000,1,1.94253000,0.07040940
1623251183078000,1,0.00000695,0.07040940
1623251184874000,0,0.00389900,0.07041000
1623251184874000,0,0.00378504,0.07042664
1623251186229000,0,0.05699999,0.07045736
1623251188871000,1,0.06000000,0.07036736
1623251209620000,0,0.00900000,0.07047905
1623251214771000,0,1.82034193,0.07047905
1623251227218000,0,19.85613973,0.07050000
1623251227748000,0,19.84390960,0.07050000
1623251227844000,0,3.15406000,0.07050000
1623251228030000,0,0.60000000,0.07049999
1623251228533000,0,19.83788793,0.07050000
1623251229340000,0,19.83133630,0.07050000
1623251229449000,0,45.19191604,0.07050000
1623251230471000,1,20.59863049,0.07050000
1623251231723000,1,0.05000000,0.07052529
1623251231723000,1,0.78073027,0.07050001
1623251231723000,1,0.46505578,0.07050001
1623251231723000,1,70.36548773,0.07050000
1623251233042000,1,21.50181227,0.07050000
1623251233255000,0,19.79757604,0.07050000
1623251233569000,0,1.41702269,0.07050000
1623251233584000,0,24.12701436,0.07050000
1623251237691000,0,17.83119008,0.07050000
1623251238602000,0,9.55000000,0.07050000
1623251238838000,0,0.00391000,0.07050000
1623251238941000,0,0.00000211,0.07050000
1623251240138000,1,0.00764900,0.07049001
1623251240787000,0,6.15000000,0.07050000
1623251241799000,1,3.22631947,0.07050000
1623251243075000,1,0.10000000,0.07050001
1623251243075000,1,4.39978137,0.07050000
1623251246234000,0,0.00500000,0.07058428
1623251257790000,0,0.00315900,0.07048000
1623251257790000,0,0.05000000,0.07051968
1623251257790000,0,0.05684100,0.07053596
1623251258070000,0,0.00315900,0.07053596
1623251269052000,0,0.00373700,0.07048000
1623251269052000,0,0.01626300,0.07050040
1623251283933000,0,0.00394100,0.07043999
1623251288638000,1,0.99276000,0.07040389
1623251322019000,1,0.00000095,0.07040389
1623251322019000,1,0.00999905,0.07038360
1623251348133000,1,0.48399296,0.07040673
1623251348133000,1,1.20998704,0.07040673
1623251360798000,1,0.48353000,0.07042834
1623251388687000,1,0.48362127,0.07048001
1623251388687000,1,0.01637873,0.07048001
1623251404234000,0,0.00400000,0.07048000
1623251404420000,0,0.00016300,0.07048000
1623251469296000,1,0.00300000,0.07046124
1623251470038000,1,0.00028516,0.07046124
1623251475801000,0,0.00927200,0.07046645
1623251509347000,1,0.00300000,0.07035391
1623251511292000,1,0.00020162,0.07035391
1623251511292000,1,0.00379838,0.07035266
1623251517934000,0,0.00463600,0.07036023
1623251518662000,1,0.00033391,0.07035266
1623251518824000,1,0.05000000,0.07029964
1623251519917000,1,0.00300000,0.07028960
1623251520458000,1,0.00020161,0.07028960
1623251578611000,0,5.00045276,0.07029999
1623251585981000,0,0.01025200,0.07034000
1623251598248000,0,0.05000000,0.07033649
1623251624578000,0,0.05328000,0.07038647
1623251625743000,0,0.05328000,0.07038000
1623251625840000,0,0.05328000,0.07038000
1623251636972000,0,2.70000000,0.07033649
1623251640729000,0,2.70000000,0.07036647
1623251671959000,1,0.00300000,0.07035000
1623251675662000,1,0.00236300,0.07027479
1623251717342000,0,0.00700000,0.07030000
1623251797864000,0,0.00395000,0.07038763
1623251797970000,1,0.78652103,0.07030912
1623251801203000,1,0.06000000,0.07023714
1623251801203000,1,0.01000000,0.07023000
1623251801203000,1,0.00320160,0.07022529
1623251803714000,0,1.75490000,0.07030548
1623251806751000,1,5.23000000,0.07025000
1623251807313000,1,0.00310000,0.07025000
1623251809176000,0,4.63000000,0.07022998
1623251823941000,1,0.00321159,0.07016098
1623251824498000,0,2.44000000,0.07018999
1623251832263000,1,2.18000000,0.07012097
1623251833197000,1,1.40000000,0.07011143
1623251833197000,1,1.80000000,0.07011143
1623251833270000,0,24.55220000,0.07011000
1623251834611000,1,1.00000000,0.07010000
1623251836401000,0,46.43000000,0.07016000
1623251840728000,0,0.05000000,0.07020011
1623251877931000,0,0.01000000,0.07032353
1623251877931000,0,0.05000000,0.07032687
1623251909221000,1,0.00295755,0.07016501
1623251909221000,1,0.00121745,0.07016000
1623251911399000,1,1.10000000,0.07016000
1623251911472000,1,0.00979802,0.07016000
1623251933137000,0,2.70000000,0.07025649
1623251933137000,0,1.11623379,0.07025649
1623251933137000,0,3.13137365,0.07025649
1623251933137000,0,0.06000000,0.07025869
1623251933137000,0,8.94239256,0.07026000
1623251957292000,1,0.07000000,0.07012207
1623251969269000,0,1.00000000,0.07021827
1623251971393000,0,0.00416500,0.07023321
1623251992531000,1,0.00682800,0.07011531
1623252054026000,1,0.00317200,0.07011531
1623252054026000,1,0.01000000,0.07010626
1623252054026000,1,0.03682800,0.07010414
1623252055243000,0,2.70000000,0.07018761
1623252055243000,0,1.74396844,0.07019000
1623252078096000,1,2.70000000,0.07011351
1623252079709000,0,0.00458500,0.07019000
1623252094144000,1,0.00321158,0.07009667
1623252103200000,1,0.05000000,0.07005406
1623252110289000,0,1.83000000,0.07010000
1623252111986000,0,4.17000000,0.07010000
1623252113941000,1,0.00469600,0.07014000
1623252122698000,1,0.00400100,0.07005067
1623252144469000,0,0.00669800,0.07012957
1623252157935000,1,0.09599900,0.07005067
1623252157935000,1,0.01400100,0.07004470
1623252158067000,1,0.00090814,0.07004470
1623252158067000,1,0.00321157,0.07003236
1623252158067000,1,0.47711288,0.07002002
1623252158067000,1,1.19261833,0.07002002
1623252190222000,1,0.11000000,0.07001625
1623252204114000,0,0.00800000,0.07002000
1623252208055000,1,0.00567487,0.07001625
1623252208055000,1,0.00960000,0.07000000
1623252208055000,1,0.12554128,0.07000000
1623252208055000,1,0.14150000,0.07000000
1623252208055000,1,0.16675932,0.07000000
1623252208055000,1,0.15000000,0.07000000
1623252208055000,1,0.71767453,0.07000000
1623252208111000,1,0.28232547,0.07000000
1623252229037000,0,0.00642500,0.07000000
1623252236259000,1,0.47708588,0.06998502
1623252236259000,1,0.00296325,0.06998501
1623252236259000,1,7.01995087,0.06998000
1623252267601000,0,2.00000000,0.07000000
1623252270986000,0,0.00044600,0.07002000
1623252281068000,1,0.47000000,0.06999234
1623252281111000,1,0.00810209,0.06999234
1623252281111000,1,0.47807479,0.06998051
1623252281111000,1,3.10779238,0.06998051
1623252281111000,1,0.79503722,0.06998001
1623252290232000,0,0.03000000,0.07000000
1623252293061000,0,0.00057400,0.07000000
1623252307886000,1,0.00400000,0.07009000
1623252309590000,1,0.00085200,0.07009000
1623252309590000,1,0.00314800,0.07007000
1623252314282000,1,0.00091000,0.07007000
1623252314883000,0,0.00458500,0.07007477
1623252332425000,1,1.19520403,0.06999001
1623252332425000,1,0.47808161,0.06999001
1623252332425000,1,4.87957648,0.06998295
1623252332425000,1,0.98267179,0.06998281
1623252332477000,1,1.86050000,0.06997326
1623252332477000,1,0.00322156,0.06996805
1623252332477000,1,0.47813622,0.06996002
1623252332477000,1,31.86740000,0.06996000
1623252332550000,1,1.96302227,0.06995375
1623252332550000,1,0.78234398,0.06994858
1623252332550000,1,1.96373005,0.06994776
1623252333000000,1,0.47808161,0.06997327
1623252333000000,1,1.19191839,0.06997327
1623252333278000,1,0.77898783,0.06992620
1623252340063000,1,0.10000000,0.06993351
1623252340063000,1,2.51942504,0.06993350
1623252349660000,1,0.10000000,0.06991963
1623252349660000,1,2.70000000,0.06991962
1623252351469000,1,0.20000000,0.06990382
1623252372245000,1,0.00439900,0.06990375
1623252403551000,0,0.00287800,0.06991000
1623252427346000,1,0.00417700,0.06992001
1623252437523000,0,0.05000000,0.07003448
1623252449193000,0,2.70000000,0.07017998
1623252454914000,0,0.47814000,0.07019377
1623252471787000,0,0.00295755,0.07023510
1623252484077000,1,0.00234000,0.07020000
1623252484077000,1,0.00383100,0.07020000
1623252488313000,1,0.00383100,0.07017005
1623252514809000,0,0.05000000,0.07023886
1623252514809000,0,0.47556763,0.07024649
1623252527710000,1,0.00600000,0.07023000
1623252531267000,1,0.00015400,0.07023000
1623252538724000,1,0.79333000,0.07012165
1623252569364000,1,0.00584600,0.07015875
1623252594696000,0,0.00541000,0.07015000
1623252597278000,1,0.97637685,0.07014200
1623252597278000,1,0.47637790,0.07012477
1623252597278000,1,1.95273252,0.07012476
1623252597278000,1,1.90420000,0.07011676
1623252597278000,1,0.47629782,0.07011256
1623252597345000,0,0.10000000,0.07011254
1623252597438000,0,0.13700000,0.07011254
1623252597460000,0,0.97637685,0.07011254
1623252597543000,0,11.25669417,0.07011254
1623252649646000,1,0.78729707,0.07010001
1623252649646000,1,0.25314293,0.07010001
1623252701055000,0,0.00448300,0.07017000
1623252703441000,0,0.00449900,0.07019883
1623252723260000,0,2.70000000,0.07019649
1623252728067000,1,11.85000000,0.07023000
1623252757647000,1,0.00300000,0.07025000
1623252757753000,1,0.00071200,0.07025000
1623252781222000,0,0.00300000,0.07025532
1623252795493000,1,0.01116300,0.07023001
1623252806258000,0,0.54613230,0.07031754
1623252811478000,0,0.00321157,0.07032136
1623252818101000,0,0.05026256,0.07037585
1623252820614000,1,0.00356400,0.07031001
1623252849150000,1,0.00416300,0.07036001
1623252890315000,0,0.00308500,0.07046000
1623252892216000,0,0.16015606,0.07051395
1623252894282000,0,0.00320160,0.07051429
1623252911957000,0,0.00562800,0.07047000
1623252931910000,0,0.00455400,0.07052880
1623252938083000,0,0.00912100,0.07052880
1623252939403000,0,2.68632500,0.07052880
1623252943614000,1,0.02028200,0.07044233
1623252953646000,0,2.70000000,0.07050648
1623252953646000,0,0.03000000,0.07051711
1623252953646000,0,0.02000000,0.07052334
1623252953646000,0,1.88390000,0.07052454
1623252971201000,0,0.00428500,0.07051273
1623252980226000,1,0.50000000,0.07051273
1623253003088000,1,0.00336200,0.07047696
1623253008958000,1,0.00904500,0.07047603
1623253014172000,0,2.76188000,0.07047000
1623253020863000,1,5.72720000,0.07044383
1623253032576000,0,0.00000700,0.07047000
1623253032576000,0,3.14999300,0.07047000
1623253034002000,0,0.00722900,0.07047000
1623253034002000,0,0.00991300,0.07047000
1623253038455000,1,0.00460300,0.07040997
1623253052868000,0,2.00000000,0.07047959
1623253060347000,0,0.00287400,0.07040000
1623253098116000,1,0.00600000,0.07050000
1623253098349000,1,0.00380700,0.07045674
1623253119801000,1,0.06000000,0.07043045
1623253140883000,1,0.06000000,0.07043352
1623253141083000,1,2.64000000,0.07043352
1623253141083000,1,2.70000000,0.07042352
1623253156293000,1,0.00977500,0.07043001
1623253166453000,1,0.00442600,0.07043537
1623253185364000,0,0.00471626,0.07054955
1623253198481000,0,0.00935700,0.07057424
1623253204104000,0,0.00457163,0.07056880
1623253204104000,0,0.00007137,0.07057339
1623253258585000,1,0.00300000,0.07051000
1623253289668000,1,0.00018100,0.07051000
1623253329751000,0,0.00558800,0.07057647
1623253350046000,0,0.00300000,0.07049000
1623253356774000,0,0.00600000,0.07048000
1623253356893000,0,0.21472700,0.07048000
1623253356893000,0,0.00042400,0.07049000
1623253442228000,0,0.00406400,0.07058647
1623253449806000,1,2.70000000,0.07051627
1623253449806000,1,0.97346946,0.07051587
1623253449939000,0,6.32653054,0.07051405
1623253459329000,0,7.70000000,0.07058586
1623253463716000,1,0.00688100,0.07052891
1623253480748000,1,0.00455500,0.07052000
1623253505736000,0,0.00347199,0.07056646
1623253544313000,0,0.00809000,0.07057052
1623253560906000,1,0.03000000,0.07048035
1623253560906000,1,0.03000000,0.07047827
1623253560906000,1,0.11373921,0.07047002
1623253636362000,0,0.10000000,0.07053700
1623253674086000,0,0.00981300,0.07042000
1623253676601000,0,0.17785000,0.07042000
1623253676807000,0,0.00000500,0.07042000
