timestamp ms,type,amount,price
1623542441917000,1,0.00300000,0.06679000
1623542441918000,1,0.00075500,0.06679000
1623542462405000,0,0.00802500,0.06673090
1623542566235000,0,0.92925613,0.06673759
1623542566235000,0,0.06000000,0.06674093
1623542566235000,0,0.50074387,0.06674275
1623542751697000,1,0.00400000,0.06666000
1623542753935000,1,0.00095400,0.06666000
1623542784567000,0,0.00990900,0.06670295
1623542902790000,1,0.00338103,0.06655962
1623543074361000,1,0.00441500,0.06656911
1623543081992000,1,1.05000000,0.06658590
1623543143946000,0,0.00496700,0.06662166
1623543267528000,1,0.00952400,0.06651121
1623543303749000,1,0.00500000,0.06658000
1623543303943000,1,0.00091400,0.06658000
1623543413829000,0,8.33509093,0.06666352
1623543537554000,1,0.00317500,0.06658296
1623543617538000,0,2.80000000,0.06662665
1623543620096000,1,0.00900000,0.06663000
1623543620125000,1,0.00036000,0.06663000
1623543723191000,0,2.80000000,0.06663235
1623544332091000,1,2.80000000,0.06654966
1623544387237000,0,0.00472000,0.06658702
1623544392708000,0,0.00600000,0.06652000
1623544399966000,0,0.00052200,0.06652000
1623544399966000,0,0.48081993,0.06657034
1623544431498000,0,0.00432900,0.06656956
1623544556251000,1,0.00477800,0.06651504
1623544689777000,1,0.00900000,0.06662000
1623544689944000,1,0.00094200,0.06662000
1623544785577000,0,0.00470700,0.06665680
1623545477553000,0,0.00493300,0.06676937
1623545729881000,1,0.00489200,0.06672620
1623545777536000,0,0.00338103,0.06684862
1623545778395000,1,0.00149397,0.06685000
1623545778395000,1,0.03421003,0.06682253
1623545780465000,1,0.02856400,0.06681449
1623545783567000,1,0.02285100,0.06681449
1623545786665000,1,0.01828100,0.06681449
1623545956775000,0,2.80000000,0.06693435
1623545956775000,0,0.10000000,0.06694038
1623545956775000,0,2.80000000,0.06694404
1623545956775000,0,0.05000000,0.06695572
1623545956775000,0,0.06000000,0.06696933
1623545956775000,0,0.82571834,0.06697164
1623545956775000,0,3.30000000,0.06697216
1623545956775000,0,0.50506600,0.06698031
1623545956775000,0,0.50556067,0.06698478
1623545956775000,0,0.07000000,0.06698479
1623545956775000,0,0.82240761,0.06698966
1623545956785000,1,35.29300000,0.06699000
1623545997969000,0,6.28147342,0.06691998
1623545997969000,0,0.50550859,0.06691999
1623545997969000,0,14.25404295,0.06692000
1623546011675000,0,0.00367864,0.06695346
1623546013918000,1,0.06093400,0.06698018
1623546014317000,0,0.06000000,0.06701804
1623546023312000,0,0.00337106,0.06704155
1623546023954000,1,0.02388800,0.06701356
1623546032558000,1,0.03197000,0.06706913
1623546037978000,1,0.02557600,0.06706671
1623546041315000,1,0.02046000,0.06705284
1623546105070000,0,16.80040000,0.06714000
1623546166914000,0,0.00300000,0.06715093
1623546168747000,0,0.00002917,0.06715093
1623546168747000,0,0.00035187,0.06715093
1623546168747000,0,0.00361896,0.06717357
1623546168788000,0,0.00066224,0.06717357
1623546177918000,0,0.00300000,0.06723448
1623546177918000,0,0.00036109,0.06723448
1623546181392000,0,0.00511100,0.06725000
1623546238378000,0,0.00293224,0.06734386
1623546238378000,0,0.00043883,0.06734386
1623546241861000,1,0.00305105,0.06738000
1623546245069000,1,2.71000000,0.06738000
1623546250471000,1,4.75861913,0.06740000
1623546431523000,0,0.05536549,0.06723960
1623546639259000,1,0.00458800,0.06721492
1623546669190000,1,0.22511189,0.06717269
1623546673250000,1,0.05627798,0.06717607
1623546677050000,1,0.01406949,0.06716930
1623546679566000,1,0.00351737,0.06717267
1623546775514000,1,0.01594687,0.06720079
1623547076793000,1,0.00331100,0.06714964
1623547155276000,1,0.00300000,0.06713908
1623547168462000,1,0.00005688,0.06713908
1623547942180000,1,0.00656500,0.06719545
1623548156936000,1,0.00301000,0.06724742
1623548303197000,1,0.00606700,0.06728347
1623548358023000,0,2.78169170,0.06733143
1623548704730000,0,0.00300000,0.06736510
1623548726000000,0,0.00005147,0.06736510
1623548804443000,0,0.00300000,0.06737000
1623549032411000,0,0.00863900,0.06742208
1623549276767000,1,0.00459300,0.06736888
1623549759599000,0,0.00345400,0.06741547
1623550052445000,1,0.00302800,0.06728616
1623550299259000,0,0.00422300,0.06729979
1623550383916000,0,0.00378200,0.06734180
1623550404790000,1,0.00449900,0.06725876
1623550846915000,1,0.00326800,0.06729411
1623551056477000,0,0.00302000,0.06735557
1623551160915000,1,0.00430700,0.06735555
1623551397494000,1,0.01765425,0.06738349
1623551453853000,0,0.00335112,0.06742741
1623551474568000,1,0.00404900,0.06743442
1623551704904000,0,0.00336110,0.06753679
1623551704904000,0,1.82593890,0.06755014
1623551717240000,1,1.29000000,0.06751950
1623551854459000,0,0.00304509,0.06755326
1623551854459000,0,0.00638591,0.06758557
1623551977582000,0,0.00449800,0.06760012
1623552011484000,1,0.06000000,0.06754008
1623552232029000,0,0.00400000,0.06747000
1623552234050000,0,0.00071000,0.06747000
1623552234050000,0,0.09929000,0.06748952
1623552234058000,0,0.00071000,0.06748952
1623552629242000,1,0.05000000,0.06734851
1623552674971000,1,0.00300000,0.06731484
1623552677388000,1,0.00005089,0.06731484
1623552680594000,1,0.00428000,0.06726448
1623552803742000,0,0.00684800,0.06725922
1623552895129000,0,2.80000000,0.06724562
1623553048310000,1,0.00335112,0.06713841
1623553157206000,1,0.00022400,0.06716590
1623553314161000,0,0.97206562,0.06717285
1623553352048000,0,0.00400000,0.06711000
1623553374041000,1,0.00300000,0.06710484
1623553374150000,1,0.00005804,0.06710484
1623553375124000,0,0.10000000,0.06710929
1623553375124000,0,0.20994600,0.06710999
1623553377345000,0,0.00285900,0.06711204
1623553424567000,1,0.00428600,0.06716041
1623553756145000,1,0.05351089,0.06713269
1623553829106000,0,0.00440500,0.06711000
1623553829106000,0,0.00759500,0.06711000
1623553829399000,0,0.00114400,0.06711000
1623553849583000,0,0.00395700,0.06716786
1623553890208000,0,0.00494700,0.06716451
1623553958449000,1,0.00493800,0.06712157
1623554087394000,1,0.00900000,0.06718000
1623554087552000,1,0.00088200,0.06718000
1623554130269000,0,0.00992700,0.06715704
1623554157744000,0,0.00300000,0.06705000
1623554157937000,0,0.00098500,0.06705000
1623554192825000,0,0.00300000,0.06705000
1623554192932000,1,0.00974700,0.06704336
1623554337471000,1,0.00400000,0.06721000
1623554337532000,1,0.00094400,0.06721000
1623554415550000,0,0.10000000,0.06719483
1623554653739000,1,0.00336110,0.06700979
1623554658244000,1,1.57422407,0.06694883
1623554658618000,1,0.00300000,0.06694548
1623554658781000,1,0.00036109,0.06694548
1623554658781000,1,0.51308497,0.06693429
1623554658781000,1,0.05000000,0.06691562
1623554658781000,1,0.51323809,0.06689951
1623554658781000,1,0.22962571,0.06688951
1623554658781000,1,0.51352604,0.06681687
1623554658781000,1,0.00337107,0.06681686
1623554658781000,1,0.10000000,0.06681676
1623554658781000,1,7.15603856,0.06679558
1623554658781000,1,3.30000000,0.06679557
1623554658781000,1,0.86646821,0.06679539
1623554658781000,1,1.06701091,0.06678539
1623554658781000,1,6.72830031,0.06678000
1623554688276000,1,1.05000000,0.06677883
1623554689448000,1,1.75000000,0.06677883
1623554694489000,0,1.58921432,0.06685000
1623554695148000,0,14.43248568,0.06685000
1623554695226000,0,0.04000000,0.06685666
1623554697685000,0,2.76000000,0.06685666
1623554699219000,0,3.30000000,0.06687900
1623554703807000,1,2.80000000,0.06686185
1623554742867000,1,0.00330000,0.06696337
1623554788576000,1,0.00524900,0.06696385
1623554822868000,0,0.00499100,0.06711200
1623554830557000,1,0.51000000,0.06700816
1623554830639000,1,0.00474932,0.06700816
1623555045531000,1,0.00298700,0.06704000
1623555083137000,0,0.00995800,0.06709895
1623555165552000,0,0.00389700,0.06706826
1623555207585000,1,0.00960000,0.06700060
1623555300014000,1,0.00651600,0.06695133
1623555430398000,1,0.00367734,0.06691785
1623555468246000,1,2.80000000,0.06684157
1623555472207000,1,2.13000000,0.06682483
1623555493385000,1,0.51604379,0.06678059
1623555493385000,1,0.51593348,0.06678057
1623555493781000,1,0.05000000,0.06675459
1623555493781000,1,0.00337106,0.06675255
1623555494095000,1,0.51582491,0.06675460
1623555494095000,1,0.51593348,0.06675460
1623555494095000,1,2.74824161,0.06675460
1623555494221000,1,0.26000000,0.06675460
1623555494227000,1,0.34514466,0.06675460
1623555494453000,1,3.79720921,0.06673974
1623555494722000,1,4.20482552,0.06673974
1623555539057000,1,0.00338104,0.06662393
1623555539414000,0,1.02619000,0.06666155
1623555539637000,0,1.98273900,0.06666071
1623555540730000,1,0.10000000,0.06660748
1623555540730000,1,1.23556198,0.06660747
1623555570914000,1,0.00743700,0.06670000
1623555570914000,1,0.00390000,0.06670000
1623555637688000,0,0.00500500,0.06674600
1623555642019000,1,0.25000000,0.06665502
1623555642294000,1,0.26000000,0.06665502
1623555642308000,1,0.00707395,0.06665502
1623555654867000,0,1.65450000,0.06665000
1623555672165000,1,0.00491915,0.06662738
1623555766105000,1,0.01000000,0.06668127
1623555918749000,0,0.06000000,0.06677237
1623555919846000,0,0.10000000,0.06677713
1623555921850000,0,0.51000000,0.06679765
1623555921951000,0,0.00600000,0.06679765
1623555924332000,0,0.09400000,0.06677054
1623555924334000,0,2.70600000,0.06677054
1623555962475000,0,0.00051329,0.06679765
1623555962475000,0,0.00252471,0.06680000
1623556026716000,0,0.00039300,0.06675000
1623556080681000,0,0.00492900,0.06679881
1623556227388000,0,0.00303100,0.06679000
1623556243458000,1,0.00300000,0.06684000
1623556336745000,0,0.00300000,0.06687342
1623556337572000,0,0.00006828,0.06687342
1623556550081000,1,0.00325600,0.06690547
1623557027914000,0,4.15742556,0.06689275
1623557027914000,0,2.78257444,0.06689276
1623557051379000,0,1.85000000,0.06691104
1623557063731000,0,0.00787400,0.06688996
1623557119614000,0,0.00638600,0.06689745
1623557342480000,0,0.00429700,0.06679625
1623557404957000,1,0.00521100,0.06677679
1623557408598000,1,2.80000000,0.06676113
1623557409234000,1,2.70000000,0.06676448
1623557446794000,1,0.00469700,0.06668909
1623557463377000,1,2.80000000,0.06671660
1623557504759000,1,0.00500500,0.06675000
1623557631418000,1,0.00400000,0.06684000
1623557641958000,1,0.00057200,0.06684000
1623557712302000,1,0.00300000,0.06687000
1623557712338000,1,0.00012100,0.06687000
1623557805062000,1,0.00384100,0.06688664
1623557913759000,1,0.00423700,0.06692418
1623558196352000,0,0.00500000,0.06687000
1623558196539000,0,0.00020700,0.06687000
1623558207029000,1,0.00667200,0.06690455
1623558261811000,1,0.15000000,0.06690455
1623558265741000,1,0.00600000,0.06690455
1623558520782000,1,0.00048905,0.06690455
1623558705260000,1,0.00520100,0.06678255
1623558948881000,1,0.00306300,0.06672724
1623558989343000,0,0.00500000,0.06677000
1623559173108000,1,0.00755300,0.06676507
1623559381034000,1,0.00900000,0.06684000
1623559385981000,1,0.00000800,0.06684000
1623559471246000,1,0.00400000,0.06685000
1623559471330000,1,0.00099000,0.06685000
1623559620558000,0,0.00501100,0.06674997
1623559740221000,1,0.00303200,0.06668591
1623559867494000,1,0.00449400,0.06668840
1623559915790000,1,2.80000000,0.06662414
1623559976721000,0,0.02794900,0.06669946
1623560124329000,0,0.02236300,0.06661943
1623560126395000,0,0.01789900,0.06661705
1623560188585000,1,0.00369088,0.06659083
1623560321060000,1,0.00338000,0.06655962
1623560326940000,1,0.00000103,0.06655962
1623560350001000,1,0.00338000,0.06649925
1623560402620000,1,0.01000000,0.06653404
1623560447812000,1,2.80000000,0.06649864
1623560485370000,1,0.00338102,0.06649531
1623560593673000,0,0.00432700,0.06652429
1623560639016000,1,0.00339101,0.06643100
1623560639441000,1,0.00339100,0.06636669
1623560639441000,1,0.10000000,0.06633975
1623560639441000,1,1.31988378,0.06633334
1623560653998000,1,0.00311200,0.06637906
1623560778662000,1,0.00729000,0.06639101
1623560801194000,0,0.00359200,0.06643642
1623560819141000,0,0.00500800,0.06644746
1623561001843000,1,0.00383000,0.06644541
1623561284518000,0,2.46000000,0.06653970
1623561286601000,1,0.00433100,0.06649249
1623561316361000,1,0.10000000,0.06649380
1623561316361000,1,3.82850000,0.06648564
1623561351491000,1,0.24400000,0.06643186
1623561355266000,0,0.43255643,0.06639825
1623561403235000,1,0.00370029,0.06636505
1623561403829000,0,0.01850700,0.06635998
1623561408152000,1,0.10000000,0.06631948
1623561502129000,0,1.31282378,0.06647527
1623561502129000,0,0.84717622,0.06647528
1623561509254000,0,0.84717000,0.06647527
1623561509254000,0,1.95282378,0.06647528
1623561509921000,0,0.66000000,0.06647527
1623561524268000,0,2.80000000,0.06649971
1623561576992000,0,0.00749624,0.06652668
1623561591768000,0,0.00383200,0.06652351
1623561596908000,1,0.00308900,0.06646357
1623561615370000,1,1.64123421,0.06647128
1623561632660000,1,0.00592238,0.06647417
1623561703236000,1,0.00473700,0.06655000
1623561856687000,0,0.00560800,0.06660667
1623561857659000,0,0.00400000,0.06655000
1623561860662000,0,0.00072700,0.06655000
1623562145229000,1,0.00385100,0.06645821
1623562161494000,1,0.00310400,0.06645615
1623562161738000,1,0.00395200,0.06645615
1623562364802000,0,0.00634700,0.06653993
1623562367948000,0,0.00487600,0.06653993
1623562385108000,0,0.00416700,0.06651000
1623562416094000,0,0.00806400,0.06650324
1623562458031000,0,2.80000000,0.06648978
1623562458031000,0,1.35000000,0.06649000
1623562480166000,0,0.00817900,0.06649945
1623562485721000,0,0.00488300,0.06649945
1623562547898000,0,0.00400000,0.06639000
1623562648958000,0,0.00488400,0.06644662
1623562794506000,1,0.00400000,0.06642000
1623562824472000,1,0.00081200,0.06642000
1623562971020000,1,0.00400000,0.06643000
1623563019452000,1,0.00596000,0.06646000
1623563077836000,0,0.00506800,0.06644129
1623563091236000,0,0.00494000,0.06643783
1623563320176000,0,0.00447000,0.06641883
1623563462839000,0,0.00324300,0.06636336
1623563480895000,0,0.01661400,0.06633246
1623563484130000,0,0.00490100,0.06634217
1623563542383000,1,0.00626122,0.06631947
1623563564494000,1,0.00339099,0.06630238
1623563564494000,1,0.00153901,0.06626312
1623563584733000,1,0.00424900,0.06626371
1623563666911000,0,0.00596900,0.06638672
1623563667270000,0,0.00398400,0.06638672
1623563870820000,1,0.00340098,0.06623807
1623563872997000,0,0.00436700,0.06624000
1623563914092000,1,0.00529000,0.06621954
1623563961327000,1,0.00786300,0.06625000
1623564000525000,1,0.00308910,0.06620688
1623564046250000,1,0.00340097,0.06617376
1623564046250000,1,0.02289150,0.06616684
1623564097317000,1,0.00481900,0.06615631
1623564137866000,0,0.00486800,0.06621669
1623564166610000,1,0.00501000,0.06612841
1623564272990000,0,0.26000000,0.06620916
1623564277452000,0,0.24000000,0.06620916
1623564316965000,1,0.00924800,0.06621266
1623564402407000,0,0.00836000,0.06618000
1623564402407000,0,0.00321200,0.06618000
1623564402407000,0,0.06000000,0.06622482
1623564402407000,0,0.06398653,0.06623403
1623564553579000,0,0.00749000,0.06626000
1623564575539000,1,0.00380300,0.06621219
1623564631596000,0,2.27800000,0.06626431
1623564673299000,0,0.00428300,0.06627703
1623564748749000,1,0.00326581,0.06624732
1623564748749000,1,0.04673419,0.06622210
1623564768035000,0,0.01201508,0.06624732
1623564768035000,0,1.39798492,0.06627336
1623564780457000,0,0.00484700,0.06621000
1623564844187000,0,0.00522800,0.06624000
1623564844187000,0,0.00793800,0.06624000
1623564853071000,1,0.00761600,0.06625951
1623564939762000,1,0.10000000,0.06626478
1623564939762000,1,0.24440000,0.06625221
1623565099925000,0,0.00446800,0.06627669
1623565186894000,0,0.00383200,0.06632982
1623565194689000,1,0.00285800,0.06626561
1623565241735000,0,0.00503300,0.06628996
1623565266792000,0,0.00503300,0.06630669
1623565377532000,1,0.00364900,0.06626051
1623565394772000,0,0.00453400,0.06626000
1623565434825000,0,0.00502800,0.06631869
1623565497903000,0,0.00502900,0.06633694
1623565653961000,1,0.00383200,0.06624113
1623565915216000,0,0.00532700,0.06632896
1623566066576000,1,0.00678500,0.06624943
1623566072065000,1,0.00391100,0.06625275
1623566082259000,0,0.00490800,0.06628669
1623566166233000,0,0.00614000,0.06631709
1623566376533000,1,0.00575000,0.06619668
1623566450659000,1,0.00512800,0.06617396
1623566538690000,0,0.00555800,0.06621669
1623566652394000,0,0.00304600,0.06623942
1623566794007000,0,0.00407200,0.06620669
1623567055344000,1,0.00330800,0.06633000
1623567094908000,1,0.00468800,0.06629061
1623567107169000,1,0.00400000,0.06635000
1623567112274000,1,0.00314200,0.06629268
1623567241895000,0,0.00499900,0.06631850
1623567369396000,1,2.80000000,0.06626011
1623567432400000,1,30.87000000,0.06622000
1623567432938000,1,2.80000000,0.06621301
1623567433412000,1,0.05000000,0.06620838
1623567458228000,0,0.62000000,0.06628163
1623567511731000,1,0.00324600,0.06625786
1623567511895000,1,2.79675400,0.06625786
1623567520665000,0,0.00400000,0.06628324
1623567744612000,0,0.00996500,0.06619749
1623568062108000,0,0.00499900,0.06616508
1623568126306000,0,0.00309300,0.06615000
1623568211837000,1,0.00666300,0.06611619
1623568225730000,1,0.00385400,0.06617000
1623568318309000,0,0.00445200,0.06613405
1623568331366000,0,0.00374900,0.06613390
1623568378327000,1,0.00340096,0.06610945
1623568390421000,1,2.80000000,0.06606836
1623568390421000,1,3.21585623,0.06606506
1623568429113000,1,0.00341095,0.06604514
1623568509035000,1,0.00309593,0.06601212
1623568510035000,1,0.00945905,0.06600383
1623568524542000,1,0.00341094,0.06598083
1623568557062000,1,2.80000000,0.06599850
1623568659850000,1,3.25457295,0.06602281
1623568700625000,0,0.00676800,0.06610142
1623568703720000,0,0.00829700,0.06610004
1623568787697000,0,0.00999600,0.06609448
1623568807643000,1,0.00948800,0.06603711
1623568829281000,1,0.00415500,0.06610000
1623568849257000,1,0.00674400,0.06604095
1623568972696000,0,0.00499000,0.06608129
1623569038909000,0,0.00328800,0.06605139
1623569077463000,0,0.46736355,0.06606211
1623569093441000,0,0.43657144,0.06605670
1623569143994000,1,1.39580000,0.06599662
1623569143994000,1,3.65873761,0.06597347
1623569143994000,1,11.14928272,0.06597346
1623569182153000,0,0.00483300,0.06602811
1623569196165000,1,0.87000000,0.06600000
1623569196263000,1,0.29000000,0.06600000
1623569197003000,1,0.97000000,0.06600000
1623569199140000,1,1.20000000,0.06600000
1623569199282000,1,1.67000000,0.06600000
1623569387237000,0,0.00944600,0.06601966
1623569398733000,1,1.00000000,0.06600000
1623569536928000,0,0.00998600,0.06601000
1623569612846000,0,0.00639700,0.06607714
1623569619159000,0,0.00376300,0.06608643
1623569627395000,1,0.00322100,0.06602542
1623569635197000,1,0.00633700,0.06602016
1623569656260000,0,0.00639700,0.06607049
1623569724702000,0,0.00304200,0.06601000
1623569745725000,0,0.00882300,0.06606316
1623569907817000,0,0.00501300,0.06601710
1623569949136000,0,0.00310800,0.06600947
1623569990871000,1,0.00615600,0.06594120
1623570019958000,0,0.00752100,0.06598891
1623570157221000,0,0.00522500,0.06599830
1623570195614000,0,0.00543900,0.06601665
1623570256344000,0,0.00486400,0.06600399
1623570513501000,0,0.00595500,0.06596853
1623570583010000,0,0.00973409,0.06596691
1623570858141000,0,0.00345000,0.06592000
1623570907676000,0,0.00403000,0.06599199
1623570913268000,0,0.00491900,0.06596924
1623570961937000,0,0.00326500,0.06592000
1623570979576000,0,0.00089800,0.06592000
1623570985295000,1,0.00341093,0.06591652
1623570985545000,0,0.00032107,0.06591000
1623571065228000,0,0.00372700,0.06594215
1623571081000000,1,0.00384400,0.06595000
1623571090940000,0,0.00589500,0.06591518
1623571107062000,1,0.00342092,0.06585221
1623571107062000,1,4.99657908,0.06585000
1623571132398000,0,0.00597000,0.06587381
1623571221072000,1,0.00342092,0.06585000
1623571221795000,1,0.00310196,0.06584087
1623571221920000,0,0.00310196,0.06587900
1623571404461000,1,0.00400000,0.06590000
1623571442199000,1,0.00070300,0.06590000
1623571714815000,1,0.00052000,0.06594686
1623571923610000,0,0.00373800,0.06594483
1623571934450000,0,0.00404300,0.06593358
1623571955442000,0,0.00400000,0.06589000
1623571956745000,0,0.00004300,0.06589000
1623571966293000,0,0.00445300,0.06593188
1623571989603000,0,0.01551746,0.06594440
1623572094314000,0,0.00449500,0.06585000
1623572094699000,0,0.00313000,0.06590109
1623572132328000,1,0.00351700,0.06582794
1623572189408000,0,2.80000000,0.06592295
1623572472337000,0,0.00502600,0.06602305
1623572485248000,1,0.00365000,0.06596231
1623572568946000,0,0.00331600,0.06596000
1623572578922000,0,0.00645100,0.06601005
1623572785821000,0,2.80000000,0.06603949
1623572806753000,0,0.02862984,0.06604254
1623572932392000,0,0.00429400,0.06601117
1623573021621000,1,0.00014000,0.06600000
1623573043727000,0,0.00450800,0.06601879
1623573125116000,1,0.00487700,0.06591330
1623573127533000,0,0.00947700,0.06593000
1623573190325000,0,0.00309612,0.06607251
1623573190325000,0,0.06690388,0.06607834
1623573207060000,0,0.04000000,0.06612781
1623573207246000,0,0.00436200,0.06612781
1623573207246000,0,0.51366478,0.06616020
1623573207246000,0,1.28415052,0.06616020
1623573207246000,0,0.03000000,0.06617023
1623573207246000,0,0.51368187,0.06618221
1623573207246000,0,2.13083528,0.06619332
1623573207246000,0,0.01000000,0.06619754
1623573207246000,0,0.85080250,0.06620202
1623573207246000,0,0.84875874,0.06621191
1623573207246000,0,2.13031416,0.06621915
1623573207246000,0,2.13065889,0.06623357
1623573207246000,0,10.73024194,0.06624000
1623573210881000,0,2.80000000,0.06619584
1623573210881000,0,10.00000000,0.06619915
1623573213159000,0,0.00341094,0.06626983
1623573215628000,0,0.05000000,0.06634002
1623573215628000,0,6.78761531,0.06635293
1623573215628000,0,1.52942862,0.06635294
1623573223710000,1,0.10000000,0.06622637
1623573223710000,1,0.34661498,0.06622636
1623573239887000,0,2.80000000,0.06630847
1623573239887000,0,0.10000000,0.06631177
1623573239887000,0,1.10000000,0.06631178
1623573246033000,1,0.42557189,0.06628000
1623573248531000,1,0.02422700,0.06628004
1623573315168000,1,0.00500000,0.06632000
1623573315209000,1,0.00077200,0.06632000
1623573319805000,1,2.80000000,0.06623331
1623573397810000,0,0.00569400,0.06628460
1623573418635000,1,0.00375100,0.06623274
1623573439845000,0,0.00472000,0.06628358
1623573439953000,1,0.00465600,0.06621468
1623573481397000,0,0.00499400,0.06630000
1623573542476000,1,0.00433900,0.06621002
1623573561212000,1,0.06000000,0.06620309
1623573673683000,0,0.00587800,0.06627863
1623573732100000,1,0.00325400,0.06620135
1623573836542000,1,2.80000000,0.06620663
1623573884079000,0,0.00734600,0.06626403
1623573899103000,0,0.00369800,0.06626890
1623573925270000,0,0.00408000,0.06625884
1623574096903000,1,0.00409500,0.06607945
1623574323753000,1,0.00338900,0.06608826
1623574344177000,0,0.00400000,0.06608000
1623574414836000,1,0.00424700,0.06607656
1623574460191000,0,0.10000000,0.06616259
1623574469054000,1,0.00400000,0.06617000
1623574469130000,1,0.00041800,0.06617000
1623574490103000,0,0.00497500,0.06614638
1623574877203000,1,2.54000000,0.06603060
1623575051152000,0,2.26747936,0.06603339
1623575199349000,1,0.00372200,0.06602650
1623575324148000,1,0.00349400,0.06605652
1623575411011000,0,0.00500000,0.06607000
1623575532000000,1,0.00419200,0.06606342
1623575552730000,1,0.00352400,0.06605330
1623575812766000,0,0.00321500,0.06608477
1623576038489000,1,0.00323700,0.06604000
1623576052630000,1,0.00341094,0.06598083
1623576126605000,1,0.00500000,0.06601000
1623576268750000,0,0.00308700,0.06603219
1623576305791000,0,0.10000000,0.06602267
1623576305791000,0,0.83082295,0.06602268
1623576330907000,1,0.00592400,0.06594000
1623576429913000,1,0.00402400,0.06588782
1623576462864000,1,0.57730000,0.06590263
1623576462864000,1,0.35352295,0.06590262
1623576602929000,0,0.00312900,0.06594648
1623576643712000,1,0.00388983,0.06590362
1623576643712000,1,0.00360517,0.06588447
1623576810791000,1,0.00412200,0.06589726
1623576845798000,1,1.37658763,0.06586839
1623576917121000,1,0.00597500,0.06593657
1623576941250000,0,0.00648800,0.06597607
1623576961907000,1,0.00307100,0.06593299
1623576979551000,0,0.00258943,0.06597607
1623577003061000,1,0.00478000,0.06595053
1623577128304000,0,0.00868300,0.06599525
1623577217581000,0,0.00435100,0.06599351
1623577238290000,1,0.00940100,0.06594379
1623577347319000,1,0.00490900,0.06596887
1623577549965000,1,0.00346300,0.06601896
1623577594063000,1,0.00367900,0.06608002
1623577695181000,1,0.00342600,0.06605662
1623577721218000,1,0.00734000,0.06610093
1623577804993000,1,0.00424900,0.06608197
1623577879370000,0,0.00500000,0.06605000
1623577881989000,0,0.00370500,0.06605000
1623577901351000,1,0.00520300,0.06606781
1623577906688000,1,0.00330000,0.06606781
1623578009369000,1,0.00400000,0.06608000
1623578009640000,1,0.00019700,0.06608000
1623578011408000,1,0.00700000,0.06608000
1623578011763000,1,0.00026200,0.06608000
1623578029738000,1,0.00358300,0.06601832
1623578175227000,0,0.00380700,0.06596600
1623578181360000,1,0.00353000,0.06590021
1623578243039000,0,0.00325500,0.06591000
1623578246465000,1,1.06000000,0.06591106
1623578274836000,1,0.00318181,0.06590465
1623578379101000,1,1.05793712,0.06588012
1623578379101000,1,6.21701378,0.06588000
1623578383220000,1,0.00435400,0.06588351
1623578405932000,0,0.00700000,0.06590468
1623578408746000,0,0.00049624,0.06590468
1623578514407000,1,0.00400000,0.06619000
1623578655295000,0,0.00449800,0.06616309
1623578738935000,0,0.00393400,0.06616075
1623578764126000,0,0.00504200,0.06615053
1623578769814000,0,0.00485700,0.06614953
1623578847288000,0,0.00586400,0.06612935
1623578852403000,0,0.00125216,0.06612935
1623578852403000,0,0.00473084,0.06612936
1623579003633000,1,0.05000000,0.06605332
1623579003633000,1,1.95000000,0.06603885
1623579130187000,1,0.00596200,0.06604229
1623579179925000,1,0.00360400,0.06604712
1623579200393000,0,0.00395900,0.06610171
1623579280270000,0,0.00511900,0.06608555
1623579321740000,0,0.00346500,0.06607539
1623579533854000,0,0.00634100,0.06605490
1623579566129000,1,0.00326900,0.06598705
1623579616780000,1,0.00594000,0.06600035
1623579679379000,0,0.00525900,0.06605107
1623579700040000,1,0.00425900,0.06600165
1623579700404000,0,0.00467900,0.06605769
1623579803762000,1,0.00455500,0.06600535
1623579868307000,1,0.00346000,0.06597822
1623580035036000,1,0.00393500,0.06604000
1623580037993000,0,0.00708200,0.06604841
1623580056488000,0,0.25000000,0.06605831
1623580056524000,0,6.89568860,0.06605831
1623580056524000,0,15.91431140,0.06605833
1623580056540000,0,3.82670000,0.06605833
1623580056571000,0,3.07624217,0.06605833
1623580112088000,0,0.00389644,0.06610210
1623580189148000,1,0.04271626,0.06613685
1623580190442000,1,1.60125972,0.06613685
1623580190537000,1,0.25200000,0.06613685
1623580257169000,1,0.00310000,0.06610788
1623580292433000,1,0.00608300,0.06611239
1623580598489000,0,0.00387787,0.06616818
1623580846877000,1,0.00366500,0.06609471
1623580918100000,0,0.00438900,0.06613722
1623580985780000,0,0.33000000,0.06615632
1623580986935000,0,0.69000000,0.06615632
1623580986950000,0,0.32000000,0.06615632
1623580988516000,0,11.49000000,0.06615632
1623581017027000,0,0.00400000,0.06615632
1623581050331000,0,0.00070513,0.06615632
1623581061204000,0,17.11000000,0.06618888
1623581227734000,0,0.00467900,0.06604731
1623581229823000,0,0.00611200,0.06604731
1623581315518000,1,0.00609500,0.06596727
1623581496170000,1,0.74000000,0.06588722
1623581562079000,1,0.00310149,0.06585428
1623581562079000,1,0.00093451,0.06582160
1623581624491000,1,2.80000000,0.06581179
1623581624491000,1,2.80000000,0.06581159
1623581635212000,0,0.02922300,0.06585759
1623581637300000,0,0.02339400,0.06585759
1623581639383000,0,0.01872800,0.06585753
1623581659265000,0,0.06000000,0.06584747
1623581748212000,1,0.00400000,0.06589000
1623581823957000,1,0.00152100,0.06592000
1623581857827000,1,0.00886600,0.06590000
1623581901204000,0,0.00421800,0.06590504
1623581963231000,0,0.00308800,0.06586000
1623582019847000,0,0.01125408,0.06594032
1623582026836000,0,0.00492800,0.06594032
1623582029473000,0,0.00637100,0.06594031
1623582042656000,1,0.00637100,0.06587350
1623582110004000,0,0.00500000,0.06588000
1623582110586000,0,0.00004200,0.06588000
1623582228321000,0,0.00346796,0.06591007
1623582467576000,0,0.00493600,0.06584151
1623582489399000,0,0.00337600,0.06584593
1623582496230000,1,0.01000000,0.06579298
1623582524032000,0,0.00400000,0.06579000
1623582524134000,0,0.00068600,0.06579000
1623582533960000,1,0.00342091,0.06578790
1623582536059000,1,0.06000000,0.06573954
1623582675703000,0,0.00482200,0.06580939
1623582881327000,1,0.00326100,0.06579137
1623583005521000,1,0.00400000,0.06588000
1623583050897000,1,0.00266800,0.06584028
1623583459818000,0,9.62000000,0.06592318
1623583465828000,0,0.00602884,0.06592318
1623583628762000,1,0.00497100,0.06589948
1623583630956000,0,0.00308400,0.06594840
1623583793860000,1,0.00400000,0.06597000
1623583796139000,1,0.00061800,0.06597000
1623583814600000,1,0.00317700,0.06589001
1623583829450000,1,0.00492900,0.06595000
1623583831100000,0,2.80000000,0.06594484
1623583881319000,1,0.00704700,0.06585383
1623583881699000,0,0.00460200,0.06591158
1623584105320000,1,0.00309700,0.06582854
1623584129143000,0,0.00575700,0.06588143
1623584272322000,0,0.00834347,0.06588963
1623584272322000,0,0.05165653,0.06590767
1623584291504000,1,0.00327700,0.06585612
1623584422605000,0,0.00582500,0.06589584
1623584442827000,1,0.00582500,0.06582890
1623584485901000,1,0.00881900,0.06588000
1623584566821000,0,0.00449600,0.06587770
1623584731427000,1,0.00318100,0.06580632
1623584815854000,1,0.00700000,0.06582032
1623584816081000,0,0.00304900,0.06587572
1623584830798000,1,0.00334500,0.06579625
1623584853384000,0,0.00470300,0.06584671
1623584888939000,0,0.00457400,0.06584671
1623585081650000,0,0.00361400,0.06580000
1623585225574000,0,0.00324200,0.06587189
1623585457542000,0,0.00365300,0.06581930
1623585585195000,1,0.00694000,0.06579703
1623585642330000,0,0.00579217,0.06587849
1623585650721000,0,0.00622200,0.06593547
1623585670981000,0,2.80000000,0.06600079
1623585688118000,0,0.00342091,0.06607690
1623585691552000,0,0.00361500,0.06611869
1623585884057000,1,0.02525332,0.06602076
1623586013778000,1,7.11472573,0.06590544
1623586013778000,1,2.79527427,0.06590543
1623586014080000,1,0.46000000,0.06589100
1623586014183000,1,0.04802438,0.06589100
1623586014183000,1,1.27007622,0.06589100
1623586014183000,1,3.30127050,0.06588555
1623586035473000,1,0.05000000,0.06585722
1623586036087000,1,0.50826795,0.06582677
1623586036087000,1,1.27068134,0.06582676
1623586036087000,1,0.50105071,0.06582622
1623586085337000,1,0.00342091,0.06578790
1623586085337000,1,0.00111609,0.06575977
1623586088446000,1,0.50889993,0.06576348
1623586088446000,1,1.27231107,0.06576348
1623586103877000,1,0.02030936,0.06573568
1623586103877000,1,0.00342090,0.06572359
1623586167930000,0,0.06000000,0.06581747
1623586174973000,1,0.00504000,0.06576740
1623586513173000,0,0.00337700,0.06578000
1623586531473000,1,0.00468500,0.06577247
1623586538256000,0,0.00453400,0.06581000
1623586607867000,1,0.00501100,0.06585000
1623586778266000,1,0.00368300,0.06582030
1623586820000000,1,0.00353200,0.06580199
1623586935798000,0,2.80000000,0.06579716
1623586959490000,1,0.00852500,0.06577329
1623586991025000,0,1.40000000,0.06581352
1623586992941000,0,0.31000000,0.06581352
1623586993007000,0,0.89000000,0.06581352
1623587107738000,0,2.80000000,0.06576262
1623587110580000,0,0.00986800,0.06577055
1623587137202000,0,0.00351100,0.06576960
1623587179661000,0,7.15187756,0.06581316
1623587203557000,0,0.46000000,0.06585671
1623587473415000,1,0.00309700,0.06580934
1623587618737000,1,0.00259200,0.06587000
1623587718973000,0,0.00309700,0.06592079
1623587859536000,1,0.00373300,0.06588775
1623588083040000,1,0.00357300,0.06593000
1623588100936000,1,0.00369100,0.06588490
1623588286942000,0,0.00476000,0.06588655
1623588447399000,0,0.00991500,0.06586998
1623588458112000,0,0.00424000,0.06586998
1623588486576000,1,0.00899051,0.06576227
1623588534787000,1,2.80000000,0.06577802
1623588560249000,1,0.00352800,0.06573433
1623588564497000,1,0.00522000,0.06573433
1623588602107000,0,0.00425200,0.06581995
1623588789257000,0,0.00328300,0.06574314
1623588898812000,1,0.00347300,0.06575000
1623588920488000,1,0.00474900,0.06576000
1623589005202000,0,0.00396000,0.06577000
1623589088647000,1,0.00778600,0.06570905
1623589212842000,1,0.01027663,0.06570905
1623589229655000,1,0.00310779,0.06567620
1623589232535000,1,0.00343089,0.06565928
1623589254482000,1,0.02307034,0.06565392
1623589281662000,0,0.00327600,0.06565039
1623589289584000,1,0.00343088,0.06559497
1623589290346000,1,0.00343087,0.06553066
1623589290346000,1,0.14333040,0.06549984
1623589292420000,1,7.79034098,0.06548580
1623589321735000,1,0.18852400,0.06553806
1623589519305000,1,0.00651700,0.06556000
1623589519305000,1,1.06219182,0.06551679
1623589530703000,0,0.00417700,0.06557779
1623589576190000,1,0.00502100,0.06558017
1623589606371000,0,0.05000000,0.06565834
1623589607266000,0,0.09547259,0.06566543
1623589607278000,0,1.91332741,0.06566543
1623589617121000,1,0.00312500,0.06566332
1623589699845000,1,0.00497000,0.06569000
1623589725109000,0,0.00455200,0.06572404
1623589745306000,1,0.00000300,0.06569000
1623589873505000,0,0.00311100,0.06563000
1623589873505000,0,0.00588900,0.06563000
1623589874246000,0,0.00077600,0.06563000
1623590106601000,1,0.00669900,0.06558165
1623590147568000,1,0.00400000,0.06564000
1623590227237000,0,0.00491300,0.06567615
1623590252613000,0,0.00347600,0.06567864
1623590448219000,1,0.00431400,0.06557387
1623590646734000,1,0.00426200,0.06566088
1623590729636000,0,0.00644900,0.06573301
1623590874218000,0,0.00413000,0.06566122
1623590881608000,0,0.00493229,0.06568662
1623591041942000,0,0.00330800,0.06567000
1623591079762000,1,0.00372600,0.06564991
1623591148025000,0,0.00369200,0.06562000
1623591292134000,1,0.00824400,0.06560400
1623591323798000,1,0.00400000,0.06565000
1623591326348000,1,0.00081900,0.06565000
1623591428994000,0,0.00496900,0.06569177
1623591492889000,0,0.00579300,0.06569672
1623591500651000,0,0.03029450,0.06569014
1623591525995000,0,1.33000000,0.06567590
1623591526643000,1,0.51000000,0.06562269
1623591535635000,1,2.80000000,0.06562343
1623591552580000,1,2.80000000,0.06563357
1623591556142000,0,0.00302932,0.06569129
1623591615526000,1,0.00448500,0.06562288
1623591618169000,0,0.00595900,0.06568999
1623591649764000,0,0.00993300,0.06566672
1623591677894000,0,0.00476100,0.06566015
1623591717664000,0,0.00400000,0.06560000
1623591828731000,0,0.00496800,0.06563593
1623591844922000,1,0.00350800,0.06558262
1623591867748000,1,0.00978400,0.06556672
1623591910646000,0,0.00440100,0.06562702
1623591952025000,0,0.00497100,0.06561686
1623592053785000,0,0.00400000,0.06554000
1623592056044000,0,0.00097400,0.06554000
1623592094735000,0,0.00495600,0.06562936
1623592164546000,1,0.00657900,0.06556765
1623592296634000,0,0.00415800,0.06560000
1623592359344000,1,1.05000000,0.06560615
1623592359470000,1,0.00893647,0.06560615
1623592405278000,0,0.00500000,0.06564312
1623592418747000,0,0.00072523,0.06564312
1623592466729000,0,0.00482100,0.06568623
1623592521658000,1,0.00500000,0.06565000
1623592725333000,0,0.00536000,0.06558000
1623592793541000,0,0.10000000,0.06566109
1623592793541000,0,1.09130223,0.06566110
1623592847380000,0,0.00314200,0.06560300
1623593009742000,0,0.00468400,0.06561807
1623593073702000,0,0.00497800,0.06557999
1623593114681000,0,0.00700000,0.06554000
1623593114748000,0,0.00034900,0.06554000
1623593196705000,1,1.05998021,0.06556356
1623593211377000,0,0.00403600,0.06556000
1623593318657000,1,0.00392400,0.06553231
1623593391724000,1,0.00310000,0.06561703
1623593487741000,1,0.00400000,0.06564000
1623593487930000,1,0.00086500,0.06564000
1623593488952000,1,0.00310000,0.06562954
1623593528965000,0,0.00498400,0.06557500
1623593529199000,0,0.00747400,0.06557500
1623593738604000,1,11.00000000,0.06551000
1623593815004000,1,0.00311487,0.06547725
1623593815004000,1,0.00000413,0.06547253
1623593835561000,1,0.00633809,0.06547253
1623593836933000,1,0.00344086,0.06546635
1623593896231000,0,0.00500100,0.06545499
1623593919753000,1,0.00344085,0.06540204
1623593919753000,1,0.05655915,0.06539660
1623593920381000,1,0.00344085,0.06539660
1623593920381000,1,1.40000000,0.06539196
1623593920381000,1,1.80000000,0.06539196
1623593920381000,1,7.14412256,0.06536599
1623593920381000,1,10.82990727,0.06536598
1623594079383000,1,0.00344084,0.06533773
1623594081091000,1,0.00312002,0.06533330
1623594094998000,1,0.00956123,0.06529844
1623594122879000,1,0.00345083,0.06527342
1623594122879000,1,1.43290000,0.06524659
1623594122879000,1,1.24534917,0.06524394
1623594130830000,1,0.00267401,0.06524394
1623594135442000,1,0.00345082,0.06520911
1623594145082000,1,0.00540300,0.06518326
1623594393607000,0,2.80000000,0.06536064
1623594441066000,0,0.01200000,0.06536649
1623594443401000,0,0.00075287,0.06536649
1623594451278000,0,0.00466700,0.06541268
1623594457353000,0,0.01209869,0.06541987
1623594461055000,1,0.00310000,0.06537989
1623594492042000,0,0.00502000,0.06540649
1623594614006000,0,0.00772900,0.06534470
1623594634655000,1,0.00853000,0.06533015
1623594820183000,0,0.00482000,0.06540515
1623594878488000,1,0.00360000,0.06534327
1623594884284000,0,0.00325100,0.06540120
1623594931755000,0,0.00693300,0.06542555
1623595041354000,1,0.00415000,0.06532636
1623595051384000,1,0.00677900,0.06532963
1623595062817000,1,0.00396700,0.06532636
1623595100675000,1,0.00441261,0.06532636
1623595102452000,1,0.00521800,0.06532636
1623595164394000,1,0.00313100,0.06533312
1623595182770000,0,0.00465800,0.06539817
1623595245508000,0,0.00582400,0.06540418
1623595266067000,1,0.00521500,0.06534244
1623595348145000,0,0.00400500,0.06537824
1623595348329000,1,0.00332500,0.06531327
1623595356852000,0,0.00400000,0.06531327
1623595582421000,0,0.00700000,0.06532000
1623595635554000,0,0.00442600,0.06536712
1623595673007000,1,0.00400000,0.06537000
1623595698114000,1,0.00093800,0.06537000
1623595735993000,0,0.00443300,0.06536611
1623595765879000,0,0.00526885,0.06534442
1623595937970000,0,0.00400000,0.06526000
1623596064262000,0,0.00601300,0.06529345
1623596178634000,0,0.00500000,0.06529359
1623596187198000,1,0.00597000,0.06528652
1623596204200000,0,0.00068147,0.06529359
1623596512292000,0,0.00501400,0.06529289
1623596553160000,1,0.00654900,0.06520326
1623596561531000,0,21.37641028,0.06521000
1623596561532000,0,0.21900000,0.06521000
1623596561532000,0,18.40132000,0.06521000
1623596561537000,0,1.62114839,0.06520999
1623596561545000,0,2.10100000,0.06520999
1623596561584000,0,1.06883531,0.06521000
1623596561851000,0,6.50524994,0.06521000
1623596614458000,0,0.00304878,0.06527197
1623596838169000,0,0.00322200,0.06527416
1623596857149000,1,0.71278956,0.06521213
1623596857389000,1,0.14809215,0.06521214
1623596857443000,1,0.17218597,0.06521214
1623596898006000,1,0.00677800,0.06519327
1623597101723000,1,0.00340500,0.06521860
1623597122161000,1,0.00319500,0.06529000
1623597124133000,1,0.00453200,0.06529000
1623597156285000,1,0.00577558,0.06523631
1623597211522000,1,0.00577558,0.06525696
1623597232214000,1,0.03441300,0.06526446
1623597369380000,1,0.00333500,0.06526258
1623597550617000,0,0.00430600,0.06527041
1623597693884000,0,0.00378700,0.06525700
1623597713677000,0,0.00451400,0.06525700
1623597713798000,0,0.00435800,0.06525700
1623597764757000,1,0.00486400,0.06521378
1623597843537000,1,0.02325057,0.06514498
1623597900728000,0,0.00269100,0.06516000
1623597984685000,0,0.00348000,0.06517000
1623598117671000,0,0.00348000,0.06525697
1623598121353000,1,0.00521900,0.06521134
1623598222802000,0,0.00531900,0.06523665
1623598326819000,1,0.00345700,0.06520041
1623598412768000,1,0.00624200,0.06518505
1623598497480000,1,0.00549100,0.06524000
1623598501991000,1,2.80000000,0.06521298
1623598501991000,1,3.01000000,0.06521255
1623598509806000,1,0.00553100,0.06521239
1623598571441000,0,0.00501300,0.06525700
1623598607794000,0,0.00492873,0.06525700
1623598683015000,1,1.51000000,0.06521500
1623598708951000,1,0.00306600,0.06525000
1623598713607000,1,0.59000000,0.06521500
1623598752615000,1,0.90000000,0.06521500
1623598765023000,1,2.80000000,0.06518039
1623598856533000,1,0.00594600,0.06515106
1623598978269000,1,0.00900000,0.06518320
1623598998493000,0,0.00526900,0.06518000
1623599017627000,1,0.00477200,0.06517621
1623599017755000,1,0.00408400,0.06517621
1623599057056000,0,0.00334022,0.06525007
1623599346077000,1,0.00954200,0.06521584
1623599347300000,1,0.00539700,0.06521584
1623599401056000,1,2.80000000,0.06520066
1623599515426000,0,0.03000000,0.06525700
1623599518412000,0,0.00649235,0.06525700
1623599550353000,1,0.00461700,0.06524663
1623599571913000,0,0.00590700,0.06532235
1623599612297000,0,0.00498300,0.06534040
1623599691817000,1,0.00700000,0.06531000
1623599691937000,1,0.00052500,0.06531000
1623599713062000,0,0.00830900,0.06531197
1623599713183000,0,0.00349200,0.06531197
1623599816301000,1,0.00408600,0.06518085
1623599834843000,0,0.00499000,0.06523308
1623599927479000,1,0.00659500,0.06519742
1623599998351000,1,0.00600000,0.06528000
1623599999621000,1,0.00060800,0.06528000
1623600024316000,1,0.43736127,0.06514839
1623600049622000,1,0.00312666,0.06514826
1623600051133000,1,0.00345081,0.06514480
1623600067253000,1,1.00000000,0.06511000
1623600070085000,1,0.00346080,0.06508049
1623600070085000,1,1.40000000,0.06506727
1623600070085000,1,1.80000000,0.06506727
1623600070085000,1,0.13164000,0.06506226
1623600138386000,0,0.03364500,0.06510194
1623600140506000,0,0.02692700,0.06510194
1623600142580000,0,0.02155000,0.06510194
1623600145046000,0,0.01724700,0.06510194
1623600172789000,1,3.00000000,0.06502619
1623600218964000,1,0.10000000,0.06510518
1623600218964000,1,0.36715107,0.06510517
1623600327514000,1,0.44858281,0.06511000
1623600341021000,0,47.57000000,0.06515861
1623600457736000,0,0.00900000,0.06512000
1623600457736000,0,0.00047000,0.06512000
1623600494669000,0,0.00081552,0.06515861
1623600516114000,0,0.00484000,0.06518556
1623600608182000,0,0.00529700,0.06518556
1623600628461000,0,0.00170669,0.06518556
1623600628645000,1,0.00178931,0.06519000
1623600648968000,0,0.00400000,0.06516000
1623600660536000,0,0.00104700,0.06516000
1623600670055000,0,0.00499800,0.06521260
1623600690567000,1,0.00336600,0.06517442
1623600791332000,0,0.00839678,0.06515629
1623600804254000,0,2.27000000,0.06529017
1623600824289000,1,1.61609298,0.06527326
1623600826940000,1,0.84361389,0.06517347
1623600826940000,1,0.83921743,0.06516359
1623600826940000,1,7.82731346,0.06514632
1623600829263000,0,0.05116690,0.06516807
1623600829558000,1,0.26000000,0.06513414
1623600829752000,1,1.02630498,0.06513414
1623600830881000,1,2.80000000,0.06505875
1623600836215000,1,2.80000000,0.06502269
1623600836215000,1,6.91605445,0.06501620
1623600836215000,1,0.51473284,0.06501620
1623600836215000,1,3.34395748,0.06501619
1623600836215000,1,0.00346079,0.06501618
1623600837067000,0,0.05000000,0.06502004
1623600838277000,1,0.10000000,0.06500000
1623600838757000,1,0.00346078,0.06495187
1623600838757000,1,3.99653922,0.06493000
1623600839664000,0,2.80000000,0.06501667
1623600843458000,0,2.80000000,0.06507404
1623600857557000,0,1.27000000,0.06504255
1623600880929000,1,2.80000000,0.06498911
1623600929227000,0,0.98813869,0.06493728
1623600944402000,0,5.00000000,0.06497599
1623600948927000,1,0.10000000,0.06491123
1623600960054000,1,0.00439000,0.06489754
1623600962235000,1,0.00347077,0.06488756
1623600962763000,1,0.02058902,0.06484281
1623600962763000,1,0.00347076,0.06482325
1623600963414000,0,0.53531849,0.06486556
1623600963414000,0,0.10000000,0.06488088
1623600963414000,0,0.05000000,0.06488715
1623600963414000,0,0.17247151,0.06488740
1623600963774000,0,0.83868469,0.06477000
1623600965645000,1,0.84308754,0.06475895
1623600965645000,1,0.00347075,0.06475894
1623600965645000,1,1.80000000,0.06474420
1623600965645000,1,0.55344171,0.06474420
1623600966441000,1,0.06000000,0.06478257
1623600966876000,1,0.84000000,0.06474420
1623600967355000,1,0.00655829,0.06474420
1623600972886000,0,1.62804466,0.06479733
1623600972930000,0,4.98277412,0.06479733
1623600972930000,0,2.80000000,0.06479734
1623600973034000,0,0.05000000,0.06482204
1623600974844000,1,0.10000000,0.06478933
1623600974844000,1,2.80000000,0.06478932
1623600974934000,0,0.21000000,0.06478749
1623600974944000,0,0.84931795,0.06478749
1623600976767000,1,0.13000000,0.06479734
1623600977339000,1,0.00963000,0.06479734
1623600978365000,1,0.31037000,0.06478933
1623600978365000,1,0.05000000,0.06474534
1623601036726000,0,0.00557800,0.06475000
1623601064699000,1,0.05000000,0.06474534
1623601139547000,1,0.00314500,0.06488003
1623601157566000,1,0.00400000,0.06492000
1623601157911000,1,0.00082700,0.06492000
1623601237081000,0,0.00410100,0.06484000
1623601346001000,1,0.00410900,0.06480434
1623601392082000,0,2.80000000,0.06475676
1623601446383000,0,0.00324900,0.06481021
1623601465668000,1,0.00511100,0.06474048
1623601510257000,1,2.79538788,0.06476225
1623601525060000,0,1.04000000,0.06482079
1623601525087000,0,0.00767277,0.06482079
1623601525087000,0,2.09534554,0.06483504
1623601525274000,0,0.50585568,0.06485764
1623601525274000,0,1.26462365,0.06485764
1623601525274000,0,0.06000000,0.06486639
1623601588525000,1,0.42229822,0.06491001
1623601684553000,1,1.21131866,0.06495129
1623601737827000,1,3.93931446,0.06494472
1623601737827000,1,1.23747414,0.06494471
1623601738278000,1,3.83108000,0.06494471
1623601738512000,1,0.00000326,0.06494471
1623601815490000,0,0.00379600,0.06491000
1623601841059000,0,0.00316800,0.06490000
1623601923548000,0,0.01722940,0.06492549
1623601995430000,1,0.00849000,0.06485108
1623602035892000,1,0.00801700,0.06485576
1623602224336000,1,0.01722340,0.06481662
1623602335129000,1,0.00924600,0.06476338
1623602406286000,1,0.06000000,0.06474274
1623602410118000,1,0.00314176,0.06473100
1623602412882000,1,0.01834065,0.06471299
1623602430019000,0,0.02013200,0.06470677
1623602433112000,0,0.02013200,0.06470676
1623602433898000,1,0.00348074,0.06469463
1623602434025000,1,0.02343222,0.06463998
1623602434025000,1,0.00642426,0.06463640
1623602469450000,1,0.00348073,0.06463032
1623602523295000,0,0.00461900,0.06466945
1623602526021000,1,0.00966452,0.06460059
1623602529161000,0,0.10000000,0.06464845
1623602529161000,0,2.80000000,0.06464846
1623602529231000,1,0.10000000,0.06466883
1623602630941000,1,0.00400000,0.06466000
1623602765395000,0,0.50255724,0.06480610
1623602858384000,1,9.16892000,0.06477001
1623602858425000,1,2.83108000,0.06477001
1623602893287000,0,0.00386700,0.06474731
1623602923069000,0,0.00600000,0.06469000
1623602951284000,0,0.00039100,0.06469000
1623602955808000,1,0.00567200,0.06470671
1623602981232000,1,0.00477000,0.06470663
1623603010561000,0,0.00385900,0.06477197
1623603062200000,0,0.00399200,0.06474127
1623603124812000,1,0.00989600,0.06468665
1623603166301000,0,0.00383783,0.06475257
1623603167474000,1,0.00339000,0.06469269
1623603209152000,1,0.00456800,0.06471673
1623603213068000,1,0.00425800,0.06471349
1623603270354000,1,1.04000000,0.06469878
1623603292966000,1,2.80000000,0.06468733
1623603293434000,0,0.00403400,0.06469000
1623603355489000,1,0.00500000,0.06473667
1623603601095000,1,2.53000000,0.06468283
1623603830150000,1,0.00495800,0.06470803
1623603889158000,1,0.00466400,0.06469374
1623603961530000,1,0.00406400,0.06473468
1623604011919000,0,2.80000000,0.06479880
1623604027870000,1,0.00500000,0.06481000
1623604065915000,1,0.00081300,0.06481000
1623604091454000,1,0.00500000,0.06481000
1623604099099000,1,0.00060600,0.06481000
1623604099099000,1,0.09939400,0.06474589
1623604111867000,1,0.00905800,0.06474823
1623604300750000,0,0.00481400,0.06475595
1623604486173000,0,0.00900000,0.06470000
1623604490012000,0,0.00419700,0.06474353
1623604593815000,1,0.00322000,0.06461363
1623604604780000,1,6.05000000,0.06463686
1623604604971000,1,3.67902850,0.06463686
1623604607505000,1,2.80000000,0.06463790
1623604607505000,1,0.23929233,0.06463778
1623604659872000,1,0.00398500,0.06464048
1623605098636000,1,0.00453900,0.06471546
1623605161059000,1,0.00622500,0.06476674
1623605205028000,1,2.80000000,0.06480324
1623605266217000,1,0.00585800,0.06477116
1623605335197000,1,0.00380300,0.06469722
1623605340665000,0,0.00900000,0.06469000
1623605341460000,0,0.00099000,0.06469000
1623605348624000,1,0.00434500,0.06470772
1623605424739000,1,0.00874500,0.06481604
1623605507880000,0,0.00400000,0.06482000
1623605523231000,0,0.00097000,0.06482000
1623605622459000,1,0.00653100,0.06473971
1623605638351000,1,0.00988000,0.06474971
1623605887598000,0,0.00353900,0.06474814
1623605888235000,1,0.05000000,0.06469667
1623605908211000,1,0.00400000,0.06469000
1623605970928000,1,0.00416100,0.06462201
1623605996467000,1,0.00442500,0.06463991
1623606011693000,1,0.00998000,0.06464244
1623606157309000,1,0.00490000,0.06467707
1623606167644000,1,0.00600600,0.06469304
1623606199454000,1,0.50221505,0.06469412
1623606199454000,1,1.03842467,0.06469410
1623606220792000,1,0.00348072,0.06456601
1623606223151000,1,0.00349071,0.06450170
1623606243898000,1,2.20000000,0.06450702
1623606269281000,1,2.80000000,0.06448993
1623606287571000,0,0.00448400,0.06454752
1623606314562000,1,1.03740915,0.06450551
1623606314562000,1,0.57173819,0.06450084
1623606390898000,1,0.50185513,0.06446946
1623606390898000,1,0.00441185,0.06446945
1623606390898000,1,4.54755582,0.06445863
1623606469245000,1,0.00474000,0.06445061
1623606494013000,1,0.00349070,0.06443739
1623606519040000,0,2.80000000,0.06449355
1623606572226000,1,0.50123619,0.06445231
1623606572226000,1,1.17276067,0.06445230
1623606577820000,1,0.00421800,0.06445234
1623606613847000,0,0.00898800,0.06452965
1623606655021000,1,0.00885100,0.06446231
1623606671994000,0,2.80000000,0.06452782
1623606674786000,0,2.80000000,0.06454280
1623606674786000,0,0.05000000,0.06454363
1623606718721000,0,0.00420000,0.06458019
1623606724817000,0,0.00390000,0.06453000
1623606768938000,1,2.80000000,0.06454008
1623606788426000,1,0.00348100,0.06451004
1623606835917000,0,0.06000000,0.06463755
1623606855280000,0,0.00349070,0.06472639
1623606857485000,0,2.80000000,0.06480295
1623606860480000,0,0.06000000,0.06487444
1623606860480000,0,0.10000000,0.06489025
1623606860480000,0,0.06000000,0.06489026
1623606860532000,1,2.80000000,0.06490323
1623606860564000,1,0.16600000,0.06490323
1623606861941000,0,2.80000000,0.06491608
1623606861941000,0,0.00348073,0.06491932
1623606861941000,0,0.05000000,0.06492723
1623606861941000,0,0.04473833,0.06492725
1623606861964000,1,1.24789695,0.06493066
1623606862142000,1,0.49931486,0.06493066
1623606862500000,1,0.04473833,0.06493066
1623606862578000,1,1.30430000,0.06493066
1623606866636000,0,0.41219028,0.06491112
1623606875098000,1,0.00730700,0.06483000
1623606967380000,0,0.00853800,0.06481999
1623606967866000,0,2.80000000,0.06481999
1623606968694000,0,0.35000000,0.06481999
1623606971327000,0,0.00600000,0.06481999
1623606978951000,0,0.00021789,0.06481999
1623606979620000,0,0.00311400,0.06482000
1623607003397000,1,0.72247797,0.06484000
1623607080893000,1,0.00899200,0.06481488
1623607081412000,1,0.00468700,0.06481488
1623607101433000,1,0.00567700,0.06481705
1623607102216000,0,0.00435100,0.06488291
1623607184736000,1,0.00700000,0.06484142
1623607198986000,1,0.81725655,0.06481919
1623607226449000,0,0.00400000,0.06484000
1623607235137000,0,0.00086500,0.06484000
1623607248006000,1,0.00427300,0.06483341
1623607303126000,0,0.00600000,0.06494358
1623607307342000,0,0.00090009,0.06494358
1623607350832000,1,0.00453900,0.06494046
1623607462671000,1,0.00648900,0.06490063
1623607664619000,1,0.00491600,0.06493957
1623607706640000,0,0.00400000,0.06491000
1623607762147000,0,0.00035700,0.06491000
1623607775672000,1,0.00500000,0.06490452
1623607814446000,0,0.00440900,0.06497706
1623607839287000,1,0.00473400,0.06496410
1623607964573000,0,0.00349071,0.06502870
1623608232536000,1,0.00338900,0.06496971
1623608290096000,1,0.06000000,0.06495529
1623608348546000,1,0.00308600,0.06499930
1623608384192000,0,0.00387800,0.06508367
1623608402234000,0,0.00400000,0.06502000
1623608402352000,0,0.00086000,0.06502000
1623608508817000,1,0.00881000,0.06496808
1623608508998000,1,0.00418700,0.06496808
1623608509294000,1,0.00800000,0.06503000
1623608622943000,0,0.00242900,0.06509000
1623608634362000,0,0.00347076,0.06511225
1623608651834000,1,2.80000000,0.06508004
1623608651834000,1,0.83162342,0.06505512
1623608651834000,1,0.04837658,0.06505461
1623608725808000,1,0.00410900,0.06504000
1623608741111000,1,0.00410900,0.06500069
1623608768175000,0,0.00370000,0.06504360
1623608849204000,0,0.00914800,0.06498855
1623608865039000,1,0.00416200,0.06495397
1623608897969000,1,0.00500000,0.06497304
1623609009130000,1,0.00420700,0.06498678
1623609014469000,1,0.00400000,0.06496825
1623609030643000,0,0.00384200,0.06501506
1623609103747000,1,0.00718900,0.06494553
1623609135525000,0,0.00366500,0.06495966
1623609136429000,1,2.80000000,0.06490558
1623609519498000,1,0.00531300,0.06496055
1623609666193000,0,0.00590300,0.06507718
1623609716657000,0,0.00400000,0.06510000
1623609716741000,0,0.00043300,0.06510000
1623609763136000,0,2.80000000,0.06512257
1623609763136000,0,15.38060000,0.06512483
1623609763136000,0,0.00375549,0.06513255
1623609802197000,0,15.12013193,0.06514987
1623609958150000,1,0.00494400,0.06509038
1623610042039000,1,0.00438000,0.06503486
1623610149359000,0,0.00572300,0.06503793
1623610519397000,1,0.00407600,0.06499365
1623610679700000,0,0.00407600,0.06504200
1623610679904000,1,0.00379300,0.06499074
1623610834615000,1,0.00416800,0.06502270
1623610898216000,1,0.00476800,0.06506012
1623610924407000,0,0.00406800,0.06510351
1623610934572000,0,0.00442300,0.06510351
1623610939952000,1,0.00425600,0.06504684
1623611086512000,1,0.00341000,0.06509751
1623611091352000,1,1.02000000,0.06509751
1623611177142000,1,1.02000000,0.06509899
1623611253348000,1,1.02000000,0.06506864
1623611670054000,0,1.00000000,0.06500940
1623611712804000,0,2.80000000,0.06501915
1623611712804000,0,5.12334203,0.06502241
1623611714698000,1,2.80000000,0.06496518
1623611714698000,1,1.02758174,0.06496416
1623611714698000,1,2.34539576,0.06496199
1623611761824000,1,0.00316300,0.06500000
1623611761824000,1,0.04683700,0.06494269
1623611761942000,1,0.00316300,0.06494269
1623611784522000,0,0.10000000,0.06498503
1623611784522000,0,2.80000000,0.06498504
1623611784522000,0,3.30000000,0.06499036
1623611784522000,0,6.74734328,0.06500441
1623611784522000,0,0.49847632,0.06500442
1623611784522000,0,1.24619080,0.06500442
1623611784522000,0,0.04451610,0.06500443
1623611893305000,1,0.00390200,0.06498000
1623611943586000,1,1.03000000,0.06490863
1623612071993000,0,0.00492600,0.06488000
1623612113000000,0,0.00402500,0.06492287
1623612113268000,0,0.00317800,0.06492287
1623612125985000,1,0.00376379,0.06487618
1623612196160000,1,0.00478000,0.06487084
1623612196376000,0,0.00347200,0.06492687
1623612324532000,1,0.00607600,0.06488193
1623612384919000,0,0.00400000,0.06489000
1623612384943000,0,0.00072200,0.06489000
1623612494190000,1,0.07000000,0.06485651
1623612590968000,1,0.00390300,0.06485481
1623612656923000,0,2.80000000,0.06497385
1623612657017000,1,0.02400000,0.06497385
1623612657133000,1,1.38030000,0.06497385
1623612662527000,1,5.33000000,0.06497385
1623612662532000,1,0.00645478,0.06497385
1623612693424000,0,0.00400000,0.06493000
1623612699776000,0,0.00063800,0.06493000
1623612884227000,1,0.00924800,0.06491292
1623612899586000,1,0.00414000,0.06491297
1623613000696000,1,0.14000000,0.06489272
1623613000713000,1,3.14000000,0.06489272
1623613039330000,1,2.80000000,0.06486082
1623613103214000,1,0.00347076,0.06482325
1623613111165000,1,0.00395600,0.06481266
1623613195937000,1,0.00417600,0.06483992
1623613318275000,0,0.25600000,0.06481760
1623613318333000,0,0.02608120,0.06481760
1623613321529000,0,3.35000000,0.06481760
1623613323335000,0,1.13000000,0.06481760
1623613323394000,0,4.60000000,0.06481760
1623613325067000,0,0.17867358,0.06481760
1623613343481000,0,0.00341300,0.06486715
1623613391269000,0,0.00366300,0.06485541
1623613510431000,1,0.13000000,0.06472677
1623613510433000,1,0.00655431,0.06472677
1623613550579000,1,0.05000000,0.06467093
1623613611071000,1,1.93000000,0.06467431
1623613615746000,1,0.00440319,0.06463859
1623613615746000,1,0.00348073,0.06463032
1623613615746000,1,3.88471356,0.06457002
1623613631275000,1,2.80000000,0.06458291
1623613659009000,1,1.02000000,0.06460914
1623613679309000,0,0.00549000,0.06463000
1623613786271000,1,0.00370400,0.06460603
1623613828377000,0,0.00464000,0.06463708
1623614078470000,0,0.00402900,0.06460407
1623614143568000,1,0.00491100,0.06454151
1623614163102000,1,0.00800000,0.06454356
1623614173905000,1,2.80000000,0.06452709
1623614337811000,0,0.00347500,0.06456593
1623614353602000,1,0.00351500,0.06453674
1623614378328000,1,0.00807800,0.06452994
1623614435289000,0,0.00376451,0.06465315
1623614437905000,1,0.00384800,0.06465107
1623614532852000,1,0.10000000,0.06462862
1623614532852000,1,2.80000000,0.06462861
1623614534470000,1,0.11000000,0.06458452
1623614534505000,1,1.89000000,0.06458452
1623614536206000,1,2.80000000,0.06462862
1623614539633000,0,0.00476000,0.06456885
1623614541191000,1,2.00000000,0.06451000
1623614558010000,1,0.00349071,0.06450170
1623614558010000,1,0.49650929,0.06445190
1623614587320000,1,0.00857800,0.06450000
1623614669698000,1,0.00349070,0.06443739
1623614669698000,1,0.49782043,0.06442274
1623614669698000,1,1.24441201,0.06442274
1623614669698000,1,1.80000000,0.06442273
1623614669698000,1,1.39427686,0.06442273
1623614669865000,1,0.00572314,0.06442273
1623614669925000,1,0.00378377,0.06441967
1623614669925000,1,3.23571116,0.06440989
1623614669925000,1,0.05000000,0.06440755
1623614669984000,1,0.82397599,0.06442594
1623614670071000,1,0.01000000,0.06439319
1623614670071000,1,0.81171125,0.06438248
1623614670071000,1,0.00350069,0.06437308
1623614670071000,1,0.83181084,0.06436419
1623614670071000,1,1.02713377,0.06436009
1623614670071000,1,0.83401606,0.06435924
1623614670071000,1,2.05054013,0.06435096
1623614670071000,1,0.83000000,0.06434194
1623614670071000,1,2.05104993,0.06434193
1623614670071000,1,0.00350068,0.06430877
1623614670071000,1,2.58000000,0.06430721
1623614670212000,0,3.23561465,0.06439320
1623614670300000,1,0.49776020,0.06439319
1623614670300000,1,1.24441201,0.06439319
1623614670316000,1,3.30000000,0.06435332
1623614670472000,1,0.49776020,0.06435333
1623614670823000,1,0.49776020,0.06435332
1623614670823000,1,0.49776020,0.06435332
1623614670823000,1,0.00447960,0.06435332
1623614671227000,1,0.26000000,0.06434195
1623614673149000,1,0.83314643,0.06427079
1623614673149000,1,2.80000000,0.06427078
1623614673340000,0,0.30614962,0.06427060
1623614675175000,0,0.50000000,0.06432604
1623614676913000,1,0.00350067,0.06424446
1623614679450000,1,0.00351066,0.06418015
1623614681750000,1,0.02361528,0.06413890
1623614681750000,1,0.00351065,0.06411584
1623614683730000,0,1.93973000,0.06418310
1623614688043000,1,2.23221000,0.06415321
1623614692824000,0,0.01940000,0.06426598
1623614701964000,0,0.00315998,0.06422950
1623614722500000,1,1.40000000,0.06410286
1623614722500000,1,1.80000000,0.06410286
1623614722500000,1,0.39000000,0.06410197
1623614722602000,1,0.10506874,0.06410197
1623614737495000,1,0.49506874,0.06410003
1623614737563000,0,0.26000000,0.06410003
1623614737573000,0,0.61733940,0.06410003
1623614740087000,1,0.11846390,0.06409650
1623614741313000,1,0.11733470,0.06409650
1623614746456000,1,0.25927000,0.06409650
1623614747307000,1,0.00000014,0.06409650
1623614747307000,1,1.22999986,0.06408391
1623614747967000,1,0.26000000,0.06408391
1623614747967000,1,0.23506874,0.06408391
1623614748106000,1,1.23768000,0.06408002
1623614748189000,1,0.00000719,0.06408002
1623614757508000,1,0.49506874,0.06405156
1623614757508000,1,1.23768719,0.06405156
1623614757508000,1,3.21794407,0.06405155
1623614758003000,0,1.23768719,0.06405155
1623614758064000,1,0.49506000,0.06405154
1623614758203000,1,0.00000874,0.06405154
1623614758203000,1,0.49505126,0.06405154
1623614759258000,1,0.00001748,0.06405154
1623614759258000,1,0.49505252,0.06405154
1623614759974000,1,0.00001622,0.06405154
1623614759974000,1,0.00351064,0.06405153
1623614759977000,1,0.15000000,0.06400000
1623614759977000,1,0.02652739,0.06399386
1623614759977000,1,0.00352063,0.06398722
1623614759977000,1,0.80618434,0.06396692
1623614759977000,1,0.02087252,0.06396207
1623614759977000,1,2.01720000,0.06394877
1623614759977000,1,0.82729635,0.06394715
1623614761741000,1,0.00443508,0.06401951
1623614773538000,0,0.05000000,0.06403990
1623614773538000,0,2.33773369,0.06404073
1623614775915000,1,0.00352063,0.06398722
1623614775915000,1,0.04647937,0.06395487
1623614780313000,0,0.00351064,0.06400000
1623614780911000,0,0.04500000,0.06395488
1623614788405000,1,0.00352063,0.06395487
1623614788405000,1,0.19647937,0.06395487
1623614788641000,1,0.29704910,0.06395487
1623614788641000,1,1.23383645,0.06395487
1623614788641000,1,3.20814471,0.06395487
1623614808348000,0,0.13982000,0.06399694
1623614811362000,0,0.07000000,0.06400000
1623614812210000,0,0.00060936,0.06400000
1623614894692000,1,0.00352062,0.06392291
1623614894692000,1,0.00976892,0.06391020
1623614897673000,1,0.00352061,0.06385860
1623614897673000,1,0.00650736,0.06381095
1623614897673000,1,2.86657174,0.06380415
1623614897863000,0,0.05000000,0.06388784
1623614897863000,0,0.06000000,0.06390973
1623614897863000,0,1.28929984,0.06391871
1623614898431000,1,0.05000000,0.06382618
1623614898431000,1,0.00353060,0.06379429
1623614898431000,1,1.80000000,0.06378457
1623614898431000,1,1.40000000,0.06378457
1623614898431000,1,0.34646940,0.06378418
1623614898843000,1,0.06000000,0.06383416
1623614900242000,1,0.01570000,0.06376000
1623614900242000,1,0.01862295,0.06373203
1623614900242000,1,0.00353059,0.06372998
1623614920245000,0,0.00352500,0.06385285
1623614942155000,0,0.00317530,0.06381998
1623614957942000,1,0.00353058,0.06366567
1623614957942000,1,0.02379977,0.06364170
1623614969073000,0,0.00966000,0.06362938
1623614974003000,1,0.00354057,0.06360136
1623614981354000,0,0.00412300,0.06364000
1623614988347000,1,0.12003860,0.06364423
1623614989388000,1,0.11963420,0.06362141
1623615007890000,0,0.06000000,0.06377690
1623615011678000,0,1.05316000,0.06380482
1623615012171000,0,0.06000000,0.06380807
1623615012261000,0,2.01364000,0.06380807
1623615013965000,0,0.06000000,0.06382521
1623615018514000,1,0.00429900,0.06376000
1623615018514000,1,0.05570100,0.06375587
1623615028714000,0,0.06000000,0.06384334
1623615033355000,0,0.05000000,0.06387891
1623615040044000,1,0.05000000,0.06382149
1623615059874000,1,0.05000000,0.06380270
1623615059874000,1,0.08900000,0.06377618
1623615160389000,0,0.43588118,0.06390217
1623615166980000,1,0.44242654,0.06381002
1623615191913000,0,0.00395200,0.06384981
1623615234391000,1,0.00400000,0.06386000
1623615236679000,1,0.00037500,0.06386000
1623615283449000,0,0.00379800,0.06380000
1623615299877000,0,2.80000000,0.06383601
1623615307202000,0,5.10000000,0.06386780
1623615403635000,0,0.00353058,0.06395467
1623615403635000,0,0.00098142,0.06397250
1623615439288000,1,0.03000000,0.06383485
1623615439288000,1,0.03000000,0.06383427
1623615447489000,1,1.71716823,0.06385001
1623615447489000,1,0.17283177,0.06385000
1623615452524000,0,1.56430010,0.06386249
1623615464802000,1,0.00334100,0.06387000
1623615508072000,0,0.00449100,0.06392829
1623615578380000,0,1.60000000,0.06389455
1623615578819000,0,0.21900000,0.06388101
1623615579751000,0,0.10000000,0.06388100
1623615584381000,0,0.10000000,0.06388057
1623615584381000,0,1.60000000,0.06388058
1623615584450000,0,0.10000000,0.06388058
1623615584706000,0,0.10000000,0.06389146
1623615584706000,0,1.50000000,0.06389147
1623615584762000,0,0.10000000,0.06389147
1623615586915000,0,0.10000000,0.06389143
1623615589537000,0,0.10000000,0.06386822
1623615589537000,0,1.60000000,0.06386823
1623615589957000,0,0.10000000,0.06388400
1623615590181000,0,0.10000000,0.06388400
1623615590181000,0,1.60000000,0.06388401
1623615595613000,0,0.10000000,0.06388657
1623615595613000,0,1.60000000,0.06388658
1623615595613000,0,0.02000000,0.06392748
1623615595613000,0,0.04000000,0.06393293
1623615595613000,0,0.48853664,0.06393997
1623615595613000,0,2.80000000,0.06393998
1623615595613000,0,0.01000000,0.06394317
1623615595613000,0,0.48850787,0.06395208
1623615595613000,0,0.06000000,0.06395209
1623615595613000,0,3.17518140,0.06395719
1623615595613000,0,6.00000000,0.06395720
1623615595613000,0,1.00986073,0.06397204
1623615595613000,0,2.02036261,0.06397843
1623615595613000,0,2.02033637,0.06397957
1623615595613000,0,0.05250000,0.06398584
1623615595613000,0,0.79820537,0.06398671
1623615595613000,0,20.03198939,0.06400000
1623615595980000,0,0.10000000,0.06388657
1623615595980000,0,1.50000000,0.06388658
1623615596103000,0,0.10000000,0.06388657
1623615598677000,0,1.60000000,0.06390665
1623615599611000,0,0.10000000,0.06390664
1623615601603000,0,1.60000000,0.06391739
1623615604710000,0,0.10000000,0.06392485
1623615604710000,0,1.60000000,0.06392486
1623615611918000,0,0.10000000,0.06393455
1623615611918000,0,1.60000000,0.06393456
1623615613605000,0,0.10000000,0.06391836
1623615613605000,0,0.58177314,0.06391837
1623615614022000,0,0.10000000,0.06391835
1623615616885000,0,0.10000000,0.06393401
1623615616885000,0,1.60000000,0.06393402
1623615617735000,0,0.00468700,0.06391000
1623615617804000,0,0.10000000,0.06390999
1623615665536000,0,0.00471800,0.06392000
1623615673585000,0,0.10000000,0.06394523
1623615682009000,0,0.00844600,0.06398455
1623615942541000,1,0.00878600,0.06394051
1623616013223000,1,0.00503018,0.06397436
1623616013223000,1,0.19862809,0.06397000
1623616019254000,0,0.00450500,0.06401652
1623616021816000,0,1.00000000,0.06401652
1623616022978000,1,0.06644100,0.06397014
1623616066075000,1,1.80137000,0.06397000
1623616148064000,0,0.48000000,0.06399395
1623616164040000,1,0.00442100,0.06397015
1623616196834000,0,0.06510073,0.06404478
1623616196834000,0,0.48762292,0.06404479
1623616196834000,0,0.42549035,0.06404801
1623616196967000,0,0.79355185,0.06404801
1623616196967000,0,0.45711219,0.06406185
1623616215540000,0,0.00396700,0.06403517
1623616256773000,1,0.45711219,0.06399626
1623616256773000,1,2.80000000,0.06399625
1623616256773000,1,0.06000000,0.06398809
1623616256845000,0,1.68288781,0.06398809
1623616263224000,1,2.80000000,0.06400550
1623616263224000,1,2.20000000,0.06400550
1623616269919000,1,3.00000000,0.06400750
1623616307249000,0,10.00000000,0.06399770
1623616313397000,1,2.80000000,0.06398930
1623616316154000,0,7.20000000,0.06398930
1623616344287000,1,0.80000000,0.06402641
1623616363721000,0,0.00380104,0.06409388
1623616470485000,0,0.00352061,0.06414760
1623616499080000,1,0.00340000,0.06411703
1623616646969000,1,0.00399900,0.06412921
1623616715099000,1,2.41367370,0.06415650
1623616715099000,1,2.80000000,0.06415649
1623616715099000,1,30.30100000,0.06415000
1623616715099000,1,63.08650000,0.06414718
1623616715099000,1,1.85850000,0.06414207
1623616715099000,1,6.95032630,0.06414157
1623616739046000,0,0.00353059,0.06425698
1623616756910000,1,0.00493800,0.06425321
1623616783493000,0,0.00351064,0.06434053
1623616783493000,0,0.00351064,0.06434053
1623616805560000,1,0.06000000,0.06424186
1623616805560000,1,0.71700000,0.06424186
1623616833659000,0,0.00505158,0.06437270
1623616838161000,0,0.00352062,0.06444991
1623616838161000,0,0.48362610,0.06446606
1623616838161000,0,1.20285328,0.06446606
1623616838627000,0,0.00619722,0.06446606
1623616838942000,1,0.12036025,0.06443000
1623616841492000,1,0.10000000,0.06445001
1623616841492000,1,2.75579538,0.06445000
1623616857367000,0,0.66137324,0.06438530
1623616857583000,0,0.17221000,0.06438530
1623616859782000,0,0.00000474,0.06438530
1623616860592000,1,0.10001300,0.06436012
1623616860793000,1,0.01680700,0.06436012
1623616860916000,1,0.00314200,0.06436012
1623616882420000,0,0.16703805,0.06443400
1623616901858000,1,0.00394100,0.06440000
1623616932173000,0,0.14000000,0.06445001
1623616934632000,0,2.71579000,0.06445001
1623616937693000,0,0.00000531,0.06445001
1623616953213000,0,0.00350067,0.06453346
1623616984111000,0,0.00378018,0.06456573
1623617066862000,1,0.00353100,0.06462000
1623617234973000,1,0.10000000,0.06461580
1623617238470000,1,0.10000000,0.06459507
1623617249790000,0,0.00356900,0.06461000
1623617256401000,1,0.10000000,0.06459748
1623617272572000,1,0.00443600,0.06460021
1623617274341000,0,0.00351065,0.06464284
1623617320062000,1,0.00770900,0.06463626
1623617382537000,1,0.99000000,0.06465339
1623617383389000,1,0.26000000,0.06465340
1623617383703000,1,0.82078525,0.06465340
1623617425347000,1,4.50000000,0.06452260
1623617457605000,0,0.00367900,0.06450000
1623617524463000,0,0.00420100,0.06461748
1623617594400000,1,0.00345200,0.06472000
1623617599870000,1,0.35000000,0.06464514
1623617616889000,1,0.10000000,0.06462195
1623617630096000,0,0.02025978,0.06466802
1623617678358000,1,0.80610000,0.06452081
1623617762207000,0,0.07361777,0.06455260
1623617791351000,0,1.19397019,0.06442678
1623617825794000,0,1.70660536,0.06439692
1623617831772000,0,0.00700000,0.06434000
1623617844167000,0,0.00009400,0.06434000
1623617844272000,1,0.17995500,0.06433361
1623617897399000,0,0.00900000,0.06433000
1623617907434000,1,0.00378899,0.06430144
1623617917835000,1,0.00350067,0.06424446
1623617927080000,1,0.00850700,0.06422939
1623617927310000,0,0.00711800,0.06427745
1623617936722000,1,0.02427384,0.06418788
1623618045248000,0,1.19618329,0.06451088
1623618045248000,0,0.47847332,0.06451088
1623618045248000,0,3.10534339,0.06451088
1623618045271000,0,0.00473316,0.06451088
1623618053892000,0,0.00350067,0.06453346
1623618062135000,0,0.00378018,0.06456573
1623618080052000,0,0.04000000,0.06469413
1623618083278000,0,0.06000000,0.06470998
1623618115363000,0,0.00682300,0.06464000
1623618128132000,1,0.00500000,0.06472000
1623618143826000,0,2.84000000,0.06463000
1623618154948000,0,0.00184100,0.06463000
1623618154948000,0,0.00566200,0.06464000
1623618154948000,0,0.00407600,0.06465000
1623618154948000,0,0.04842100,0.06467243
1623618155030000,0,0.00157900,0.06467243
1623618241405000,0,0.00349070,0.06472639
1623618306798000,0,0.00314370,0.06474233
1623618315352000,0,0.02000000,0.06477867
1623618315383000,0,0.00379977,0.06477867
1623618385769000,0,7.16525656,0.06481763
1623618385769000,0,0.10474344,0.06481764
1623618390386000,0,0.00354057,0.06483036
1623618390386000,0,0.40207600,0.06483576
1623618393941000,0,0.00350068,0.06483577
1623618394096000,0,0.04000000,0.06486833
1623618407826000,1,0.18000000,0.06478001
1623618407844000,1,4.02000000,0.06478001
1623618422876000,1,0.07000000,0.06476017
1623618443603000,1,0.06000000,0.06474765
1623618444286000,1,0.06000000,0.06473672
1623618509120000,1,0.55391374,0.06456130
1623618515153000,1,0.19720100,0.06456127
1623618556677000,0,0.00471400,0.06469314
1623618578461000,1,0.02020100,0.06463005
1623618578671000,1,0.03878700,0.06463005
1623618644998000,0,0.05364800,0.06463000
1623618663388000,1,0.80932300,0.06467206
1623618664039000,0,0.05002872,0.06469940
1623618746236000,0,0.00320000,0.06478617
1623618767080000,1,0.00350300,0.06474337
1623618846438000,1,0.00309900,0.06481368
1623618871856000,0,0.60551732,0.06481310
1623618882088000,1,0.01000000,0.06472090
1623618897533000,0,0.00410000,0.06479813
1623618953634000,1,0.00490500,0.06483575
1623618987914000,0,0.00348073,0.06491932
1623618990664000,1,0.00444600,0.06491466
1623619072339000,1,0.10000000,0.06489121
1623619140157000,1,0.00122100,0.06487749
1623619203125000,0,0.06000000,0.06490000
1623619203127000,0,0.00500500,0.06490000
1623619367047000,1,0.00467200,0.06488603
1623619368280000,1,0.00850000,0.06488603
1623619411133000,0,0.00376352,0.06494712
1623619463499000,0,14.83860000,0.06498369
1623619463499000,0,2.80000000,0.06499369
1623619463499000,0,0.47962815,0.06500018
1623619463499000,0,1.19905591,0.06500018
1623619463499000,0,0.01672922,0.06500019
1623619463499000,0,0.02000000,0.06500180
1623619463499000,0,0.98944702,0.06500546
1623619463499000,0,0.10000000,0.06500581
1623619463499000,0,0.03000000,0.06501109
1623619463499000,0,3.11722812,0.06501815
1623619463499000,0,0.02000000,0.06501816
1623619463499000,0,17.33855259,0.06502000
1623619491287000,0,0.00572000,0.06500673
1623619503929000,1,0.06000000,0.06493818
1623619506814000,0,0.00452700,0.06497970
1623619592252000,1,0.31620000,0.06489597
1623619622196000,0,0.00402300,0.06491000
1623619635453000,1,0.00472300,0.06496000
1623619638027000,1,0.00646200,0.06491001
1623619663956000,1,0.00566100,0.06499904
1623619689947000,0,0.00353060,0.06502329
1623619689947000,0,0.00349071,0.06502870
1623619715616000,1,0.00330700,0.06505001
1623619731069000,0,0.00961900,0.06506581
1623619761470000,1,0.00573300,0.06496236
1623619844546000,0,0.65000000,0.06500000
1623619876387000,0,0.00644400,0.06500000
1623619877395000,0,0.00410400,0.06503000
1623619968831000,0,0.02000000,0.06508000
1623619969151000,1,0.00713600,0.06505088
1623619969269000,0,0.00302300,0.06508000
1623619975973000,0,0.00347076,0.06511225
1623620009497000,0,0.00359600,0.06514480
1623620134743000,1,0.00386300,0.06504644
1623620150091000,1,0.00975600,0.06506602
1623620224026000,1,0.02494038,0.06485098
1623620228547000,1,0.01600000,0.06485098
1623620265589000,0,0.18400000,0.06494939
1623620298863000,0,0.00400000,0.06501000
1623620301556000,0,0.00060000,0.06501000
1623620306750000,0,0.10000000,0.06506666
1623620306829000,1,1.15443000,0.06506918
1623620367517000,1,0.98129737,0.06504546
1623620367517000,1,0.10000000,0.06504515
1623620367517000,1,0.92954237,0.06503178
1623620395606000,0,0.10000000,0.06507890
1623620395606000,0,0.47582585,0.06507895
1623620395606000,0,0.42417415,0.06507897
1623620410785000,1,0.98000000,0.06497614
1623620488820000,1,0.00494017,0.06498116
1623620575924000,1,0.00964600,0.06489995
1623620591718000,1,0.00442600,0.06493939
1623620653118000,0,0.07200000,0.06490000
1623620654332000,0,0.15777200,0.06490000
1623620680659000,1,0.00616100,0.06500000
1623620680659000,1,0.00583900,0.06500000
1623620684790000,1,0.00105600,0.06500000
1623620713472000,1,0.98000000,0.06489712
1623620716984000,0,0.00419100,0.06494877
1623620754586000,1,0.25000000,0.06489013
1623620754607000,1,0.73539682,0.06489013
1623620841845000,1,0.00347076,0.06482325
1623620842140000,0,0.10000000,0.06480200
1623620842140000,0,0.87605277,0.06480201
1623620919087000,1,1.93000000,0.06474748
1623620919215000,1,0.00760080,0.06474748
1623620953282000,0,0.00097800,0.06477000
1623621039524000,0,0.00360000,0.06476000
1623621056644000,0,0.00583200,0.06481662
1623621130393000,1,1.11691345,0.06471513
1623621130393000,1,0.47880044,0.06471512
1623621130393000,1,0.47880044,0.06471512
1623621130393000,1,0.00314234,0.06471511
1623621130794000,1,0.24800000,0.06470001
1623621130989000,1,0.47898677,0.06470001
1623621130989000,1,0.47101323,0.06469093
1623621131796000,0,0.10000000,0.06471511
1623621131796000,0,0.05200000,0.06471512
1623621132597000,0,0.10000000,0.06471511
1623621132597000,0,0.05200000,0.06471512
1623621133188000,0,1.96668045,0.06472434
1623621162224000,1,0.00527900,0.06468623
1623621250759000,1,0.00368500,0.06476000
1623621321646000,0,0.00814700,0.06481999
1623621338390000,0,0.10000000,0.06484288
1623621338390000,0,0.06000000,0.06484289
1623621338390000,0,2.92041621,0.06484878
1623621349938000,1,0.99000000,0.06478005
1623621415239000,0,0.00546600,0.06483047
1623621424447000,0,0.00315200,0.06483727
1623621604621000,1,0.00345200,0.06481946
1623621811248000,1,0.00383200,0.06484110
1623621856681000,1,0.00390400,0.06492000
1623621898235000,1,0.47000000,0.06482152
1623621931886000,1,0.47860095,0.06482860
1623621982695000,1,0.00441500,0.06478005
1623622105567000,0,0.00500000,0.06480000
1623622105807000,0,0.00097600,0.06480000
1623622201905000,1,0.00359600,0.06479519
1623622271377000,0,0.00749400,0.06486728
1623622291572000,0,0.00390200,0.06487295
1623622299003000,1,0.00535700,0.06481499
1623622349448000,0,0.00679100,0.06485359
1623622561200000,1,0.00500000,0.06496000
1623622569793000,1,0.00020700,0.06496000
1623622621873000,0,2.80000000,0.06495214
1623622621873000,0,0.27548600,0.06495538
1623622707513000,1,0.00325000,0.06492242
1623622853421000,1,0.00652900,0.06484002
1623622933556000,0,0.00377100,0.06489151
1623622956085000,1,0.00388000,0.06482108
1623623024050000,0,0.00900000,0.06479000
1623623024581000,0,0.00076100,0.06479000
1623623160153000,1,0.00398700,0.06476471
1623623160308000,1,0.00359700,0.06476471
1623623271030000,1,0.00814300,0.06471094
1623623285879000,1,0.00490400,0.06470979
1623623350522000,1,0.10000000,0.06463038
1623623350522000,1,1.58190000,0.06463037
1623623546219000,1,0.00351900,0.06468354
1623623628593000,0,0.00358986,0.06475341
1623623764483000,1,0.00497000,0.06473738
1623623896865000,1,0.04000000,0.06475247
1623623896865000,1,0.01000000,0.06475005
1623623962150000,1,0.99000000,0.06473574
1623624016576000,1,1.58000000,0.06468001
1623624017526000,1,0.78496309,0.06465921
1623624024114000,1,0.39728020,0.06463356
1623624075533000,0,0.01616753,0.06472354
1623624299304000,1,2.80000000,0.06474796
1623624317716000,0,0.00489900,0.06473000
1623624332916000,0,0.00450900,0.06479365
1623624379539000,1,0.00372000,0.06471001
1623624395432000,1,0.00979500,0.06470199
1623624442911000,0,0.00455500,0.06470000
1623624522081000,0,0.10000000,0.06473426
1623624522081000,0,0.31710085,0.06473427
1623624617208000,1,0.99000000,0.06474347
1623624631909000,0,0.60000000,0.06475000
1623624662285000,1,0.99000000,0.06475312
1623624670704000,1,0.00540000,0.06472969
1623624692340000,0,0.00688700,0.06476304
1623624737718000,1,0.10000000,0.06471002
1623624737718000,1,0.00149048,0.06471001
1623624798246000,1,0.00794900,0.06475049
1623624814464000,0,0.00467800,0.06482496
1623624880207000,1,0.00685200,0.06476392
1623624920485000,0,0.02716785,0.06482401
1623624942766000,0,0.00309500,0.06482725
1623625088067000,1,0.00417900,0.06476649
1623625197103000,1,0.00492000,0.06477896
1623625353610000,1,0.00348073,0.06463032
1623625434075000,1,0.00349071,0.06450170
1623625434353000,0,0.00101829,0.06449000
1623625435731000,1,0.00900000,0.06447853
1623625581355000,1,0.00717500,0.06454403
1623625598681000,1,0.00321100,0.06461000
1623625613085000,0,0.00380600,0.06460246
1623625694178000,0,0.00400000,0.06455000
1623625694335000,0,0.00043900,0.06455000
1623625816055000,0,0.25600000,0.06446000
1623625816155000,0,0.27715000,0.06446000
1623625817361000,0,0.00000700,0.06446000
1623625892850000,1,0.00500000,0.06444629
1623625914256000,1,0.00004346,0.06444629
1623625916111000,1,0.00349070,0.06443739
1623625943049000,0,0.00354200,0.06437000
1623625984025000,0,0.00467300,0.06438515
1623626015082000,0,0.18813700,0.06439000
1623626040374000,0,0.00354200,0.06446348
1623626174209000,1,0.99000000,0.06449063
1623626365829000,1,0.00987900,0.06436350
1623626389205000,1,0.00700000,0.06443000
1623626394786000,1,0.00019400,0.06443000
1623626518588000,1,0.00858700,0.06433430
1623626740618000,1,0.00404100,0.06432393
1623627074934000,1,0.00495700,0.06446501
1623627130748000,1,0.00910900,0.06443369
1623627151730000,1,0.00986000,0.06444985
1623627200660000,0,0.00363800,0.06449863
1623627234434000,1,1.28178798,0.06443813
1623627234434000,1,2.79821202,0.06443812
1623627247808000,1,0.00592600,0.06441787
1623627304655000,0,0.00400000,0.06438000
1623627304733000,0,0.00095900,0.06438000
1623627516643000,1,0.00899100,0.06431381
1623627750060000,0,0.00321800,0.06436017
1623627812514000,1,0.00431300,0.06431176
1623627872901000,1,0.00350068,0.06430877
1623627955599000,1,0.00022600,0.06434000
1623627980159000,1,0.00315821,0.06428165
1623627982740000,0,0.00092979,0.06426000
1623628066332000,1,0.04700000,0.06427017
1623628151613000,0,0.00313400,0.06436970
1623628176267000,0,0.00408800,0.06433988
1623628215907000,1,0.00370100,0.06434000
1623628216825000,0,0.01114692,0.06434019
1623628236871000,0,0.00929800,0.06434900
1623628267103000,1,0.01114692,0.06428883
1623628297916000,1,2.80000000,0.06427326
1623628402102000,1,0.99869021,0.06427250
1623628426062000,1,0.00575200,0.06425491
1623628456618000,1,0.00350067,0.06424446
1623628456618000,1,1.09649933,0.06422024
1623628690395000,1,0.99640000,0.06413053
1623628715185000,1,0.00000345,0.06413053
1623628715270000,0,0.00800000,0.06412000
1623628722746000,0,0.00043255,0.06412000
1623628780980000,1,0.00333800,0.06425000
1623628804591000,1,30.38000000,0.06428000
1623628963955000,1,0.03414598,0.06434591
1623629190662000,0,0.78718234,0.06432357
1623629236734000,1,0.00369800,0.06434900
1623629246997000,1,0.00508800,0.06434899
1623629277645000,1,0.00462600,0.06433014
1623629300071000,0,0.00744100,0.06431000
1623629319734000,0,0.00353800,0.06429000
1623629341014000,1,0.00432800,0.06428000
1623629399341000,1,0.00327700,0.06432066
1623629485954000,1,0.00400000,0.06429000
1623629506549000,1,0.00053700,0.06429000
1623629506549000,1,0.00346300,0.06429000
1623629556165000,1,0.00128800,0.06429000
1623629586723000,1,0.48564609,0.06414001
1623629660639000,0,0.00409100,0.06414855
1623629743673000,1,0.00351065,0.06411584
1623629743673000,1,0.00316463,0.06410794
1623629743930000,0,0.00800000,0.06407121
1623629743939000,0,1.04510472,0.06407121
1623629859291000,0,0.00380200,0.06413717
1623630047175000,1,0.00463800,0.06410873
1623630081390000,1,0.00312500,0.06415919
1623630088660000,0,0.00476200,0.06422348
1623630215359000,1,0.00449800,0.06412692
1623630354299000,1,0.00666100,0.06416175
1623630544409000,0,0.00362900,0.06412119
1623630613488000,0,0.00988700,0.06407000
1623630614746000,0,0.05000000,0.06414104
1623630747788000,1,0.00360000,0.06410000
1623630914696000,1,0.00351064,0.06405153
1623630914696000,1,0.00141936,0.06399993
1623631035885000,1,0.00524300,0.06397580
1623631076309000,1,0.00370600,0.06397001
1623631231318000,1,0.00832300,0.06398488
1623631552199000,1,0.00000191,0.06397000
1623631586816000,1,0.00317093,0.06393802
1623631586816000,1,0.00352062,0.06392291
1623631720227000,1,0.00352061,0.06385860
1623631739237000,1,0.99957558,0.06383215
1623631762031000,1,0.10000000,0.06382149
1623631762031000,1,0.99930669,0.06382148
1623631762031000,1,1.93604436,0.06381696
1623631768931000,1,0.99936601,0.06380475
1623631768931000,1,0.09063399,0.06380378
1623631770574000,1,0.99936601,0.06380475
1623631770574000,1,0.10000000,0.06380005
1623631770574000,1,0.00353060,0.06379429
1623631770574000,1,1.99889391,0.06379088
1623631770574000,1,74.97525826,0.06379000
1623631773603000,1,0.99936601,0.06380475
1623631773603000,1,0.07801268,0.06380383
1623631795881000,1,0.99879413,0.06376707
1623631795881000,1,0.07802412,0.06376588
1623631819396000,1,0.00381425,0.06373400
1623631819396000,1,0.00338369,0.06372998
1623632089864000,1,0.00400100,0.06381617
1623632213573000,0,0.00734900,0.06386000
1623632292592000,0,0.00313300,0.06389186
1623632882808000,1,0.00600000,0.06391000
1623632895310000,1,0.25400000,0.06391001
1623632895345000,1,0.00073700,0.06391000
1623632995807000,1,0.00428400,0.06380688
1623633040152000,1,0.00475500,0.06388000
1623633154384000,0,0.00475400,0.06385505
1623633277295000,1,0.00475400,0.06376532
1623633335759000,0,0.00317444,0.06380648
1623633564233000,0,0.00311689,0.06384558
1623633693586000,0,0.00311561,0.06387186
1623634012833000,1,0.00462000,0.06374172
1623634024379000,0,1.00118697,0.06378228
1623634024426000,0,1.19614085,0.06378228
1623634024500000,0,0.40771830,0.06378228
1623634024522000,0,0.19495388,0.06378228
1623634105765000,1,0.00014690,0.06372998
1623634150123000,1,0.10000000,0.06367099
1623634174957000,1,0.00353058,0.06366567
1623634174957000,1,0.01646942,0.06364170
1623634210409000,1,0.00733035,0.06364170
1623634308894000,1,0.00354057,0.06360136
1623634312328000,1,0.00354056,0.06353705
1623634312328000,1,0.10000000,0.06350000
1623634312328000,1,6.96842157,0.06350000
1623634312771000,1,1.00000000,0.06349700
1623634317357000,1,0.00891670,0.06349547
1623634317357000,1,0.00354055,0.06347274
1623634318254000,1,0.79081000,0.06346787
1623634319261000,1,0.78726000,0.06346787
1623634319349000,1,0.22193000,0.06346787
1623634319349000,1,1.40000000,0.06346787
1623634359911000,0,0.00379600,0.06359352
1623634365239000,0,0.00952400,0.06359353
1623634368395000,1,0.99000000,0.06351957
1623634380470000,1,0.00574152,0.06343614
1623634381030000,0,0.00380800,0.06348988
1623634465889000,0,0.30000000,0.06342000
1623634523850000,1,0.00355054,0.06340843
1623634542152000,1,0.00355053,0.06334412
1623634542152000,1,0.78916947,0.06330424
1623634560570000,0,0.00570200,0.06331684
1623634573192000,0,0.09346110,0.06339705
1623634573200000,0,1.58653818,0.06339705
1623634581326000,0,0.06000000,0.06347671
1623634581326000,0,2.80000000,0.06348130
1623634581326000,0,1.20085766,0.06349001
1623634581326000,0,0.48034306,0.06349001
1623634581326000,0,0.06000000,0.06349002
1623634581326000,0,7.16525656,0.06349878
1623634581326000,0,1.86650000,0.06349880
1623634581326000,0,23.72060000,0.06350000
1623634581326000,0,3.12222990,0.06351859
1623634581326000,0,0.05000000,0.06351860
1623634581326000,0,0.80238547,0.06356647
1623634581326000,0,1.20434974,0.06357522
1623634581326000,0,0.80197849,0.06359112
1623634581326000,0,0.79912673,0.06360101
1623634581326000,0,0.99150219,0.06360815
1623634584379000,0,1.40039099,0.06351859
1623634631801000,1,0.10000000,0.06335044
1623634641838000,0,0.00499000,0.06338078
1623634675134000,1,3.00000000,0.06331000
1623634698513000,1,7.16525656,0.06331001
1623634698513000,1,31.60474344,0.06331000
1623634711302000,1,0.99000000,0.06328912
1623634735306000,1,0.00356052,0.06327981
1623634735306000,1,0.04643948,0.06326124
1623634735582000,1,0.00356052,0.06326124
1623634735582000,1,0.02000000,0.06325642
1623634735582000,1,0.91643948,0.06324913
1623634735587000,1,0.07665281,0.06324913
1623634866153000,1,0.00346300,0.06334000
1623634907239000,0,0.02343327,0.06339951
1623635012668000,0,0.04000000,0.06343234
1623635012668000,0,0.01000000,0.06343437
1623635012668000,0,0.48211226,0.06344793
1623635012668000,0,0.48211226,0.06344848
1623635012668000,0,0.06000000,0.06344849
1623635012668000,0,0.79003809,0.06345143
1623635012668000,0,5.80000000,0.06346450
1623635012668000,0,3.13352541,0.06346584
1623635012886000,0,0.04000000,0.06343233
1623635014937000,0,0.43818631,0.06349223
1623635015021000,0,0.22000000,0.06349223
1623635017197000,1,0.10000000,0.06348472
1623635017197000,1,3.20000000,0.06348471
1623635017197000,1,0.48110772,0.06347233
1623635017197000,1,0.56889228,0.06347233
1623635024604000,0,2.07311576,0.06348005
1623635034868000,1,0.00551300,0.06342953
1623635044136000,0,2.80000000,0.06354852
1623635068812000,0,0.00356052,0.06356881
1623635132911000,0,0.27670000,0.06361081
1623635162175000,1,0.00318435,0.06366261
1623635243751000,1,0.02000000,0.06357215
1623635243751000,1,0.03000000,0.06356987
1623635243751000,1,2.00272233,0.06355644
1623635243751000,1,0.04000000,0.06355589
1623635372396000,1,29.99000000,0.06368000
1623635495548000,0,0.00949500,0.06369103
1623635571114000,0,0.00339600,0.06362000
1623635729261000,0,0.00354055,0.06376174
1623635769762000,0,0.00343200,0.06380000
1623635900452000,0,0.00317727,0.06383190
1623635901577000,0,0.00355053,0.06387112
1623635901577000,0,0.03000000,0.06388309
1623635901577000,0,0.04000000,0.06388563
1623635952011000,0,0.00603000,0.06381000
1623635996702000,0,7.13232829,0.06386694
1623635996702000,0,0.86767171,0.06386695
1623636016369000,1,0.00337900,0.06378554
1623636024210000,1,2.80000000,0.06382020
1623636024352000,1,0.99826379,0.06381701
1623636024352000,1,1.99633661,0.06380813
1623636024514000,1,0.05000000,0.06382803
1623636024514000,1,0.99826379,0.06381701
1623636024514000,1,2.80000000,0.06379835
1623636027212000,0,0.89151442,0.06385681
1623636068408000,0,0.00493600,0.06379000
1623636180742000,0,0.00471300,0.06385453
1623636366694000,0,0.00472100,0.06393852
1623636437613000,1,0.00400000,0.06394000
1623636484078000,0,0.00378600,0.06393000
1623636533874000,0,0.00353058,0.06395467
1623636614102000,0,0.00473500,0.06397641
1623636634354000,0,0.00317150,0.06398665
1623636841972000,0,0.00400000,0.06401000
1623636842633000,0,0.00078400,0.06401000
1623636859134000,0,0.00354056,0.06406405
1623636859134000,0,0.00051744,0.06407331
1623636931705000,0,0.00945500,0.06404000
1623637195508000,1,0.02000000,0.06405277
1623637195508000,1,0.48479795,0.06403933
1623637195508000,1,1.21188183,0.06403933
1623637386106000,0,0.00352061,0.06414760
1623637386418000,0,2.80000000,0.06417346
1623637386418000,0,18.72192772,0.06418363
1623637395722000,1,0.00120339,0.06415000
1623637409903000,1,2.80000000,0.06408587
1623637473303000,1,0.06000000,0.06405655
1623637591351000,1,0.00667900,0.06398657
1623637632031000,0,0.00551600,0.06401000
1623637693847000,0,0.00316900,0.06401947
1623637751752000,0,0.00454400,0.06402000
1623637808557000,0,0.00945500,0.06404791
1623637916180000,0,0.00473300,0.06409687
1623637997404000,1,0.00438600,0.06402443
1623638151782000,1,0.00322600,0.06411000
1623638202143000,0,0.00474200,0.06410931
1623638285130000,1,0.00400000,0.06410000
1623638301928000,1,0.00074000,0.06410000
1623638590469000,0,0.00385500,0.06406808
1623638732544000,0,0.00474300,0.06406244
1623638771365000,1,2.80000000,0.06401153
1623638771365000,1,0.92421734,0.06401102
1623638794253000,0,0.00474500,0.06404771
1623638824640000,1,2.74400000,0.06401526
1623638854918000,0,0.00664200,0.06404148
1623638894781000,0,0.00949100,0.06406764
1623639059919000,1,0.10000000,0.06404739
1623639059919000,1,1.00059698,0.06404615
1623639059919000,1,2.80000000,0.06404372
1623639117140000,0,0.00423300,0.06409227
1623639561879000,0,0.00319800,0.06411329
1623639626705000,1,0.00400000,0.06412000
1623639732284000,0,0.00474000,0.06415180
1623639834348000,0,0.00665900,0.06415168
1623639954047000,0,0.00369900,0.06414247
1623639984318000,0,0.00340000,0.06406000
1623640079153000,1,1.00180000,0.06408342
1623640158545000,0,0.00635400,0.06413439
1623640158744000,1,0.00312900,0.06413000
1623640198965000,0,0.00664000,0.06413440
1623640382892000,0,0.00327700,0.06409581
1623640667319000,0,0.00475900,0.06398360
1623640729487000,1,0.00400000,0.06401000
1623640754110000,1,0.00098700,0.06401000
1623640893088000,0,0.00523100,0.06395302
1623640974323000,0,0.00475300,0.06396302
1623641055972000,0,0.00785800,0.06399216
1623641198881000,0,0.00416500,0.06396199
1623641236860000,1,0.00352061,0.06385860
1623641239327000,0,0.00427200,0.06387681
1623641416383000,0,3.45000000,0.06375070
1623641416929000,0,0.75000000,0.06375070
1623641468662000,1,0.00381493,0.06371882
1623641468662000,1,0.05618507,0.06371231
1623641728418000,0,0.00916000,0.06385747
1623641800344000,0,2.80000000,0.06383127
1623641899399000,1,2.39830000,0.06384020
1623641902737000,0,0.00800000,0.06382000
1623641902789000,0,0.00048700,0.06382000
1623641956663000,0,0.00333000,0.06381251
1623641961860000,0,0.00422500,0.06381251
1623642054187000,1,0.00335900,0.06369398
1623642240456000,0,0.00953900,0.06372296
1623642282758000,1,0.00400000,0.06371000
1623642299556000,1,0.00016700,0.06371000
1623642332347000,1,0.00400000,0.06372000
1623642361981000,1,0.00077200,0.06372000
1623642410649000,1,0.00353058,0.06366567
1623642410649000,1,0.00578242,0.06366153
1623642501929000,1,0.00435600,0.06362902
1623642735604000,0,0.01200000,0.06371000
1623642776254000,0,0.05890300,0.06371000
1623642778872000,0,2.59145000,0.06373141
1623642779389000,0,0.00000464,0.06373141
1623642785644000,1,0.00589400,0.06371001
1623643013625000,0,0.00399000,0.06357000
1623643023349000,0,0.00443200,0.06360497
1623643029136000,0,0.00988300,0.06360177
1623643093879000,0,0.00472600,0.06358000
1623643301951000,0,0.00956700,0.06361940
1623643335082000,1,1.00000000,0.06360776
1623643369766000,0,0.00956700,0.06367458
1623643370160000,1,0.00478400,0.06368000
1623643409434000,1,0.00370000,0.06363942
1623643412538000,0,0.00607800,0.06368244
1623643440558000,1,1.00000000,0.06363877
1623643563237000,1,0.00960900,0.06357725
1623643649450000,0,0.00955900,0.06364682
1623643735846000,0,0.00956200,0.06366085
1623643774555000,0,0.00448200,0.06364809
1623643991421000,1,0.00501200,0.06361941
1623644024277000,0,0.00478200,0.06365980
1623644041443000,1,5.25000000,0.06363628
1623644041464000,1,0.87417824,0.06363628
1623644124187000,0,0.00409700,0.06361000
1623644332594000,1,0.00574200,0.06364000
1623644332594000,1,1.00425800,0.06359311
1623644342488000,1,0.00354056,0.06353705
1623644342488000,1,0.00354055,0.06347274
1623644380047000,1,0.00578900,0.06353033
1623644442497000,0,0.00483500,0.06354630
1623644480193000,1,0.00400000,0.06349856
1623644480418000,1,0.00046233,0.06349856
1623644513906000,1,0.10000000,0.06342108
1623644513906000,1,4.37754256,0.06340641
1623644513906000,1,15.06620000,0.06340640
1623644513906000,1,1.21646930,0.06339718
1623644513906000,1,0.48656327,0.06339718
1623644513906000,1,0.27515259,0.06339717
1623644545935000,0,0.00500000,0.06343412
1623644567659000,1,0.00345300,0.06337647
1623644655331000,0,0.00400000,0.06343000
1623644741272000,0,0.00476700,0.06346704
1623644882446000,1,0.00371200,0.06339556
1623645081527000,1,0.00383000,0.06341000
1623645081527000,1,0.10000000,0.06338657
1623645081527000,1,1.00722766,0.06337479
1623645081527000,1,0.48708026,0.06336061
1623645081527000,1,0.48709716,0.06336061
1623645081527000,1,0.26798039,0.06336060
1623645081527000,1,4.44927642,0.06336000
1623645221943000,1,0.00493600,0.06337993
1623645371679000,1,0.00355053,0.06334412
1623645371679000,1,0.10000000,0.06334187
1623645371679000,1,0.99416331,0.06332983
1623645435654000,1,0.00319380,0.06332832
1623645519976000,0,0.00347000,0.06328162
1623645524715000,0,0.00391100,0.06327982
1623645533023000,1,0.00356052,0.06327981
1623645606223000,1,1.00772207,0.06327617
1623645606223000,1,0.23269793,0.06326390
1623645630110000,1,0.00368400,0.06322719
1623645729743000,1,0.00359800,0.06336000
1623645782001000,1,0.00500000,0.06332000
1623645782133000,1,0.00006500,0.06332000
1623645828480000,1,0.00903500,0.06322718
1623645832836000,1,0.00083945,0.06322718
1623645832836000,1,0.00356051,0.06321550
1623645834685000,1,1.80000000,0.06315274
1623645834685000,1,1.40000000,0.06315274
1623645886787000,0,0.00447400,0.06320896
1623645956191000,1,0.00623100,0.06320140
1623645975607000,1,0.00876500,0.06320409
1623646012882000,1,0.00447400,0.06323328
1623646086135000,1,0.00800000,0.06328000
1623646088612000,1,0.00045800,0.06328000
1623646126558000,1,0.00400000,0.06320000
1623646180858000,1,0.00580100,0.06321435
1623646379155000,0,0.00456100,0.06335262
1623646452805000,0,0.00474300,0.06336435
1623646488287000,0,0.00425500,0.06336737
1623646499395000,0,0.19487900,0.06336737
1623646502955000,0,0.01700000,0.06336737
1623646517049000,0,1.68386600,0.06336737
1623646609002000,0,0.14446604,0.06340200
1623646613053000,0,0.04793596,0.06340200
1623646623191000,1,0.00379300,0.06341000
1623646623191000,1,0.00563500,0.06341000
1623646693981000,1,0.00481500,0.06341000
1623646693981000,1,0.00218500,0.06341000
1623646745373000,1,0.00154100,0.06341000
1623646745373000,1,0.10845900,0.06341000
1623646745373000,1,0.00185088,0.06341000
1623646826154000,1,0.00500000,0.06337000
1623646839494000,1,0.00097800,0.06337000
1623646933779000,1,0.00500900,0.06337189
1623646967464000,0,0.50000000,0.06343040
1623646972740000,1,0.16547848,0.06341014
1623646998863000,0,0.00394700,0.06342000
1623647004407000,0,0.00800000,0.06342000
1623647008411000,0,0.00050000,0.06342000
1623647031114000,0,0.00379000,0.06346734
1623647278340000,0,0.00474600,0.06346998
1623647300588000,1,0.00474600,0.06341241
1623647347233000,1,0.00900000,0.06347000
1623647362719000,1,0.00047800,0.06347000
1623647362719000,1,0.00323900,0.06347000
1623647395763000,1,0.00400900,0.06344214
1623647420459000,1,0.00498300,0.06341746
1623647503970000,1,0.00900000,0.06344466
1623647527495000,1,0.00341500,0.06349000
1623647676771000,1,0.00446900,0.06334512
1623647739749000,0,0.00985500,0.06335682
1623647848650000,1,0.00634200,0.06337163
1623647930300000,0,0.00472100,0.06342541
1623647992263000,1,0.00392900,0.06337512
1623648014265000,0,0.00490100,0.06343452
1623648288804000,1,0.00317800,0.06331656
1623648460572000,0,0.00369400,0.06335000
1623648475888000,0,0.06000000,0.06340807
1623648475888000,0,0.09690627,0.06341969
1623648651868000,1,0.00420100,0.06324790
1623648818621000,0,0.00395000,0.06330887
1623648822734000,0,0.00950800,0.06330887
1623648880546000,0,0.00580100,0.06340654
1623648949269000,1,0.24700000,0.06349694
1623648949275000,1,3.90000000,0.06349694
1623648949296000,1,5.56690148,0.06349694
1623648949387000,1,0.93683204,0.06347058
1623648964020000,1,0.00343200,0.06344653
1623648975105000,0,0.05000000,0.06352750
1623648975269000,0,0.25190050,0.06353516
1623649031585000,0,0.00463900,0.06355893
1623649130439000,1,0.00121100,0.06348660
1623649172838000,0,0.00318719,0.06356693
1623649172838000,0,0.00154681,0.06356881
1623649184274000,0,0.00201371,0.06356881
1623649184274000,0,0.49798629,0.06359506
1623649184373000,0,0.00201371,0.06359506
1623649206587000,0,0.15199896,0.06362642
1623649215808000,1,0.00438800,0.06363000
1623649322929000,1,0.00473200,0.06366000
1623649372524000,0,0.00331800,0.06363971
1623649372646000,0,0.00383300,0.06363971
1623649439654000,0,0.00360900,0.06359768
1623649505924000,1,0.00927800,0.06353201
1623649520971000,1,0.00346200,0.06358000
1623649774480000,0,0.01542825,0.06336025
1623649816418000,1,0.00369200,0.06334005
1623649855890000,1,0.00331800,0.06334005
1623649872854000,0,0.00427300,0.06339671
1623649877115000,0,0.00473200,0.06338431
1623649914322000,0,0.00373200,0.06335302
1623649943620000,1,0.00319379,0.06332857
1623649980564000,0,0.00365600,0.06333499
1623649999024000,1,0.00324200,0.06328652
1623650007048000,1,0.00391100,0.06328629
1623650049548000,0,0.00320000,0.06330000
1623650092583000,1,0.00139200,0.06336000
1623650150334000,1,5.25568808,0.06334599
1623650167972000,1,2.80000000,0.06333378
1623650213445000,0,0.00490900,0.06334000
1623650213445000,0,0.00409100,0.06334000
1623650213448000,0,0.00173500,0.06334000
1623650261432000,0,0.00559300,0.06341365
1623650307799000,0,0.00334100,0.06339915
1623650307907000,1,0.00334100,0.06335217
1623650314963000,1,0.00370100,0.06335217
1623650364937000,1,0.00400000,0.06339000
1623650393045000,1,0.00404000,0.06336490
1623650427633000,1,0.00400000,0.06340000
1623650430359000,1,0.00073500,0.06340000
1623650492450000,1,1.00155219,0.06336483
1623650492536000,0,0.25900000,0.06336483
1623650492564000,0,0.44683503,0.06336483
1623650515615000,1,0.00469600,0.06335219
1623650533222000,1,0.00787300,0.06336497
1623650544636000,1,0.00803800,0.06334999
1623650593689000,0,0.00464900,0.06335849
1623650605291000,0,0.00395600,0.06336952
1623650619640000,1,0.02000000,0.06330894
1623650637389000,0,0.00458600,0.06334267
1623650762891000,1,2.80000000,0.06334927
1623650762891000,1,0.94428119,0.06334918
1623650809183000,0,1.69000000,0.06340000
