timestamp ms,type,amount,price
1621641607708000,1,1.59750000,0.07
1621641613441000,1,0.00742750,0.07
1621641624378000,0,0.00437388,0.07
1621641657558000,0,0.00362400,0.07
1621641679486000,1,0.10000000,0.07
1621641679486000,1,0.82368087,0.07
1621641679486000,1,0.81530759,0.07
1621641679486000,1,1.02123853,0.07
1621641679554000,0,0.10000000,0.07
1621641679576000,0,20.42469507,0.07
1621641775753000,0,0.01564271,0.06
1621641787214000,1,0.00347076,0.06
1621641787214000,1,5.97652924,0.06
1621641813906000,0,0.00432300,0.06
1621641821776000,1,0.00438300,0.06
1621641825023000,0,0.00444700,0.06
1621641832990000,0,1.03229267,0.06
1621641832990000,0,0.82433502,0.06
1621641832990000,0,2.06151501,0.06
1621641833018000,1,1.82280000,0.06
1621641833021000,1,18.65300000,0.06
1621641833046000,0,0.10000000,0.06
1621641833046000,0,2.20000000,0.06
1621641833046000,0,0.81448816,0.06
1621641833046000,0,0.83113896,0.06
1621641833046000,0,2.05364895,0.06
1621641833071000,1,0.25000000,0.06
1621641866766000,0,0.00413200,0.06
1621641891405000,1,0.00342400,0.06
1621641900924000,0,6.94552505,0.06
1621641901469000,0,0.00753378,0.06
1621641903412000,0,6.74495201,0.06
1621641926452000,1,0.00348074,0.06
1621641932294000,0,0.00371200,0.06
1621641960679000,1,0.00348073,0.06
1621641994508000,0,0.00379600,0.06
1621642013078000,1,2.31912165,0.06
1621642013079000,1,2.31912165,0.06
1621642031620000,0,0.00348073,0.06
1621642051194000,1,0.00405000,0.06
1621642054828000,0,0.00400000,0.06
1621642055086000,0,0.00072900,0.06
1621642083152000,0,0.00391400,0.06
1621642225060000,1,0.00406700,0.06
1621642296472000,1,0.96000000,0.06
1621642368742000,0,0.00400000,0.06
1621642368783000,0,0.00024900,0.06
1621642372892000,0,0.00356500,0.06
1621642407411000,1,0.00338300,0.06
1621642499248000,1,0.00428100,0.06
1621642591239000,0,0.00327200,0.06
1621642596788000,1,0.00348073,0.06
1621642602302000,0,0.00833700,0.06
1621642623918000,0,0.00413100,0.06
1621642658182000,0,0.00839900,0.06
1621642682674000,0,0.00906400,0.06
1621642682799000,0,0.00485100,0.06
1621642686061000,1,0.00314508,0.06
1621642763238000,0,0.22200000,0.06
1621642765388000,0,0.00060000,0.06
1621642799732000,1,0.00026800,0.06
1621642875367000,1,0.00855000,0.06
1621642875666000,1,0.00327800,0.06
1621642875767000,1,0.00387200,0.06
1621642918266000,1,2.50000000,0.06
1621642918342000,1,0.23000000,0.06
1621642963503000,1,0.00835000,0.06
1621642968937000,0,0.00356900,0.06
1621643012282000,0,0.00356900,0.06
1621643143900000,1,0.00367900,0.06
1621643174046000,1,0.00488800,0.06
1621643186615000,0,0.06391503,0.06
1621643225608000,0,0.25000000,0.06
1621643225940000,0,0.33523000,0.06
1621643230167000,0,0.00348073,0.06
1621643309596000,0,0.10337511,0.06
1621643320722000,1,0.29779141,0.06
1621643331135000,0,0.00340200,0.06
1621643387652000,1,0.00500000,0.06
1621643387784000,1,0.00036100,0.06
1621643462675000,0,0.00313943,0.06
1621643482027000,1,0.00451200,0.06
1621643596329000,0,0.00359600,0.06
1621643617874000,0,0.00337500,0.06
1621643639055000,0,0.00929500,0.06
1621643789878000,0,0.02068500,0.06
1621643847183000,0,0.00383500,0.06
1621643876325000,0,0.00900800,0.06
1621643955319000,1,0.00416100,0.06
1621643976126000,1,0.00400000,0.06
1621643979942000,1,0.00098600,0.06
1621644396804000,1,0.00400000,0.06
1621644396840000,1,0.00381000,0.06
1621644421024000,1,0.02097122,0.06
1621644528234000,0,0.00347076,0.07
1621644528234000,0,0.00551124,0.07
1621644565249000,1,0.00800000,0.07
1621644565380000,1,0.00099100,0.07
1621644566583000,1,0.00400000,0.07
1621644566777000,1,0.00038700,0.07
1621644591354000,1,0.00463900,0.07
1621644610363000,0,0.00375721,0.07
1621644692165000,0,0.00343400,0.07
1621644699304000,0,0.00612300,0.07
1621644761922000,0,0.00627800,0.06
1621644762051000,0,0.00576400,0.06
1621644807261000,0,0.00987400,0.07
1621644857323000,1,0.00800000,0.07
1621644881269000,1,0.00096000,0.07
1621644948604000,0,0.00344200,0.07
1621645128776000,0,0.00348074,0.07
1621645130399000,0,0.00346079,0.07
1621645135229000,0,0.10000000,0.07
1621645135229000,0,0.00347077,0.07
1621645135289000,1,0.21700000,0.07
1621645135407000,1,0.09710000,0.07
1621645150885000,1,0.00311400,0.07
1621645152060000,1,5.81932110,0.07
1621645158656000,1,0.00366600,0.07
1621645185231000,1,0.00370600,0.07
1621645244366000,1,0.00346079,0.07
1621645304265000,0,0.28000000,0.07
1621645394767000,1,1.00000000,0.06
1621645432467000,0,0.00480000,0.07
1621645464611000,0,2.92166709,0.07
1621645668570000,0,0.00881289,0.06
1621645743370000,0,0.00497000,0.07
1621645747104000,1,0.44000000,0.06
1621645757692000,0,0.00340200,0.07
1621645790089000,0,0.04444400,0.07
1621645847324000,0,0.00338400,0.07
1621645868588000,1,0.00272800,0.07
1621645932350000,0,0.00359800,0.07
1621645948018000,0,0.00311000,0.07
1621645974089000,0,0.00813800,0.07
1621645977451000,1,0.02667800,0.07
1621646025024000,1,5.48000000,0.06
1621646025074000,1,0.00377478,0.06
1621646031665000,1,0.00347077,0.06
1621646031665000,1,0.49072567,0.06
1621646032197000,1,2.77375158,0.06
1621646035003000,1,0.00347076,0.06
1621646038358000,0,0.00527900,0.06
1621646047553000,0,0.00322300,0.06
1621646068249000,1,0.00322300,0.06
1621646078628000,1,0.00334500,0.06
1621646099471000,1,0.00890500,0.06
1621646115496000,1,0.00892100,0.06
1621646182349000,0,0.00445500,0.06
1621646202575000,1,0.00329500,0.06
1621646214183000,1,0.01937697,0.06
1621646271547000,1,0.00891900,0.06
1621646346042000,0,0.00444900,0.07
1621646453731000,0,0.00506700,0.06
1621646455225000,1,0.00891800,0.06
1621646499934000,1,0.00062500,0.06
1621646522166000,0,0.00890000,0.07
1621646533387000,0,0.00351832,0.07
1621646537221000,0,0.04404797,0.07
1621646544155000,0,0.00347076,0.07
1621646586865000,1,0.00820500,0.06
1621646618298000,1,0.00607000,0.07
1621646649937000,0,0.00417600,0.07
1621646679763000,1,0.00329700,0.06
1621646708896000,0,0.00340300,0.06
1621646728224000,1,0.00445200,0.06
1621646762750000,1,0.00347076,0.06
1621646850217000,1,0.00502611,0.06
1621646860203000,0,0.00322000,0.06
1621646865895000,1,0.00322000,0.06
1621646908499000,1,0.00565400,0.06
1621646989405000,1,0.00802500,0.07
1621646989770000,1,0.00837100,0.07
1621647040759000,1,1.01117032,0.06
1621647040762000,1,2.30903687,0.06
1621647053071000,1,0.30201000,0.07
1621647055087000,1,3.15920200,0.07
1621647058737000,1,0.00890700,0.07
1621647155715000,0,0.00445100,0.07
1621647163348000,0,0.00420800,0.07
1621647195185000,0,0.00420600,0.06
1621647280471000,1,0.00394000,0.06
1621647299944000,0,0.00501022,0.07
1621647315630000,0,0.00347076,0.07
1621647343348000,1,0.00884100,0.07
1621647384021000,1,1.00851750,0.07
1621647384021000,1,1.29049366,0.07
1621647384021000,1,2.29901117,0.07
1621647384022000,1,2.29901116,0.07
1621647384023000,1,1.54016763,0.07
1621647384024000,1,2.29901117,0.07
1621647384028000,1,2.29901116,0.07
1621647461065000,0,0.10000000,0.07
1621647461065000,0,0.00346079,0.07
1621647501194000,0,0.00347077,0.07
1621647529678000,1,0.00394000,0.07
1621647529678000,1,5.93606000,0.07
1621647530577000,1,0.03364700,0.07
1621647579097000,1,0.65000000,0.07
1621647584422000,0,2.29556905,0.07
1621647584423000,0,2.10499695,0.07
1621647584430000,0,2.29556906,0.07
1621647615850000,0,0.00600000,0.07
1621647615975000,0,0.00008600,0.07
1621647715773000,0,0.00618600,0.07
1621647784948000,0,0.00858000,0.07
1621647830661000,0,0.00886100,0.07
1621647839372000,0,0.00347500,0.07
1621647891631000,0,0.20319100,0.07
1621647942368000,1,1.17355941,0.07
1621647962309000,0,0.00327587,0.07
1621647962309000,0,0.00116813,0.07
1621648065781000,1,0.00346079,0.07
1621648065781000,1,0.00001421,0.07
1621648082831000,1,0.00416500,0.07
1621648166342000,0,0.00350700,0.07
1621648173001000,0,0.00891400,0.07
1621648188885000,0,0.10000000,0.07
1621648188885000,0,0.37979168,0.07
1621648189338000,1,0.00600000,0.07
1621648190471000,1,0.00690600,0.07
1621648239018000,1,0.00434000,0.07
1621648294025000,1,0.00406500,0.07
1621648428298000,1,0.00407800,0.07
1621648428936000,1,0.00986400,0.07
1621648470382000,1,0.00614300,0.06
1621648662226000,0,0.00433100,0.06
1621648751065000,0,0.42170800,0.07
1621648813579000,0,0.00334400,0.07
1621648861232000,0,0.81446000,0.07
1621648916549000,0,0.03064200,0.07
1621648980111000,1,0.30879428,0.06
1621648980390000,1,29.82480572,0.06
1621649200265000,0,0.00986100,0.07
1621649208077000,0,0.00459500,0.07
1621649222468000,1,0.00777200,0.07
1621649232975000,1,0.00468300,0.07
1621649289163000,0,0.00500000,0.07
1621649290377000,0,0.00009900,0.07
1621649322416000,1,30.81000000,0.07
1621649394428000,0,0.00325606,0.07
1621649394428000,0,0.00251194,0.07
1621649425587000,1,0.00500000,0.07
1621649433229000,1,0.00387300,0.07
1621649433409000,1,5.89092072,0.07
1621649471829000,0,0.00419600,0.07
1621649493748000,1,0.00391200,0.07
1621649517395000,0,0.00886900,0.06
1621649560341000,1,0.01695100,0.07
1621649560341000,1,0.00342900,0.07
1621649637581000,1,0.17769299,0.07
1621649640643000,0,0.00443700,0.07
1621649740350000,0,0.00375200,0.07
1621649756225000,0,0.00142900,0.07
1621649865196000,0,0.00444800,0.07
1621649880808000,1,0.00337400,0.07
1621649885980000,1,0.00434800,0.07
1621649899054000,0,0.00346079,0.07
1621650037832000,1,0.00205800,0.07
1621650067272000,1,0.00959000,0.07
1621650071132000,1,0.00372000,0.07
1621650097628000,1,0.00346079,0.07
1621650132701000,1,0.00313900,0.06
1621650151757000,0,0.00420600,0.07
1621650151943000,1,0.00420600,0.07
1621650155812000,1,0.01374100,0.07
1621650183448000,0,0.00400000,0.07
1621650183588000,0,0.00087000,0.07
1621650205353000,0,5.59584203,0.07
1621650225136000,0,0.00700000,0.07
1621650226321000,0,0.00072500,0.07
1621650239111000,1,0.10000000,0.07
1621650239111000,1,0.38767768,0.07
1621650239111000,1,5.91269152,0.07
1621650239111000,1,21.01500000,0.07
1621650239111000,1,53.39053080,0.07
1621650239128000,1,22.22406920,0.07
1621650239128000,1,2.20000000,0.07
1621650239128000,1,1.00916302,0.07
1621650239128000,1,0.81613994,0.07
1621650239128000,1,2.08450000,0.07
1621650239128000,1,0.79736576,0.07
1621650239128000,1,3.15656208,0.07
1621650239397000,0,0.00337400,0.07
1621650374043000,1,0.00709400,0.07
1621650401958000,0,0.03397400,0.07
1621650422648000,1,0.00324400,0.07
1621650543163000,1,0.00877600,0.07
1621650566753000,1,0.00431500,0.07
1621650569658000,1,0.00396400,0.07
1621650610261000,0,0.00400000,0.07
1621650611199000,0,0.00064100,0.07
1621650614299000,1,0.21524957,0.07
1621650629332000,1,0.00393400,0.06
1621650651977000,0,0.00321300,0.06
1621650811438000,1,2.00000000,0.06
1621650843663000,0,0.00400000,0.06
1621650847006000,0,0.00010500,0.06
1621650878457000,1,10.26000000,0.06
1621650912235000,1,0.00347077,0.06
1621650964376000,1,0.00347076,0.06
1621650984669000,1,0.00327000,0.06
1621651054221000,1,0.00348074,0.06
1621651074129000,1,0.00348073,0.06
1621651119681000,1,0.00349071,0.06
1621651126080000,1,0.00349070,0.06
1621651126860000,0,0.00412900,0.06
1621651126972000,0,0.00367700,0.06
1621651131420000,1,0.40140808,0.06
1621651131420000,1,1.40879192,0.06
1621651131420000,1,0.59005599,0.06
1621651131425000,1,0.22994401,0.06
1621651131425000,1,0.10000000,0.06
1621651151203000,0,0.00550300,0.06
1621651151585000,0,0.00894000,0.06
1621651201786000,0,0.00945265,0.06
1621651211413000,1,0.00350068,0.06
1621651213278000,0,0.00393200,0.06
1621651217920000,0,0.23100000,0.06
1621651259020000,1,0.00350067,0.06
1621651301001000,0,0.00901200,0.06
1621651329545000,1,0.00348500,0.06
1621651352230000,0,0.00493700,0.06
1621651377065000,1,0.00351066,0.06
1621651377511000,0,0.04944500,0.06
1621651438875000,0,0.05786600,0.06
1621651474863000,0,0.00658329,0.06
1621651534866000,0,0.12691300,0.06
1621651543159000,1,0.01300000,0.06
1621651562371000,1,0.00042000,0.06
1621651604526000,1,0.00400000,0.06
1621651604588000,1,0.00004200,0.06
1621651641068000,1,0.00372500,0.06
1621651641068000,1,0.02740400,0.06
1621651666018000,0,0.00350067,0.06
1621651666018000,0,0.00098733,0.06
1621651668654000,1,0.00394500,0.06
1621651709964000,0,0.00600000,0.06
1621651717271000,0,0.00025000,0.06
1621651729195000,1,0.00400000,0.06
1621651730209000,1,0.00041400,0.06
1621651769185000,0,0.00475900,0.06
1621651770252000,1,0.00400000,0.06
1621651770329000,1,0.00061500,0.06
1621651770329000,1,0.01078500,0.06
1621651862412000,1,0.00350067,0.06
1621651942545000,0,0.00941800,0.06
1621652039002000,1,0.00800000,0.06
1621652039209000,1,0.00039200,0.06
1621652121742000,1,0.00600000,0.06
1621652122892000,1,0.00097700,0.06
1621652139423000,0,0.00500000,0.06
1621652152343000,1,0.00568991,0.06
1621652156289000,1,0.02361528,0.06
1621652172259000,1,0.00351065,0.06
1621652241591000,1,0.00461100,0.06
1621652335357000,1,0.00351064,0.06
1621652339680000,1,2.34203485,0.06
1621652339682000,1,2.34203486,0.06
1621652339737000,1,4.33830042,0.06
1621652340299000,1,0.00352063,0.06
1621652340299000,1,0.18407321,0.06
1621652343480000,1,0.00352062,0.06
1621652343480000,1,0.00976892,0.06
1621652394402000,1,0.42595020,0.06
1621652396003000,0,0.00358800,0.06
1621652416175000,1,0.00330700,0.06
1621652459780000,1,0.00400000,0.06
1621652462064000,1,0.00092900,0.06
1621652473141000,0,0.00700000,0.06
1621652473196000,0,0.00043700,0.06
1621652513156000,0,0.00879000,0.06
1621652534388000,1,0.00380349,0.06
1621652617458000,1,0.10000000,0.06
1621652617458000,1,7.03163881,0.06
1621652617458000,1,5.82112925,0.06
1621652617458000,1,1.04201769,0.06
1621652617458000,1,11.38697247,0.06
1621652640346000,1,1.04047739,0.06
1621652640346000,1,2.08102582,0.06
1621652640346000,1,1.92170000,0.06
1621652640346000,1,33.02943413,0.06
1621652647981000,0,0.00494200,0.06
1621652677441000,1,0.00465700,0.06
1621652719072000,0,0.02500000,0.06
1621652719976000,0,1.17740000,0.06
1621652827268000,1,0.00374000,0.06
1621652870603000,1,0.09758000,0.06
1621652996616000,0,0.04415100,0.06
1621653016985000,1,0.00331400,0.06
1621653078734000,1,0.01800000,0.06
1621653078758000,1,0.00043700,0.06
1621653108194000,1,0.00457500,0.06
1621653163103000,0,0.00694900,0.06
1621653214437000,1,0.00352061,0.06
1621653236047000,1,0.00423400,0.06
1621653242948000,1,0.17600000,0.06
1621653242954000,1,0.00072200,0.06
1621653248344000,1,0.82436000,0.06
1621653264501000,0,0.00498400,0.06
1621653264847000,1,0.00470300,0.06
1621653290544000,1,0.00353060,0.06
1621653302645000,1,0.00381179,0.06
1621653302645000,1,0.00415821,0.06
1621653329470000,1,0.00477400,0.06
1621653337697000,1,0.00353059,0.06
1621653341722000,1,0.00353058,0.06
1621653341722000,1,1.04646942,0.06
1621653342037000,1,0.00039276,0.06
1621653342037000,1,0.05560724,0.06
1621653342366000,1,21.01797651,0.06
1621653342458000,1,8.90121625,0.06
1621653342458000,1,0.02379977,0.06
1621653391092000,1,0.00354057,0.06
1621653423324000,0,0.00382600,0.06
1621653472385000,1,0.00354056,0.06
1621653472385000,1,11.95645944,0.06
1621653473508000,1,0.00532897,0.06
1621653474580000,1,0.00354055,0.06
1621653504241000,1,0.00355054,0.06
1621653517060000,0,0.00327900,0.06
1621653541262000,1,0.00373900,0.06
1621653545002000,1,0.00473700,0.06
1621653574148000,1,0.08398099,0.06
1621653574174000,1,0.00000001,0.06
1621653579576000,1,0.00355053,0.06
1621653606956000,0,0.00407500,0.06
1621653609453000,0,6.08602221,0.06
1621653639296000,1,0.07139600,0.06
1621653736904000,1,0.06771700,0.06
1621653757063000,1,0.10000000,0.06
1621653757063000,1,0.85340440,0.06
1621653757063000,1,1.06233482,0.06
1621653757063000,1,0.35038130,0.06
1621653757073000,1,1.77177166,0.06
1621653757073000,1,0.59434886,0.06
1621653772971000,0,0.00400000,0.06
1621653777697000,0,0.00330700,0.06
1621653793949000,0,0.00424300,0.06
1621653810536000,1,0.00419200,0.06
1621653854079000,1,0.00400000,0.06
1621653876211000,1,0.00400000,0.06
1621653880006000,1,0.00355900,0.06
1621653880006000,1,0.01670600,0.06
1621653893194000,1,0.26457400,0.06
1621653898864000,0,0.00403100,0.06
1621653944108000,0,28.38000000,0.06
1621654007251000,1,0.00331900,0.06
1621654023885000,1,0.00658500,0.06
1621654029265000,1,0.00639400,0.06
1621654041211000,0,0.00388100,0.06
1621654071884000,1,0.00824900,0.06
1621654135770000,0,0.14257400,0.06
1621654200040000,1,0.00355000,0.06
1621654202376000,0,0.00636087,0.06
1621654203369000,0,0.00354055,0.06
1621654213515000,1,0.00537900,0.06
1621654228580000,0,0.00359300,0.06
1621654252356000,0,0.00825400,0.06
1621654275205000,1,0.10000000,0.06
1621654275205000,1,7.06415752,0.06
1621654275205000,1,6.19953554,0.06
1621654275205000,1,1.05988326,0.06
1621654275205000,1,2.11716250,0.06
1621654275205000,1,0.01326533,0.06
1621654279213000,0,0.00359300,0.06
1621654295273000,1,0.00712200,0.06
1621654339259000,0,0.00355053,0.06
1621654347239000,1,0.00521300,0.06
1621654349883000,0,5.24182978,0.06
1621654349883000,0,1.79287922,0.06
1621654350868000,0,7.03302193,0.06
1621654356678000,0,0.25000000,0.06
1621654356689000,0,1.54287000,0.06
1621654378135000,0,0.00482700,0.06
1621654391165000,0,0.00353058,0.06
1621654399167000,1,0.00400000,0.06
1621654403570000,1,0.00066400,0.06
1621654473785000,1,0.00400000,0.06
1621654474734000,1,0.00098000,0.06
1621654510982000,0,0.00342400,0.06
1621654640938000,1,0.00394400,0.06
1621654694481000,1,0.00800000,0.06
1621654733230000,1,0.00353058,0.06
1621654734351000,0,0.92500836,0.06
1621654735197000,0,0.00911000,0.06
1621654765055000,1,0.00354055,0.06
1621654793970000,0,0.00975500,0.06
1621654797129000,0,0.00717600,0.06
1621654804595000,1,0.00382635,0.06
1621654804677000,0,0.00400000,0.06
1621654804795000,0,0.00031665,0.06
1621654832827000,1,0.00355053,0.06
1621654838241000,1,0.16700000,0.06
1621654839379000,1,0.00014119,0.06
1621654846513000,1,0.00356052,0.06
1621654857313000,0,0.00978700,0.06
1621654880319000,1,0.00660500,0.06
1621654909222000,1,0.07900000,0.06
1621654938620000,0,0.00400000,0.06
1621654938769000,0,0.00045000,0.06
1621654945755000,0,0.24600000,0.06
1621654985265000,0,0.00360100,0.06
1621655004630000,1,0.00900000,0.06
1621655005432000,1,0.00087445,0.06
1621655011089000,1,0.00356051,0.06
1621655023211000,1,0.00356050,0.06
1621655023211000,1,0.00092850,0.06
1621655044761000,0,0.00909500,0.06
1621655055196000,1,0.02305721,0.06
1621655058242000,1,0.00357049,0.06
1621655088305000,1,0.00347200,0.06
1621655155492000,0,0.00500000,0.06
1621655155602000,0,0.00063900,0.06
1621655180985000,0,0.00400000,0.06
1621655182529000,0,0.00004900,0.06
1621655265622000,1,0.00543600,0.06
1621655298727000,1,0.00318800,0.06
1621655407394000,0,0.01004700,0.06
1621655417226000,1,0.10000000,0.06
1621655465341000,1,0.00449800,0.06
1621655481326000,1,0.00501100,0.06
1621655498121000,1,0.00704591,0.06
1621655500135000,1,0.00357048,0.06
1621655508723000,1,0.00357047,0.06
1621655508723000,1,0.87113174,0.06
1621655509126000,0,0.81677000,0.06
1621655511727000,1,0.85131175,0.06
1621655511727000,1,0.00358046,0.06
1621655511727000,1,0.10000000,0.06
1621655511727000,1,2.20000000,0.06
1621655511727000,1,2.80904664,0.06
1621655512522000,0,0.00421800,0.06
1621655532423000,1,0.00483800,0.06
1621655542057000,1,0.86200062,0.06
1621655542615000,0,0.89437000,0.06
1621655549367000,1,0.00368900,0.06
1621655674052000,1,0.97132000,0.06
1621655675722000,1,0.00000662,0.06
1621655680101000,0,7.14145255,0.06
1621655686963000,0,0.32999999,0.06
1621655722772000,0,0.00422200,0.06
1621655747699000,1,0.00416600,0.06
1621655758728000,1,0.00346900,0.06
1621655758936000,0,1.71038614,0.06
1621655764732000,1,0.00675500,0.06
1621655781237000,1,0.00458700,0.06
1621655781460000,1,0.00442000,0.06
1621655803654000,0,0.00405900,0.06
1621655870425000,0,0.00416000,0.06
1621655885846000,1,0.00472300,0.06
1621655960873000,1,0.00396600,0.06
1621655971526000,1,0.00484200,0.06
1621655989183000,0,0.00418000,0.06
1621655989243000,0,0.00000100,0.06
1621656044981000,0,0.00358046,0.06
1621656048477000,0,0.80900000,0.06
1621656048601000,0,19.40000000,0.06
1621656048679000,0,1.91583000,0.06
1621656048750000,0,21.27394992,0.06
1621656049069000,0,1.83764000,0.06
1621656049318000,0,7.10655392,0.06
1621656055772000,0,0.11222616,0.06
1621656057145000,1,0.00407500,0.06
1621656067552000,1,0.00464100,0.06
1621656083555000,0,0.00403000,0.06
1621656137408000,1,0.10000000,0.06
1621656137408000,1,1.06546642,0.06
1621656137408000,1,0.22961768,0.06
1621656137413000,1,0.63569659,0.06
1621656137413000,1,1.74213440,0.06
1621656142589000,0,0.00466700,0.06
1621656211140000,0,0.00403000,0.06
1621656216100000,1,0.00320879,0.06
1621656216100000,1,0.00358046,0.06
1621656237632000,1,0.10000000,0.06
1621656237632000,1,2.28433132,0.06
1621656237638000,1,1.45730906,0.06
1621656237638000,1,0.92702225,0.06
1621656237653000,1,0.44821367,0.06
1621656238570000,0,0.00779600,0.06
1621656238691000,1,0.00486000,0.06
1621656249238000,1,1.80000000,0.06
1621656249238000,1,1.40000000,0.06
1621656281287000,1,0.00800000,0.06
1621656281361000,1,0.00035900,0.06
1621656311070000,0,18.75000000,0.06
1621656352301000,0,0.05058400,0.06
1621656353626000,0,0.14695200,0.06
1621656360398000,1,0.00358045,0.06
1621656419045000,1,0.00574600,0.06
1621656473102000,0,5.48377478,0.06
1621656473102000,0,113.75664722,0.06
1621656499538000,0,1.76680000,0.06
1621656499538000,0,2.23320000,0.06
1621656517119000,1,0.00419300,0.06
1621656523848000,1,0.13241800,0.06
1621656543820000,0,36.64357200,0.06
1621656545136000,0,0.00581800,0.06
1621656604656000,0,0.10000000,0.06
1621656613838000,0,0.00437700,0.06
1621656648105000,1,0.00485500,0.06
1621656695146000,1,0.00639700,0.06
1621656711149000,0,0.00319300,0.06
1621656727312000,0,0.00400000,0.06
1621656741420000,1,0.00959000,0.06
1621656744843000,0,0.00075800,0.06
1621656767353000,1,0.43793557,0.06
1621656770257000,1,0.00471100,0.06
1621656786589000,1,0.00330200,0.06
1621656849166000,0,0.13030344,0.06
1621656882212000,1,0.23794300,0.06
1621656886195000,0,0.00554900,0.06
1621656912889000,1,0.24600000,0.06
1621656918441000,1,1.80140000,0.06
1621656952317000,1,2.09714904,0.06
1621656983452000,0,2.37941010,0.06
1621656983452000,0,3.78078375,0.06
1621656983457000,0,2.37941011,0.06
1621657014133000,1,0.00411900,0.06
1621657025793000,0,0.00320230,0.06
1621657025793000,0,0.49679770,0.06
1621657031502000,0,0.00320230,0.06
1621657031502000,0,0.00358046,0.06
1621657038521000,0,6.12000000,0.06
1621657131560000,1,0.00933800,0.06
1621657143153000,0,0.00319496,0.06
1621657167642000,0,0.00391706,0.06
1621657221780000,1,0.00358046,0.06
1621657263678000,1,0.00556300,0.06
1621657268581000,1,0.00388500,0.06
1621657287585000,1,0.00358044,0.06
1621657289460000,1,0.00359043,0.06
1621657289460000,1,1.42566993,0.06
1621657289463000,1,2.39119162,0.06
1621657289620000,1,0.02417310,0.06
1621657289620000,1,0.00359042,0.06
1621657289620000,1,0.10000000,0.06
1621657289620000,1,11.52741153,0.06
1621657307616000,0,0.00400000,0.06
1621657308075000,0,0.00027700,0.06
1621657327802000,1,0.00360041,0.06
1621657331706000,1,0.00998112,0.06
1621657336069000,1,0.00400000,0.06
1621657336481000,1,1.79600000,0.06
1621657336481000,1,1.40000000,0.06
1621657336971000,1,0.00360040,0.06
1621657337662000,1,0.04887500,0.06
1621657376805000,1,0.00360039,0.06
1621657377817000,1,1.48878205,0.06
1621657377817000,1,2.24038462,0.06
1621657379180000,1,0.00361038,0.06
1621657384610000,1,0.00361037,0.06
1621657385199000,1,1.00000000,0.06
1621657421461000,0,0.00400000,0.06
1621657425221000,1,0.00419100,0.06
1621657486685000,1,0.03360131,0.06
1621657497537000,0,0.00484200,0.06
1621657498129000,1,0.00361036,0.06
1621657498633000,1,1.40000000,0.06
1621657498633000,1,1.80000000,0.06
1621657509250000,0,0.00500000,0.06
1621657538521000,1,0.00356100,0.06
1621657543450000,0,0.00417100,0.06
1621657564170000,1,0.54698236,0.06
1621657566890000,0,0.32000000,0.06
1621657570965000,1,0.01682432,0.06
1621657575263000,1,0.00362035,0.06
1621657576958000,1,0.02436195,0.06
1621657578804000,1,0.00362034,0.06
1621657578804000,1,6.00386323,0.06
1621657578804000,1,33.86251643,0.06
1621657610507000,1,16.95829337,0.06
1621657610998000,1,1.80000000,0.06
1621657610998000,1,2.00000000,0.06
1621657610998000,1,16.45370000,0.06
1621657611596000,1,0.00363033,0.06
1621657612182000,1,0.20000000,0.06
1621657612182000,1,0.10000000,0.06
1621657612182000,1,0.22096774,0.06
1621657612182000,1,0.10000000,0.06
1621657612182000,1,0.00363032,0.06
1621657612182000,1,6.05783245,0.06
1621657612182000,1,0.88120057,0.06
1621657612182000,1,5.47472678,0.06
1621657612182000,1,11.96164214,0.06
1621657634244000,1,0.00433423,0.06
1621657634244000,1,0.00165277,0.06
1621657660914000,0,1.28769131,0.06
1621657676037000,0,0.00900000,0.06
1621657677469000,0,0.00017900,0.06
1621657683388000,1,0.13083700,0.06
1621657732194000,0,0.00400000,0.06
1621657733092000,0,0.00000100,0.06
1621657768644000,0,0.00058409,0.06
1621657798165000,0,1.59598816,0.06
1621657843678000,0,7.24587768,0.06
1621657926150000,0,0.22800000,0.06
1621657926240000,1,0.00432800,0.06
1621657927553000,0,2.13558000,0.06
1621657930767000,0,0.00000617,0.06
1621657948321000,1,0.00400000,0.06
1621657966665000,1,1.32297689,0.06
1621657981995000,1,0.00412800,0.06
1621657998108000,1,0.00057200,0.06
1621658014786000,0,0.00475100,0.06
1621658032823000,1,0.00346600,0.06
1621658107403000,1,0.00600000,0.06
1621658107892000,1,0.00078600,0.06
1621658136825000,0,1.23855840,0.06
1621658165226000,0,0.00400000,0.06
1621658168616000,0,0.00092000,0.06
1621658186879000,1,0.00800000,0.06
1621658186972000,1,0.00086600,0.06
1621658213417000,0,0.10000000,0.06
1621658213417000,0,0.67700712,0.06
1621658231330000,0,0.00488500,0.06
1621658253884000,0,0.00325000,0.06
1621658270408000,0,0.00389400,0.06
1621658305124000,0,0.00448100,0.06
1621658337183000,1,0.00400000,0.06
1621658337870000,1,0.00002200,0.06
1621658402533000,0,0.00334900,0.06
1621658472995000,1,0.00974200,0.06
1621658475027000,0,0.17452484,0.06
1621658513555000,1,0.00381300,0.06
1621658592749000,0,0.01800000,0.06
1621658634088000,1,0.00400000,0.06
1621658635475000,1,0.00065500,0.06
1621658655250000,0,0.00458300,0.06
1621658666737000,0,0.00424600,0.06
1621658687213000,0,0.00611800,0.06
1621658721265000,1,0.02414278,0.06
1621658721274000,1,0.00000001,0.06
1621658722670000,1,0.00363031,0.06
1621658722685000,1,1.80000000,0.06
1621658730842000,1,0.01008894,0.06
1621658732546000,1,0.00364030,0.06
1621658807422000,1,0.00364029,0.06
1621658807422000,1,0.53193971,0.06
1621658807861000,1,84.83000000,0.06
1621658807996000,1,2.42643679,0.06
1621658807998000,1,2.42643679,0.06
1621658808265000,1,1.73466205,0.06
1621658809558000,1,3.70000000,0.06
1621658810172000,1,0.29847911,0.06
1621658810883000,1,1.45198961,0.06
1621658811115000,1,22.39227777,0.06
1621658811633000,1,22.39512624,0.06
1621658811677000,1,0.02908471,0.06
1621658815257000,0,0.00323800,0.06
1621658816250000,1,22.37356756,0.06
1621658817755000,1,0.94066338,0.06
1621658818104000,1,82.56200000,0.06
1621658819508000,1,27.59620000,0.06
1621658821875000,1,0.01000000,0.06
1621658823193000,1,0.74000000,0.06
1621658848882000,1,0.00594100,0.06
1621658861524000,1,0.00585600,0.06
1621658875403000,1,0.00382400,0.06
1621658878177000,0,0.00371000,0.06
1621658914939000,1,0.00361800,0.06
1621658916480000,1,22.29812819,0.06
1621658918983000,1,22.30621329,0.06
1621658935602000,1,22.29316334,0.06
1621658936307000,1,22.30664986,0.06
1621658936308000,1,0.24600000,0.06
1621658936858000,1,22.30999476,0.06
1621658936881000,1,3.70000000,0.06
1621658940578000,1,22.31584683,0.06
1621658941343000,1,22.31344756,0.06
1621658941861000,1,22.32021862,0.06
1621658943161000,1,3.70000000,0.06
1621658943264000,1,22.33186113,0.06
1621658947310000,1,22.33927262,0.06
1621658947646000,1,4.50000000,0.06
1621658947792000,1,4.50000000,0.06
1621658947848000,1,22.34456669,0.06
1621658948139000,1,3.70000000,0.06
1621658948367000,1,22.34882103,0.06
1621658948488000,1,0.01612904,0.06
1621658948608000,1,0.19364520,0.06
1621658949101000,1,22.34665601,0.06
1621658949146000,1,1.85830000,0.06
1621658949252000,1,22.34630000,0.06
1621658949330000,1,2.38926000,0.06
1621658949420000,1,0.53094000,0.06
1621658949480000,1,0.79642000,0.06
1621658949745000,1,0.42508000,0.06
1621658949778000,1,22.35131368,0.06
1621658949824000,1,4.50000000,0.06
1621658949944000,1,4.50000000,0.06
1621658950015000,1,0.26548000,0.06
1621658950160000,1,22.35604550,0.06
1621658950267000,1,0.26547000,0.06
1621658950358000,1,1.59285000,0.06
1621658950664000,1,19.84000000,0.06
1621658950673000,1,22.35235629,0.06
1621658950932000,1,8.90000000,0.06
1621658951183000,1,22.36853840,0.06
1621658951235000,1,15.97110000,0.06
1621658951273000,1,15.65993196,0.06
1621658952837000,0,0.00666500,0.06
1621659002165000,0,0.00519383,0.06
1621659008965000,1,0.00377400,0.06
1621659017051000,0,0.00977000,0.06
1621659017251000,0,0.00878300,0.06
1621659027494000,0,0.10000000,0.06
1621659027494000,0,16.85580000,0.06
1621659027494000,0,2.30000000,0.06
1621659027494000,0,7.29151349,0.06
1621659027592000,1,2.30000000,0.06
1621659027592000,1,3.70000000,0.06
1621659027601000,1,22.47276867,0.06
1621659027685000,1,28.60000000,0.06
1621659027796000,1,3.70000000,0.06
1621659028102000,1,22.47569313,0.06
1621659028114000,1,1.85903000,0.06
1621659028223000,1,0.79674000,0.06
1621659028265000,1,2.12464000,0.06
1621659028414000,1,1.21959000,0.06
1621659028623000,1,22.47180942,0.06
1621659029124000,1,22.47407148,0.06
1621659029197000,1,0.09890000,0.06
1621659029635000,1,22.48096619,0.06
1621659029842000,1,6.00000000,0.06
1621659029887000,1,6.30000000,0.06
1621659033642000,1,4.37847762,0.06
1621659045506000,1,22.49352847,0.06
1621659046696000,1,22.49482669,0.06
1621659047593000,1,3.70000000,0.06
1621659047672000,1,22.50572545,0.06
1621659049620000,1,22.51565698,0.06
1621659050177000,1,0.00449700,0.06
1621659050339000,1,22.51918160,0.06
1621659050844000,1,22.52373539,0.06
1621659051177000,1,1.12653843,0.06
1621659051360000,1,22.52595538,0.06
1621659051945000,1,22.51862661,0.06
1621659052461000,1,15.07172800,0.06
1621659053596000,1,0.00364028,0.06
1621659054498000,1,0.02455228,0.06
1621659054498000,1,0.52596551,0.06
1621659055639000,1,0.03251000,0.06
1621659057265000,1,0.41250502,0.06
1621659069006000,0,0.01619791,0.06
1621659069009000,0,0.00000001,0.06
1621659130588000,0,1.10069000,0.06
1621659132034000,0,0.00000702,0.06
1621659154003000,1,0.00609800,0.06
1621659167079000,0,6.17587000,0.06
1621659174846000,0,0.00000260,0.06
1621659188078000,0,0.00351415,0.06
1621659199152000,0,0.00364028,0.06
1621659199152000,0,0.10000000,0.06
1621659199152000,0,1.11332188,0.06
1621659199152000,0,0.47123037,0.06
1621659199157000,0,1.75552812,0.06
1621659199157000,0,0.66306464,0.06
1621659203551000,1,0.00106700,0.06
1621659215562000,1,30.47723500,0.06
1621659236687000,0,0.00386500,0.06
1621659240603000,0,0.00325400,0.06
1621659245543000,1,7.26139086,0.06
1621659251762000,1,0.00324200,0.06
1621659273075000,1,1.70300352,0.06
1621659273075000,1,5.55988779,0.06
1621659273140000,1,22.36787590,0.06
1621659273170000,1,7.25000000,0.06
1621659274172000,1,7.26292132,0.06
1621659274828000,1,22.37179498,0.06
1621659275084000,1,84.57000000,0.06
1621659276419000,1,0.01000000,0.06
1621659277144000,1,6.62563344,0.06
1621659289897000,0,0.00427600,0.06
1621659296182000,1,0.00443700,0.06
1621659319717000,1,0.00587800,0.06
1621659319717000,1,2.40880507,0.06
1621659319720000,1,0.36395969,0.06
1621659319721000,1,2.41468307,0.06
1621659319721000,1,2.41468307,0.06
1621659319722000,1,2.41468307,0.06
1621659319724000,1,0.46812565,0.06
1621659357233000,0,0.00363031,0.06
1621659357591000,1,1.06781000,0.06
1621659363835000,1,0.64002000,0.06
1621659369424000,0,0.00364029,0.06
1621659385360000,1,0.05201076,0.06
1621659389107000,1,5.99342535,0.06
1621659405804000,0,0.00582800,0.06
1621659445671000,0,0.00464100,0.06
1621659457479000,1,0.00725900,0.06
1621659457633000,1,0.00398200,0.06
1621659480214000,0,0.25000000,0.06
1621659480306000,0,3.11148844,0.06
1621659497303000,0,0.00362034,0.06
1621659504751000,1,0.00510200,0.06
1621659507417000,0,0.00363032,0.06
1621659527218000,1,5.86031962,0.06
1621659533913000,1,0.00430200,0.06
1621659544668000,1,0.04983700,0.06
1621659550752000,1,0.00386700,0.06
1621659586806000,1,0.00439300,0.06
1621659586806000,1,0.00377200,0.06
1621659598345000,0,0.00396200,0.06
1621659618408000,1,0.00400000,0.06
1621659618479000,0,0.00423500,0.06
1621659618585000,1,0.00039100,0.06
1621659623792000,0,0.00428900,0.06
1621659625635000,0,0.00330100,0.06
1621659630989000,1,0.00329400,0.06
1621659681236000,1,0.00352300,0.06
1621659686495000,1,0.00850100,0.06
1621659686702000,0,0.00465300,0.06
1621659689397000,0,0.00400000,0.06
1621659728642000,0,0.00230831,0.06
1621659730756000,0,0.00361037,0.06
1621659732941000,1,0.00045063,0.06
1621659774405000,0,0.00462600,0.06
1621659824664000,0,7.18950485,0.06
1621659824664000,0,7.20317989,0.06
1621659844655000,0,0.00429800,0.06
1621659890113000,0,0.00423800,0.06
1621659905371000,1,0.00333400,0.06
1621659911368000,1,0.25000000,0.06
1621659926885000,1,0.00361037,0.06
1621659927672000,0,0.00468100,0.06
1621659949471000,0,0.00340900,0.06
1621659971436000,0,0.00470800,0.06
1621660002309000,1,0.00362034,0.06
1621660010307000,0,0.00500000,0.06
1621660015540000,0,0.00373600,0.06
1621660034627000,0,0.00400000,0.06
1621660084237000,1,0.00363032,0.06
1621660084237000,1,0.00536968,0.06
1621660096325000,0,0.01900000,0.06
1621660120804000,0,0.00393100,0.06
1621660123552000,0,6.18566000,0.06
1621660127339000,1,0.00400000,0.06
1621660127361000,1,0.00089300,0.06
1621660150650000,1,20.62699949,0.06
1621660189343000,0,0.00979200,0.06
1621660213508000,1,0.00517678,0.06
1621660221999000,1,0.00971400,0.06
1621660229506000,0,0.00347000,0.06
1621660247959000,1,6.07059299,0.06
1621660261618000,0,0.00617700,0.06
1621660277480000,1,0.69138114,0.06
1621660281126000,0,0.00400000,0.06
1621660281386000,0,0.00009500,0.06
1621660339532000,1,0.00975300,0.06
1621660349817000,0,0.00490200,0.06
1621660357244000,1,0.00441500,0.06
1621660374264000,1,0.00525500,0.06
1621660384370000,0,0.00437100,0.06
1621660460889000,1,0.00641100,0.06
1621660518108000,0,0.10800000,0.06
1621660535907000,1,0.32000000,0.06
1621660542159000,1,6.31086806,0.06
1621660629639000,0,6.07339000,0.06
1621660667307000,1,0.15712895,0.06
1621660680848000,0,0.02036153,0.06
1621660681410000,0,0.02177262,0.06
1621660686966000,1,0.00792400,0.06
1621660779659000,1,0.00386000,0.06
1621660795019000,1,0.01097080,0.06
1621660805245000,1,0.00363031,0.06
1621660805245000,1,0.00584502,0.06
1621660805245000,1,0.15238772,0.06
1621660806034000,0,0.11400000,0.06
1621660806219000,0,0.63496500,0.06
1621660806219000,0,0.00671900,0.06
1621660818227000,1,0.00331200,0.06
1621660844384000,1,0.10000000,0.06
1621660860877000,1,0.00684600,0.06
1621660866987000,1,0.00488400,0.06
1621660918599000,1,0.00364029,0.06
1621660943420000,1,0.00769300,0.06
1621660952692000,0,0.00475900,0.06
1621660952692000,0,0.00418300,0.06
1621660952692000,0,0.00338900,0.06
1621660952692000,0,0.53374900,0.06
1621660954710000,0,0.00002800,0.06
1621661013847000,1,0.00380500,0.06
1621661018644000,0,0.05194776,0.06
1621661038945000,1,0.00498200,0.06
1621661039906000,1,1.18734212,0.06
1621661107591000,1,0.00325314,0.06
1621661115434000,1,0.00364028,0.06
1621661130506000,1,0.00365027,0.06
1621661130506000,1,0.00035073,0.06
1621661147671000,1,0.00365026,0.06
1621661148197000,1,1.40000000,0.06
1621661148197000,1,1.80000000,0.06
1621661160658000,1,0.00366025,0.06
1621661160658000,1,0.49633975,0.06
1621661160719000,1,0.00366025,0.06
1621661161779000,0,0.00361100,0.06
1621661169943000,0,0.00929500,0.06
1621661181958000,0,0.00366025,0.06
1621661217898000,0,0.00499300,0.06
1621661246767000,0,0.00024700,0.06
1621661304128000,1,0.00456100,0.06
1621661318655000,1,0.00366025,0.06
1621661323517000,1,0.00366024,0.06
1621661328726000,0,0.67663000,0.06
1621661330391000,1,0.00366023,0.06
1621661330429000,1,0.25000000,0.06
1621661336290000,0,0.02539900,0.06
1621661342730000,0,0.03180100,0.06
1621661352384000,0,0.00762500,0.06
1621661352550000,0,0.00450000,0.06
1621661361576000,1,0.00367022,0.06
1621661403514000,0,0.01425200,0.06
1621661407632000,1,33.70000000,0.06
1621661417476000,1,0.00900000,0.06
1621661417544000,1,0.00015883,0.06
1621661417777000,1,1.40000000,0.06
1621661417777000,1,1.80000000,0.06
1621661420207000,1,0.00367021,0.06
1621661437150000,1,0.08000000,0.06
1621661438794000,1,0.00268332,0.06
1621661438794000,1,0.00368020,0.06
1621661438794000,1,0.01019792,0.06
1621661438794000,1,0.02343856,0.06
1621661439030000,1,0.00130553,0.06
1621661439030000,1,0.15869447,0.06
1621661440233000,1,0.04000000,0.06
1621661456220000,0,0.00400000,0.06
1621661465763000,1,0.00436800,0.06
1621661471019000,1,0.00130553,0.06
1621661471337000,1,0.00368019,0.06
1621661471439000,1,0.02450000,0.06
1621661471439000,1,0.92135862,0.06
1621661471439000,1,0.00368018,0.06
1621661471536000,1,0.00369017,0.06
1621661471539000,0,0.00800000,0.06
1621661471702000,0,1.39358072,0.06
1621661472222000,0,7.36559537,0.06
1621661474506000,1,0.10000000,0.06
1621661474506000,1,0.09595232,0.06
1621661483921000,1,3.20000000,0.06
1621661485047000,1,7.38169833,0.06
1621661485933000,1,3.20000000,0.06
1621661486963000,1,86.21830167,0.06
1621661486963000,1,0.05000000,0.06
1621661486963000,1,0.88420774,0.06
1621661486963000,1,0.10000000,0.06
1621661486963000,1,1.80000000,0.06
1621661486963000,1,1.40000000,0.06
1621661486963000,1,13.20536895,0.06
1621661486963000,1,0.00369016,0.06
1621661486963000,1,0.50000000,0.06
1621661486963000,1,0.10000000,0.06
1621661486963000,1,0.00369015,0.06
1621661486963000,1,7.38293426,0.06
1621661486963000,1,0.17549720,0.06
1621661487149000,0,3.30000000,0.06
1621661487173000,0,7.18215230,0.06
1621661487173000,0,0.19858899,0.06
1621661487820000,0,4.10000000,0.06
1621661487946000,0,3.70000000,0.06
1621661488111000,0,3.70000000,0.06
1621661488177000,0,7.37952421,0.06
1621661489189000,0,7.37901088,0.06
1621661490060000,0,23.11551551,0.06
1621661490172000,0,80.29350000,0.06
1621661490177000,0,7.37500899,0.06
1621661490449000,0,4.50000000,0.06
1621661490589000,0,23.10325648,0.06
1621661491016000,0,24.10000000,0.06
1621661491042000,0,0.03620241,0.06
1621661511672000,1,0.00350300,0.06
1621661566791000,0,0.00622800,0.06
1621661572792000,1,0.00435600,0.06
1621661579684000,1,0.00474500,0.06
1621661591329000,1,0.00942800,0.06
1621661596438000,0,6.26349000,0.06
1621661600799000,0,0.00369016,0.06
1621661616619000,0,0.00446300,0.06
1621661624236000,1,0.00445300,0.06
1621661639872000,0,0.00821500,0.06
1621661657559000,0,0.00431800,0.06
1621661684856000,0,0.01297733,0.06
1621661689149000,0,17.09710000,0.06
1621661689235000,1,0.25000000,0.06
1621661689354000,1,7.34904953,0.06
1621661689372000,1,0.90385047,0.06
1621661712574000,1,0.00429100,0.06
1621661721294000,0,0.01600000,0.06
1621661723618000,1,0.00422500,0.06
1621661727502000,1,0.00343200,0.06
1621661728013000,0,0.00031855,0.06
1621661745621000,1,0.00414900,0.06
1621661752422000,0,0.04500000,0.06
1621661765002000,0,0.89368025,0.06
1621661765002000,0,0.00034613,0.06
1621661810938000,1,0.00350100,0.06
1621661821946000,1,0.00354200,0.06
1621661832998000,0,0.00368019,0.06
1621661832998000,0,0.03360131,0.06
1621661832998000,0,0.10000000,0.06
1621661832998000,0,1.98128079,0.06
1621661832998000,0,2.44121853,0.06
1621661832998000,0,2.44121852,0.06
1621661832998000,0,2.44121852,0.06
1621661832998000,0,2.44121852,0.06
1621661832999000,0,2.44121853,0.06
1621661832999000,0,2.44121852,0.06
1621661832999000,0,0.33960807,0.06
1621661845512000,1,0.00400000,0.06
1621661845908000,1,0.00088400,0.06
1621661851770000,1,0.10000000,0.06
1621661851770000,1,0.40000000,0.06
1621661890143000,0,0.00756900,0.06
1621661890231000,1,0.05700000,0.06
1621661890298000,1,11.61349000,0.06
1621661928813000,1,0.00368019,0.06
1621661937223000,0,0.00361500,0.06
1621661952005000,1,0.91521599,0.06
1621661952005000,1,0.00369015,0.06
1621661954872000,1,0.00000001,0.06
1621661956294000,1,0.91927000,0.06
1621661962660000,0,0.00400000,0.06
1621661963783000,0,0.00019300,0.06
1621661969638000,0,6.01775000,0.06
1621661981623000,1,0.10000000,0.06
1621661981623000,1,0.06210041,0.06
1621661984805000,0,0.02000000,0.06
1621661986818000,0,0.01000000,0.06
1621661986990000,0,0.24600000,0.06
1621661987037000,0,5.83829033,0.06
1621662008029000,0,0.00369015,0.06
1621662008029000,0,0.00000001,0.06
1621662038183000,1,0.01400000,0.06
1621662040020000,1,0.00086900,0.06
1621662040281000,0,0.00498600,0.06
1621662066884000,0,0.01100000,0.06
1621662067551000,0,0.00044800,0.06
1621662096993000,0,0.00338600,0.06
1621662107476000,1,0.00400000,0.06
1621662107713000,1,0.00052100,0.06
1621662115018000,1,0.00369016,0.06
1621662115093000,0,0.00700000,0.06
1621662115163000,0,0.99070115,0.06
1621662119566000,1,0.00414100,0.06
1621662144312000,0,0.03033300,0.06
1621662144312000,0,0.00482300,0.06
1621662162287000,1,0.00475600,0.06
1621662186023000,1,0.00501500,0.06
1621662204088000,1,0.50000000,0.06
1621662210117000,1,0.00389700,0.06
1621662237076000,1,0.10000000,0.06
1621662237076000,1,4.08232986,0.06
1621662262949000,0,0.00369016,0.06
1621662267407000,1,0.00439500,0.06
1621662287006000,0,0.00443000,0.06
1621662314852000,0,0.00022400,0.06
1621662319889000,1,0.00954800,0.06
1621662375774000,1,0.00341700,0.06
1621662382554000,0,0.00434500,0.06
1621662422191000,1,0.00387600,0.06
1621662464151000,0,1.26562248,0.06
1621662469270000,1,0.00495400,0.06
1621662495586000,0,0.00843400,0.06
1621662498096000,1,0.10000000,0.06
1621662498096000,1,0.61540000,0.06
1621662502540000,1,0.00364300,0.06
1621662512211000,1,0.00422000,0.06
1621662522541000,1,0.00584600,0.06
1621662534990000,1,0.00400000,0.06
1621662535087000,1,0.00041600,0.06
1621662541052000,1,1.11431517,0.06
1621662541062000,1,0.00000001,0.06
1621662541079000,1,2.17139826,0.06
1621662555998000,0,0.00430400,0.06
1621662573571000,0,0.00462400,0.06
1621662578662000,1,0.00451500,0.06
1621662578946000,0,0.00380700,0.06
1621662594712000,0,0.81324000,0.06
1621662607364000,0,0.00000271,0.06
1621662612217000,1,0.00530800,0.06
1621662654683000,1,0.00144300,0.06
1621662687189000,0,0.00484700,0.06
1621662700205000,0,3.22647300,0.06
1621662705992000,1,0.05695600,0.06
1621662734056000,1,0.00400000,0.06
1621662734677000,0,0.00448500,0.06
1621662734807000,1,0.00034029,0.06
1621662736385000,0,0.00400000,0.06
1621662737267000,0,0.00020771,0.06
1621662768925000,1,1.52155200,0.06
1621662775081000,0,0.00335900,0.06
1621662775343000,0,0.00341100,0.06
1621662775533000,1,0.00335900,0.06
1621662792009000,1,0.00454100,0.06
1621662798194000,1,0.00448500,0.06
1621662805821000,1,4.36470000,0.06
1621662843353000,0,0.00368019,0.06
1621662843353000,0,0.00086781,0.06
1621662846599000,1,0.00348500,0.06
1621662885751000,0,1.22000000,0.06
1621662890787000,0,0.00400000,0.06
1621662895428000,0,0.00205600,0.06
1621662906652000,1,0.00392200,0.06
1621662934356000,1,0.00898200,0.06
1621662951093000,0,0.00392000,0.06
1621662951253000,0,0.00485300,0.06
1621662993036000,1,0.00368019,0.06
1621662993036000,1,15.99631981,0.06
1621662998232000,0,0.64390927,0.06
1621662998301000,1,0.89796381,0.06
1621662998308000,0,1.33823908,0.06
1621662998313000,0,2.09863425,0.06
1621662998330000,0,1.32607420,0.06
1621662998345000,0,0.32695203,0.06
1621662998356000,0,1.63771170,0.06
1621662998356000,0,0.67047744,0.06
1621662998377000,0,1.01389912,0.06
1621662998650000,0,0.10000000,0.06
1621663037344000,1,0.00430400,0.06
1621663088788000,1,0.00400000,0.06
1621663091314000,0,0.00400000,0.06
1621663091370000,0,0.00349700,0.06
1621663110589000,1,2.44800200,0.06
1621663110591000,1,1.94730304,0.06
1621663110591000,1,0.50069895,0.06
1621663110591000,1,0.40011150,0.06
1621663110591000,1,2.04789050,0.06
1621663110591000,1,2.44800199,0.06
1621663110591000,1,1.76610663,0.06
1621663122020000,0,0.00729000,0.06
1621663137145000,1,3.35000000,0.06
1621663137248000,1,2.75000000,0.06
1621663165207000,1,0.00374000,0.06
1621663195440000,0,0.00328400,0.06
1621663195793000,0,0.18952500,0.06
1621663201932000,1,0.00393300,0.06
1621663212441000,0,0.00834000,0.06
1621663212667000,0,0.00636000,0.06
1621663213054000,0,0.00332300,0.06
1621663213349000,0,0.00367000,0.06
1621663228876000,0,0.50000000,0.06
1621663234764000,0,0.00498800,0.06
1621663238148000,0,0.30000000,0.06
1621663238160000,0,0.00116974,0.06
1621663250130000,0,0.00445500,0.06
1621663269215000,0,0.00368019,0.06
1621663280057000,0,0.00489800,0.06
1621663302629000,0,0.00640200,0.06
1621663350057000,0,1.93814600,0.06
1621663360948000,0,0.10000000,0.06
1621663360948000,0,0.90227086,0.06
1621663360948000,0,36.22410000,0.06
1621663360948000,0,16.10347919,0.06
1621663367593000,0,0.00611400,0.06
1621663401566000,0,0.00363900,0.06
1621663407302000,1,0.00400000,0.06
1621663407633000,1,0.00002700,0.06
1621663434889000,0,0.00901300,0.06
1621663437529000,1,0.24600000,0.06
1621663463344000,1,0.00359200,0.06
1621663465832000,1,6.06949487,0.06
1621663503393000,1,0.00074100,0.06
1621663558873000,1,0.00372286,0.06
1621663558873000,1,0.00490800,0.06
1621663558873000,1,0.00493200,0.06
1621663558873000,1,0.00398700,0.06
1621663567192000,1,0.01846260,0.06
1621663585586000,1,0.00933900,0.06
1621663620195000,1,0.90217257,0.06
1621663634214000,1,0.89031000,0.06
1621663637373000,1,0.00000046,0.06
1621663637373000,1,0.00499200,0.06
1621663643703000,0,0.01100000,0.06
1621663647026000,0,0.00025300,0.06
1621663647303000,1,0.00500000,0.06
1621663670086000,0,0.00391400,0.06
1621663670086000,0,0.00308600,0.06
1621663680578000,0,0.00187500,0.06
1621663680578000,0,0.00396800,0.06
1621663681237000,0,0.00400000,0.06
1621663683510000,0,0.00025400,0.06
1621663692381000,0,0.00625500,0.06
1621663704017000,0,0.00674300,0.06
1621663704747000,1,1.26905272,0.06
1621663709762000,1,0.00376900,0.06
1621663732615000,1,0.00400000,0.06
1621663733622000,1,0.00015600,0.06
1621663733622000,1,0.00484400,0.06
1621663756441000,0,0.00687003,0.06
1621663765180000,1,0.00032500,0.06
1621663827719000,1,0.00246900,0.06
1621663839361000,0,0.00400000,0.06
1621663839943000,0,0.00300900,0.06
1621663875059000,1,0.00413900,0.06
1621663888101000,1,0.00335500,0.06
1621663904492000,0,5.49183000,0.06
1621663904565000,0,0.00000250,0.06
1621663916395000,1,0.00341200,0.06
1621663925105000,0,0.00345400,0.06
1621663937527000,1,0.00600000,0.06
1621663937604000,1,0.00025500,0.06
1621663956562000,0,0.01900000,0.06
1621663978020000,1,0.00563700,0.06
1621664000802000,1,0.00481600,0.06
1621664005742000,0,0.44924065,0.06
1621664005829000,0,0.06873079,0.06
1621664005917000,0,0.13087495,0.06
1621664005917000,0,0.48492034,0.06
1621664007075000,1,0.00609400,0.06
1621664018941000,1,0.90050000,0.06
1621664018941000,1,0.66271300,0.06
1621664024181000,1,0.00366500,0.06
1621664024284000,1,0.00451000,0.06
1621664028529000,1,0.00700400,0.06
1621664041916000,1,0.00355000,0.06
1621664080912000,0,0.00454000,0.06
1621664087374000,0,0.00500000,0.06
1621664087393000,0,0.00035100,0.06
1621664101257000,1,0.05128389,0.06
1621664101257000,1,0.16251295,0.06
1621664101257000,1,1.13588005,0.06
1621664101257000,1,1.09205676,0.06
1621664108064000,0,0.00700000,0.06
1621664109650000,0,0.00001700,0.06
1621664123652000,0,0.00369017,0.06
1621664132901000,1,0.00800000,0.06
1621664151259000,1,0.00923300,0.06
1621664156911000,0,0.00396800,0.06
1621664174627000,0,0.00367022,0.06
1621664176843000,1,0.00044778,0.06
1621664182617000,1,0.02900000,0.06
1621664183394000,1,7.30681543,0.06
1621664183475000,1,0.23446209,0.06
1621664204277000,0,0.00368020,0.06
1621664220834000,0,0.00366025,0.06
1621664220972000,1,0.00073275,0.06
1621664238235000,0,0.00536600,0.06
1621664247515000,0,0.00500000,0.06
1621664248185000,0,0.00041000,0.06
1621664261060000,1,0.43336000,0.06
1621664266443000,1,5.99614000,0.06
1621664266524000,0,0.00991900,0.06
1621664269437000,0,0.00494300,0.06
1621664295523000,0,0.00472700,0.06
1621664301297000,0,0.00600000,0.06
1621664313943000,0,0.00319900,0.06
1621664316357000,0,0.01300000,0.06
1621664316411000,0,0.00018600,0.06
1621664351028000,1,0.00354100,0.06
1621664369053000,1,0.00415000,0.06
1621664369087000,1,0.00000200,0.06
1621664376024000,1,0.00988000,0.06
1621664422012000,0,0.00400000,0.06
1621664427330000,0,0.00069200,0.06
1621664427330000,0,0.00530800,0.06
1621664437868000,0,0.00107400,0.06
1621664437868000,0,0.00526700,0.06
1621664437868000,0,0.00265900,0.06
1621664443730000,1,0.00373000,0.06
1621664453650000,0,0.00193800,0.06
1621664454584000,0,0.00800000,0.06
1621664493468000,1,0.05100000,0.06
1621664493600000,1,0.44900000,0.06
1621664508639000,0,0.10000000,0.06
1621664508639000,0,1.12834072,0.06
1621664508639000,0,6.87600545,0.06
1621664587595000,0,0.00393700,0.06
1621664597728000,0,0.00335800,0.06
1621664602593000,0,0.00046232,0.06
1621664612423000,1,0.00373500,0.06
1621664654013000,0,0.00593200,0.06
1621664661691000,0,0.00505400,0.06
1621664669320000,0,1.00000000,0.06
1621664683433000,1,0.00360400,0.06
1621664707222000,0,0.00391800,0.06
1621664707222000,0,0.00908200,0.06
1621664728249000,0,0.00500000,0.06
1621664733683000,0,0.00147200,0.06
1621664749762000,0,0.00756300,0.06
1621664782314000,1,0.00366025,0.06
1621664783129000,0,0.00032875,0.06
1621664798404000,0,0.00518400,0.06
1621664798572000,0,0.04785165,0.06
1621664809480000,1,0.00363700,0.06
1621664878417000,1,0.00367022,0.06
1621664898721000,1,0.00368020,0.06
1621664900787000,1,0.00368019,0.06
1621664908276000,1,0.47102726,0.06
1621664914874000,1,0.48700067,0.06
1621664916906000,0,0.00326900,0.06
1621664934683000,0,0.00562900,0.06
1621664934683000,0,0.00337100,0.06
1621664941191000,0,0.00094000,0.06
1621664941191000,0,0.00406000,0.06
1621664942973000,0,0.00134351,0.06
1621664988137000,0,0.00353000,0.06
1621665002770000,0,0.00362900,0.06
1621665009766000,1,0.00474000,0.06
1621665012486000,0,0.00015019,0.06
1621665031929000,1,0.00378200,0.06
1621665036878000,1,2.43320770,0.06
1621665036879000,1,2.43320769,0.06
1621665036880000,1,2.43320770,0.06
1621665041758000,0,0.00793350,0.06
1621665066921000,1,1.00924500,0.06
1621665095152000,0,0.00330800,0.06
1621665096864000,0,0.28548099,0.06
1621665097321000,0,0.00000001,0.06
1621665099823000,0,0.89164072,0.06
1621665099823000,0,0.00367021,0.06
1621665099824000,0,0.00000001,0.06
1621665124415000,1,0.00490300,0.06
1621665139114000,1,4.22715392,0.06
1621665162833000,0,0.02498030,0.06
1621665183365000,0,0.00402700,0.06
1621665208142000,0,0.00400000,0.06
1621665225285000,1,0.00367022,0.06
1621665229758000,1,0.00916218,0.06
1621665229877000,0,0.00815100,0.06
1621665237443000,0,0.00588100,0.06
1621665255300000,0,0.00436400,0.06
1621665263153000,1,0.01700000,0.06
1621665271860000,1,0.00372900,0.06
1621665278692000,1,0.00662700,0.06
1621665282503000,1,0.00500000,0.06
1621665282528000,1,0.00080100,0.06
1621665282528000,1,0.00368019,0.06
1621665293649000,0,0.00327876,0.06
1621665313680000,0,0.00341300,0.06
1621665370312000,0,0.00855400,0.06
1621665376912000,1,0.86573470,0.06
1621665424927000,1,0.00352480,0.06
1621665450181000,0,0.00602000,0.06
1621665450536000,0,0.00373400,0.06
1621665454404000,1,1.32376268,0.06
1621665454405000,1,2.45059746,0.06
1621665454407000,1,1.32376268,0.06
1621665454409000,1,2.45059746,0.06
1621665460252000,0,0.01234595,0.06
1621665461824000,1,3.16112000,0.06
1621665466646000,1,0.00900000,0.06
1621665466781000,1,0.00005300,0.06
1621665479633000,1,0.05000000,0.06
1621665492179000,0,0.00400000,0.06
1621665492656000,0,0.00088600,0.06
1621665510074000,0,0.00819800,0.06
1621665512752000,1,0.00336300,0.06
1621665526687000,1,0.00451300,0.06
1621665616061000,0,0.00601100,0.06
1621665623332000,1,0.00376500,0.06
1621665623332000,1,0.18753273,0.06
1621665623332000,1,0.19129773,0.06
1621665623346000,1,0.19129773,0.06
1621665624339000,1,1.12980586,0.06
1621665624339000,1,0.24483122,0.06
1621665640727000,1,0.00500000,0.06
1621665643705000,0,0.00366800,0.06
1621665647357000,0,0.00485300,0.06
1621665650044000,1,0.00900000,0.06
1621665651377000,1,6.14475658,0.06
1621665691593000,0,0.00610300,0.06
1621665692044000,0,0.00400000,0.06
1621665692190000,0,0.00343100,0.06
1621665716286000,0,0.00369800,0.06
1621665716779000,0,0.00407400,0.06
1621665729272000,0,0.00327337,0.06
1621665777114000,0,0.00437600,0.06
1621665777334000,0,0.05554491,0.06
1621665781695000,1,1.00000000,0.06
1621665789244000,0,4.06734567,0.06
1621665809588000,0,0.00364000,0.06
1621665823210000,0,0.00600000,0.06
1621665823249000,0,0.00019200,0.06
1621665829268000,0,0.00400000,0.06
1621665829328000,0,0.00094000,0.06
1621665840943000,1,0.00368100,0.06
1621665918443000,0,0.00475100,0.06
1621665918640000,0,0.00477400,0.06
1621665931761000,0,0.00368019,0.06
1621665940880000,1,0.00330600,0.06
1621665983810000,1,0.00927800,0.06
1621666005403000,1,1.73843325,0.06
1621666005403000,1,6.11018124,0.06
1621666005403000,1,18.13970000,0.06
1621666005403000,1,1.79630000,0.06
1621666005403000,1,0.10000000,0.06
1621666005403000,1,1.12876136,0.06
1621666005403000,1,2.26059023,0.06
1621666005403000,1,0.20000000,0.06
1621666005403000,1,0.20000000,0.06
1621666005403000,1,0.20000000,0.06
1621666005403000,1,0.90335152,0.06
1621666005403000,1,2.26285585,0.06
1621666005511000,0,0.23600000,0.06
1621666005558000,0,9.18442955,0.06
1621666016430000,0,0.00328800,0.06
1621666028216000,0,0.00392500,0.06
1621666028284000,0,0.00397400,0.06
1621666046797000,0,7.32123659,0.06
1621666046899000,0,11.06558000,0.06
1621666046994000,0,2.30000000,0.06
1621666047088000,0,22.43295209,0.06
1621666047501000,0,2.15016551,0.06
1621666047688000,0,0.69246035,0.06
1621666068356000,0,0.00326665,0.06
1621666094335000,1,0.00932700,0.06
1621666094547000,1,0.00394700,0.06
1621666100410000,0,0.00682700,0.06
1621666112482000,1,0.00879900,0.06
1621666123182000,0,0.00468500,0.06
1621666134849000,0,0.00413300,0.06
1621666138281000,0,0.00519500,0.06
1621666158222000,1,0.00498200,0.06
1621666164416000,1,0.45192705,0.06
1621666187666000,0,0.00367022,0.06
1621666187666000,0,0.88632978,0.06
1621666199307000,1,0.25000000,0.06
1621666200223000,1,1.40346000,0.06
1621666206540000,1,0.00368200,0.06
1621666237346000,0,0.14154000,0.06
1621666291407000,1,0.00394200,0.06
1621666331544000,0,77.09000000,0.06
1621666354689000,0,0.00400300,0.06
1621666355253000,0,0.00476700,0.06
1621666394869000,1,0.00845000,0.06
1621666438379000,0,29.27399654,0.06
1621666441954000,0,0.03300000,0.06
1621666448416000,0,0.00599700,0.06
1621666468514000,0,0.00326028,0.06
1621666468514000,0,0.00571272,0.06
1621666491628000,0,0.00557500,0.06
1621666533656000,0,0.10943000,0.06
1621666533658000,0,0.00000700,0.06
1621666563540000,0,0.00984500,0.06
1621666591191000,0,0.00458700,0.06
1621666594349000,1,0.00341600,0.06
1621666600445000,0,0.00580200,0.06
1621666627681000,0,0.01445500,0.06
1621666641419000,1,0.10000000,0.06
1621666641419000,1,0.35813100,0.06
1621666646988000,1,0.00351200,0.06
1621666675349000,0,0.00350000,0.06
1621666675349000,0,98.38650000,0.06
1621666678293000,1,0.00721500,0.06
1621666743240000,0,0.00466700,0.06
1621666747239000,1,2.00000000,0.06
1621666773204000,0,0.00368020,0.06
1621666801182000,0,0.30000000,0.06
1621666816669000,1,1.61613000,0.06
1621666819869000,1,0.00000216,0.06
1621666853135000,1,0.00540400,0.06
1621666917207000,0,0.00800000,0.06
1621666923668000,1,0.00343300,0.06
1621666943232000,0,0.00625200,0.06
1621666943232000,0,0.00473000,0.06
1621666946801000,0,0.00424200,0.06
1621666969201000,0,0.03000000,0.06
1621666976301000,0,0.00900000,0.06
1621666976650000,0,0.00088400,0.06
1621666977665000,0,33.81000000,0.06
1621667031932000,0,0.00400000,0.06
1621667033284000,0,0.00070700,0.06
1621667049925000,0,0.00483000,0.06
1621667050503000,0,0.00416700,0.06
1621667064700000,0,0.00040300,0.06
1621667069001000,0,1.14628000,0.06
1621667069001000,0,2.07440463,0.06
1621667084491000,1,0.00400000,0.06
1621667093542000,1,0.06347821,0.06
1621667095179000,0,0.00366025,0.06
1621667095179000,0,83.97633975,0.06
1621667100695000,0,0.01000000,0.06
1621667111000000,1,0.00028700,0.06
1621667112467000,0,0.00400000,0.06
1621667128206000,0,0.00085800,0.06
1621667163587000,1,0.00921500,0.06
1621667164168000,1,0.00959600,0.06
1621667168501000,1,0.00463500,0.06
1621667180452000,0,0.04961700,0.06
1621667192409000,0,0.00069700,0.06
1621667208947000,0,0.00715500,0.06
1621667209431000,1,0.01048776,0.06
1621667209431000,1,0.01980724,0.06
1621667212305000,1,0.02364500,0.06
1621667248840000,0,0.00600000,0.06
1621667249150000,0,0.00024500,0.06
1621667281867000,0,0.00419800,0.06
1621667291244000,0,0.10000000,0.06
1621667291244000,0,7.29121590,0.06
1621667291244000,0,4.14096185,0.06
1621667301986000,0,0.00347400,0.06
1621667309473000,1,0.00428400,0.06
1621667326709000,0,2.00000000,0.06
1621667413650000,0,0.00325276,0.06
1621667413728000,0,0.00500000,0.06
1621667425518000,0,0.00387600,0.06
1621667437438000,1,2.42338620,0.06
1621667437438000,1,1.87031380,0.06
1621667437438000,1,0.55307240,0.06
1621667437440000,1,2.42338620,0.06
1621667437440000,1,2.42338620,0.06
1621667437442000,1,2.42338620,0.06
1621667437443000,1,2.42338620,0.06
1621667437463000,1,0.76229940,0.06
1621667437859000,1,0.12003153,0.06
1621667438521000,0,0.00400000,0.06
1621667445959000,1,0.00398900,0.06
1621667476155000,1,0.00400000,0.06
1621667486035000,1,0.00005400,0.06
1621667486035000,1,0.00894600,0.06
1621667489253000,1,0.00020300,0.06
1621667489777000,1,1.65099300,0.06
1621667504097000,1,6.26000000,0.06
1621667520529000,1,0.00500000,0.06
1621667523034000,1,0.00081400,0.06
1621667546743000,1,6.12000000,0.06
1621667564458000,1,0.00590300,0.06
1621667565438000,1,0.00600000,0.06
1621667565584000,1,0.00079100,0.06
1621667565703000,1,0.01225500,0.06
1621667573409000,1,0.02200000,0.06
1621667584227000,0,0.00965000,0.06
1621667607112000,1,0.08124200,0.06
1621667610217000,1,0.09326200,0.06
1621667617491000,0,0.00500000,0.06
1621667619047000,0,0.00072400,0.06
1621667629953000,0,0.04700000,0.06
1621667632021000,0,0.00023400,0.06
1621667632021000,0,0.38911600,0.06
1621667656394000,1,0.00497000,0.06
1621667679933000,1,0.02226100,0.06
1621667702810000,1,0.00725600,0.06
1621667728296000,1,0.72567600,0.06
1621667728734000,0,0.00391700,0.06
1621667744680000,0,0.93387000,0.06
1621667745293000,0,0.00000200,0.06
1621667745293000,0,0.22244800,0.06
1621667745294000,0,0.00000400,0.06
1621667762769000,1,0.00366025,0.06
1621667765457000,1,6.39000000,0.06
1621667772438000,0,0.00335800,0.06
1621667783167000,1,0.05201866,0.06
1621667794857000,0,0.19800000,0.06
1621667801429000,1,0.00345100,0.06
1621667834443000,0,0.00874700,0.06
1621667838673000,1,0.00369700,0.06
1621667841093000,1,0.00452600,0.06
1621667853269000,1,0.30000000,0.06
1621667891383000,0,0.05839100,0.06
1621667891383000,0,0.15425900,0.06
1621667891877000,0,0.00000600,0.06
1621667905382000,0,0.00345100,0.06
1621667919734000,1,0.00367022,0.06
1621667929584000,0,0.00389000,0.06
1621667929584000,0,0.13347700,0.06
1621667929584000,0,0.20067300,0.06
1621667930814000,0,0.00001100,0.06
1621667951936000,0,0.00343700,0.06
1621668012320000,1,0.00580500,0.06
1621668023312000,0,0.00745300,0.06
1621668023548000,0,0.00633900,0.06
1621668036491000,0,0.00427600,0.06
1621668082627000,0,0.00272400,0.06
1621668082627000,0,0.00532200,0.06
1621668082627000,0,0.04195400,0.06
1621668084651000,1,0.00544700,0.06
1621668086799000,0,0.00765800,0.06
1621668128731000,0,0.00454000,0.06
1621668130531000,0,0.00609100,0.06
1621668154949000,0,0.00428400,0.06
1621668174284000,1,0.61610300,0.06
1621668187305000,0,2.77768000,0.06
1621668222907000,1,0.24550100,0.06
1621668247789000,0,0.00368200,0.06
1621668264991000,0,2.17633200,0.06
1621668264991000,0,0.02603600,0.06
1621668285097000,0,0.00367022,0.06
1621668302258000,0,0.07997400,0.06
1621668313494000,0,3.54000000,0.06
1621668316065000,0,0.00329100,0.06
1621668325618000,0,0.51000000,0.06
1621668333710000,0,12.73000000,0.06
1621668334098000,0,0.00177700,0.06
1621668338577000,0,0.00730000,0.06
1621668349946000,1,0.00328000,0.06
1621668361570000,1,0.00560802,0.06
1621668364718000,0,0.69934100,0.06
1621668364718000,0,0.00356000,0.06
1621668369610000,1,0.00652500,0.06
1621668397774000,0,0.00375300,0.06
1621668407189000,0,0.00843100,0.06
1621668419288000,1,0.00718000,0.06
1621668471181000,1,0.00498600,0.06
1621668477336000,1,0.00642800,0.06
1621668477633000,1,0.00427800,0.06
1621668511102000,0,0.00542700,0.06
1621668532880000,1,0.00850900,0.06
1621668534007000,0,0.00454900,0.06
1621668534112000,1,0.01169267,0.06
1621668537809000,1,1.12130330,0.06
1621668537809000,1,4.68019652,0.06
1621668555671000,1,0.00400000,0.06
1621668556598000,1,0.00055400,0.06
1621668564840000,0,0.00459000,0.06
1621668599863000,0,0.21818300,0.06
1621668631292000,1,0.00400000,0.06
1621668631392000,1,0.00057300,0.06
1621668643226000,1,0.00498600,0.06
1621668664910000,1,3.05483700,0.06
1621668695512000,0,0.00800000,0.06
1621668700395000,0,0.00000900,0.06
1621668711207000,1,0.00412500,0.06
1621668718646000,1,0.20992900,0.06
1621668724642000,1,0.14827500,0.06
1621668734473000,1,0.00457300,0.06
1621668739640000,1,0.01209300,0.06
1621668753339000,0,0.00344900,0.06
1621668758511000,0,0.00532200,0.06
1621668782833000,0,0.79000000,0.06
1621668817054000,0,0.00400000,0.06
1621668817096000,0,0.00941000,0.06
1621668827360000,0,0.03929694,0.06
1621668840030000,1,0.00805000,0.06
1621668845378000,0,1.00000000,0.06
1621668872397000,0,0.00561200,0.06
1621668876689000,1,0.00341200,0.06
1621668876689000,1,0.00358800,0.06
1621668880974000,1,0.00123200,0.06
1621668887287000,0,0.00448700,0.06
1621668908976000,1,0.00477100,0.06
1621668909113000,1,0.00434500,0.06
1621668943057000,1,0.00719014,0.06
1621668980065000,1,0.00392700,0.06
1621668980065000,1,0.00707300,0.06
1621668981184000,1,0.00112000,0.06
1621669007750000,1,0.30679500,0.06
1621669026531000,1,0.00367022,0.06
1621669026531000,1,0.00252978,0.06
1621669054138000,0,0.16254311,0.06
1621669082091000,0,0.05230921,0.06
1621669082714000,1,0.00700000,0.06
1621669082810000,1,0.00088500,0.06
1621669230729000,1,2.40261700,0.06
1621669246515000,1,0.10000000,0.06
1621669262967000,0,0.02336500,0.06
1621669262967000,0,0.00363500,0.06
1621669263003000,0,0.00092200,0.06
1621669275150000,1,0.03849300,0.06
1621669285245000,1,0.49052471,0.06
1621669298374000,0,0.00365500,0.06
1621669305043000,0,0.00397500,0.06
1621669310300000,0,0.00711100,0.06
1621669331615000,0,0.00500000,0.06
1621669333001000,0,0.01560500,0.06
1621669346446000,0,0.00367022,0.06
1621669346446000,0,0.00026378,0.06
1621669371828000,0,0.00478400,0.06
1621669374278000,1,0.00518100,0.06
1621669399946000,1,0.00400000,0.06
1621669399954000,1,0.00095300,0.06
1621669399954000,1,2.43444957,0.06
1621669399955000,1,2.43540257,0.06
1621669399956000,1,2.43540257,0.06
1621669399957000,1,2.43540257,0.06
1621669399965000,1,2.43540257,0.06
1621669409521000,0,0.00439900,0.06
1621669414959000,1,0.01160100,0.06
1621669416843000,1,0.01363500,0.06
1621669416948000,1,0.00925300,0.06
1621669439211000,1,0.00662200,0.06
1621669453418000,1,0.00449500,0.06
1621669453543000,1,0.01517000,0.06
1621669459398000,1,0.14955900,0.06
1621669490052000,1,6.02467094,0.06
1621669497921000,0,0.00357300,0.06
1621669560773000,1,0.00692900,0.06
1621669569001000,0,0.00400000,0.06
1621669570302000,0,0.00790400,0.06
1621669588576000,0,0.00469290,0.06
1621669595835000,0,0.00456239,0.06
1621669599821000,1,10.09900000,0.06
1621669634328000,0,0.00246100,0.06
1621669646279000,1,0.00437700,0.06
1621669647571000,1,0.45900000,0.06
1621669655760000,1,0.01089400,0.06
1621669671491000,1,0.07196400,0.06
1621669677181000,1,0.01297300,0.06
1621669689487000,1,0.01377000,0.06
1621669689903000,1,0.00401200,0.06
1621669719961000,0,1.80536400,0.06
1621669719961000,0,0.00995000,0.06
1621669720180000,0,0.00794800,0.06
1621669737305000,1,0.00440800,0.06
1621669743477000,0,0.00477600,0.06
1621669755661000,0,0.00365000,0.06
1621669785117000,0,0.79071100,0.06
1621669792932000,0,0.00754100,0.06
1621669792932000,0,0.02857999,0.06
1621669808164000,1,0.00374799,0.06
1621669844057000,1,0.00390900,0.06
1621669872466000,1,0.03363300,0.06
1621669877012000,0,0.00364598,0.06
1621669877202000,0,0.00000402,0.06
1621669888648000,1,0.04394600,0.06
1621669901034000,1,0.00754100,0.06
1621669907014000,1,0.00400000,0.06
1621669907187000,1,0.00026100,0.06
1621669949220000,0,1.11000000,0.06
1621669955355000,0,0.00496100,0.06
1621670020560000,0,0.00366025,0.06
1621670020560000,0,0.00388075,0.06
1621670067982000,0,0.00366023,0.06
1621670069776000,1,0.03527700,0.06
1621670069888000,1,0.00400000,0.06
1621670083766000,1,0.00400000,0.06
1621670083786000,1,0.00074000,0.06
1621670104337000,0,0.00689500,0.06
1621670114561000,1,0.01061700,0.06
1621670114760000,1,0.01024900,0.06
1621670117266000,1,0.00917404,0.06
1621670123254000,1,0.00386900,0.06
1621670129177000,0,0.00404400,0.06
1621670148146000,1,0.00456200,0.06
1621670148269000,0,0.00578800,0.06
1621670152697000,0,0.00800000,0.06
1621670153137000,0,0.17904500,0.06
1621670163225000,0,0.43301130,0.06
1621670164234000,0,0.08000000,0.06
1621670165724000,0,0.00778170,0.06
1621670179577000,1,0.06141200,0.06
1621670200730000,1,0.04357900,0.06
1621670220359000,0,0.00584435,0.06
1621670220359000,0,0.00364028,0.06
1621670220359000,0,1.01694431,0.06
1621670267070000,0,0.00975300,0.06
1621670277439000,1,0.00490000,0.06
1621670297119000,1,0.10000000,0.06
1621670297119000,1,0.13430738,0.06
1621670322895000,0,0.02042700,0.06
1621670331340000,0,0.00397600,0.06
1621670373322000,0,0.00420600,0.06
1621670448543000,0,1.13725000,0.06
1621670448543000,0,0.98713012,0.06
1621670448543000,0,0.89578811,0.06
1621670448543000,0,1.11003921,0.06
1621670448543000,0,1.50783987,0.06
1621670456866000,0,0.00339800,0.06
1621670512981000,0,0.04045800,0.06
1621670514941000,0,0.00369015,0.06
1621670515479000,0,0.00365026,0.06
1621670517145000,0,0.00363031,0.06
1621670545503000,0,0.00517879,0.06
1621670545944000,0,0.02474409,0.06
1621670545944000,0,0.00368018,0.06
1621670545944000,0,0.00157573,0.06
1621670548043000,1,0.00498500,0.06
1621670563076000,0,0.00327400,0.06
1621670583380000,0,6.80000000,0.06
1621670586321000,0,1.27081002,0.06
1621670594646000,0,1.20000000,0.06
1621670598626000,1,0.00916000,0.06
1621670610934000,0,0.00206456,0.06
1621670612023000,1,0.00150944,0.06
1621670631102000,0,0.20000000,0.06
1621670654424000,0,0.00362034,0.06
1621670654424000,0,0.00322967,0.06
1621670654424000,0,0.72954498,0.06
1621670663015000,1,0.00382400,0.06
1621670663134000,1,0.23214000,0.06
1621670676835000,1,0.00391600,0.06
1621670677224000,1,0.06205400,0.06
1621670698724000,0,0.00419200,0.06
1621670700868000,0,0.00600592,0.06
1621670700868000,0,0.00367021,0.06
1621670705191000,0,0.00363032,0.06
1621670708909000,0,0.02414279,0.06
1621670709279000,0,0.00361037,0.06
1621670718881000,0,0.10000000,0.06
1621670733207000,0,0.00366024,0.06
1621670733207000,0,0.00362035,0.06
1621670733207000,0,0.96847389,0.06
1621670733207000,0,0.11863427,0.06
1621670733207000,0,0.87158289,0.06
1621670733207000,0,0.79228816,0.06
1621670733217000,0,1.38208604,0.06
1621670733217000,0,0.10000000,0.06
1621670741926000,1,0.00458100,0.06
1621670769710000,1,0.00515139,0.06
1621670770730000,1,0.03079000,0.06
1621670785840000,0,0.00965900,0.06
1621670785974000,0,0.00469300,0.06
1621670796148000,1,10.50000000,0.06
1621670814640000,1,0.00495100,0.06
1621670815395000,1,0.00400000,0.06
1621670822008000,1,0.00056011,0.06
1621670849040000,1,0.00431400,0.06
1621670853546000,1,0.00400000,0.06
1621670878502000,0,0.01020028,0.06
1621670879760000,0,0.00360040,0.06
1621670880249000,0,0.00800000,0.06
1621670881015000,0,3.16391104,0.06
1621670881926000,0,0.00365027,0.06
1621670882028000,0,0.00361038,0.06
1621670883540000,0,0.00359043,0.06
1621670890182000,0,0.00364030,0.06
1621670890182000,0,0.00360041,0.06
1621670891820000,0,0.00641393,0.06
1621670892954000,1,0.01690500,0.06
1621670893495000,1,2.07020000,0.06
1621670893495000,1,1.88782000,0.06
1621670893942000,0,0.01008894,0.06
1621670894343000,0,0.00358046,0.06
1621670894393000,0,0.68957114,0.06
1621670915110000,0,0.02436195,0.06
1621670915110000,0,0.00363033,0.06
1621670915110000,0,0.00200772,0.06
1621670915890000,1,0.00462900,0.06
1621670916567000,1,0.00369500,0.06
1621670932722000,0,0.00157272,0.06
1621670941296000,1,0.00400000,0.06
1621670941458000,1,0.00037200,0.06
1621670956600000,0,0.00462400,0.06
1621670956733000,0,0.00112800,0.06
1621670956733000,0,0.00293100,0.06
1621670957725000,0,0.01930838,0.06
1621670958242000,0,0.00357049,0.06
1621670965541000,0,1.40000000,0.06
1621670965541000,0,1.80000000,0.06
1621670970647000,0,0.00361036,0.06
1621670984789000,1,21.54633375,0.06
1621670985300000,1,21.54813000,0.06
1621670985830000,1,0.00445500,0.06
1621670985830000,1,21.55073428,0.06
1621670986963000,1,21.55336258,0.06
1621670987382000,1,21.54896404,0.06
1621670988179000,1,21.55249631,0.06
1621670989015000,1,0.24600000,0.06
1621670989019000,1,0.19431199,0.06
1621671003393000,0,0.00449500,0.06
1621671022610000,0,0.05511013,0.06
1621671026979000,0,0.00513200,0.06
1621671027750000,1,0.10473200,0.06
1621671031555000,0,0.02300000,0.06
1621671031593000,0,0.00003000,0.06
1621671052962000,1,0.10000000,0.06
1621671052962000,1,0.86441200,0.06
1621671061414000,1,1.28221456,0.06
1621671096075000,0,0.00357047,0.06
1621671096163000,1,0.02300000,0.06
1621671096177000,1,1.25727664,0.06
1621671121104000,0,2.15238802,0.06
1621671121104000,0,1.07481193,0.06
1621671121104000,0,0.10000000,0.06
1621671121104000,0,1.67280005,0.06
1621671183892000,1,0.00941000,0.06
1621671184539000,1,0.00000200,0.06
1621671219907000,0,0.00318838,0.06
1621671219990000,1,0.00310762,0.06
1621671270896000,0,0.00356052,0.06
1621671272616000,1,0.02910100,0.06
1621671275394000,1,1.81528600,0.06
1621671276805000,1,0.00958700,0.06
1621671278313000,1,0.44672012,0.06
1621671293724000,0,0.00360039,0.06
1621671293724000,0,0.00356050,0.06
1621671293845000,0,0.86012685,0.06
1621671293845000,0,0.21424961,0.06
1621671308973000,0,0.00416200,0.06
1621671338160000,0,0.86143954,0.06
1621671338160000,0,0.02856046,0.06
1621671338288000,0,0.00142254,0.06
1621671347681000,1,0.00348300,0.06
1621671351658000,0,0.00508658,0.06
1621671351658000,0,0.00354055,0.06
1621671351658000,0,0.02137287,0.06
1621671352451000,0,0.00280023,0.06
1621671352719000,0,1.40000000,0.06
1621671352719000,0,1.80000000,0.06
1621671352847000,0,0.25000000,0.06
1621671358003000,1,0.00371700,0.06
1621671382485000,1,0.00375300,0.06
1621671382485000,1,2.34787346,0.06
1621671382497000,1,2.35162646,0.06
1621671382504000,1,0.20132744,0.06
1621671382505000,1,2.35162646,0.06
1621671408494000,1,0.01234595,0.06
1621671413415000,0,0.00998112,0.06
1621671413415000,0,0.00359042,0.06
1621671413415000,0,0.49642846,0.06
1621671417985000,1,21.90569000,0.06
1621671419051000,1,0.00406400,0.06
1621671419167000,1,0.00353400,0.06
1621671419446000,0,0.00357154,0.06
1621671426756000,0,0.00355053,0.06
1621671438004000,0,18.60248000,0.06
1621671441262000,1,0.25000000,0.06
1621671441314000,1,5.86166965,0.06
1621671477986000,1,0.00941600,0.06
1621671510539000,0,0.00000131,0.06
1621671510539000,0,2.34990746,0.06
1621671510542000,0,0.17101258,0.06
1621671510548000,0,2.34990878,0.06
1621671556545000,1,0.00404100,0.06
1621671567674000,1,0.00448700,0.06
1621671612163000,1,0.00531000,0.06
1621671612623000,0,1.23574000,0.06
1621671618188000,0,0.00000100,0.06
1621671651390000,0,0.00439000,0.06
1621671663101000,0,0.00435200,0.06
1621671680294000,0,0.01000000,0.06
1621671681471000,0,0.00072600,0.06
1621671691710000,0,0.00700000,0.06
1621671698766000,1,0.00400000,0.06
1621671700403000,1,0.00009000,0.06
1621671714529000,0,6.85799258,0.06
1621671719893000,1,0.00687000,0.06
1621671754813000,0,0.00768300,0.06
1621671778850000,1,0.00400000,0.06
1621671813511000,1,0.00373400,0.06
1621671818432000,0,0.05000000,0.06
1621671870399000,0,0.00400000,0.06
1621671879833000,0,0.00015900,0.06
1621671884727000,0,0.00400000,0.06
1621671887096000,0,0.00015200,0.06
1621671903512000,1,0.00433400,0.06
1621671909855000,1,0.00315000,0.06
1621671943285000,1,0.00354055,0.06
1621671943285000,1,0.60066645,0.06
1621672041245000,0,0.00421100,0.06
1621672044614000,0,0.42431482,0.06
1621672044883000,0,1.03572913,0.06
1621672045693000,0,7.07124086,0.06
1621672045835000,0,0.16506501,0.06
1621672045945000,0,0.19137378,0.06
1621672046062000,0,0.43400000,0.06
1621672047828000,0,1.90000000,0.06
1621672053157000,0,0.95000000,0.06
1621672053874000,0,0.00606549,0.06
1621672077218000,0,0.00488800,0.06
1621672121841000,0,0.00500000,0.06
1621672127685000,0,0.00076200,0.06
1621672138434000,0,0.19000000,0.06
1621672142615000,1,0.00509900,0.06
1621672155346000,0,0.00371200,0.06
1621672158188000,0,0.00928900,0.06
1621672159121000,0,0.00337200,0.06
1621672193234000,1,0.00400000,0.06
1621672195197000,1,0.00043200,0.06
1621672208504000,1,0.00452500,0.06
1621672252919000,1,0.00440000,0.06
1621672267887000,0,0.00439400,0.06
1621672296698000,0,0.00356200,0.06
1621672321266000,1,0.00500000,0.06
1621672327726000,1,0.00074248,0.06
1621672375183000,1,0.00485700,0.06
1621672384831000,1,0.00996300,0.06
1621672412406000,0,0.00404000,0.06
1621672435227000,0,0.00494200,0.06
1621672447973000,1,0.00374400,0.06
1621672459083000,1,0.00379700,0.06
1621672469891000,0,0.00540700,0.06
1621672491547000,0,0.00466400,0.06
1621672608648000,1,0.00355053,0.06
1621672619862000,0,0.00439300,0.06
1621672658871000,0,0.00333900,0.06
1621672659520000,1,0.31915300,0.06
1621672659520000,1,0.00084700,0.06
1621672659524000,1,0.00394000,0.06
1621672665046000,0,0.00472900,0.06
1621672692089000,1,0.00418600,0.06
1621672704071000,0,0.18906056,0.06
1621672705316000,0,1.86830734,0.06
1621672705493000,0,1.34428673,0.06
1621672705653000,0,0.15728015,0.06
1621672705653000,0,1.71086664,0.06
1621672705823000,0,1.86814680,0.06
1621672706092000,0,1.86766883,0.06
1621672706401000,0,1.86795170,0.06
1621672751587000,0,0.01026500,0.06
1621672756972000,1,0.00489800,0.06
1621672774023000,0,0.00761400,0.06
1621672786131000,0,0.00322100,0.06
1621672812586000,0,0.00319000,0.06
1621672812983000,1,0.00356400,0.06
1621672815892000,0,0.00318387,0.06
1621672853359000,0,0.00400000,0.06
1621672858248000,0,0.00000100,0.06
1621672862044000,1,0.00415400,0.06
1621672896906000,0,0.00354055,0.06
1621672899677000,0,0.00355053,0.06
1621672900540000,1,0.00489600,0.06
1621672903542000,0,0.00400000,0.06
1621672903621000,0,0.00044432,0.06
1621672904117000,0,0.00353058,0.06
1621672904912000,0,0.23267100,0.06
1621672905123000,1,0.01474200,0.06
1621672909792000,0,0.00358045,0.06
1621672910405000,0,0.00354056,0.06
1621672910770000,0,1.00000000,0.06
1621672910770000,0,1.80000000,0.06
1621672910770000,0,1.40000000,0.06
1621672916911000,1,0.00681000,0.06
1621672933564000,0,0.00358000,0.06
1621672934691000,1,0.01800000,0.06
1621672962489000,0,0.00352061,0.06
1621672962489000,0,0.00647939,0.06
1621672962685000,0,0.00125721,0.06
1621672962685000,0,0.50000000,0.06
1621672962891000,0,0.07974320,0.06
1621672983829000,0,0.00757900,0.06
1621673030001000,0,0.00436300,0.06
1621673035644000,0,0.00465700,0.06
1621673035974000,0,0.00706400,0.06
1621673042452000,0,0.00323000,0.06
1621673050768000,1,0.00341300,0.06
1621673072139000,1,0.00481000,0.06
1621673072523000,1,5.70015863,0.06
1621673077853000,0,0.00333100,0.06
1621673078001000,0,0.00356200,0.06
1621673120417000,0,0.00874800,0.06
1621673120417000,0,0.00359800,0.06
1621673120417000,0,0.34775208,0.06
1621673121599000,0,0.00707200,0.06
1621673122131000,0,0.18743557,0.06
1621673122185000,0,1.81763614,0.06
1621673122475000,0,1.35580688,0.06
1621673122653000,0,1.81763662,0.06
1621673122835000,0,1.81763748,0.06
1621673122990000,0,0.18743560,0.06
1621673123039000,0,1.81763783,0.06
1621673123214000,0,1.32254617,0.06
1621673123309000,0,0.00066172,0.06
1621673123309000,0,0.18677388,0.06
1621673123475000,0,1.78648971,0.06
1621673123475000,0,0.03114825,0.06
1621673123657000,0,0.18743554,0.06
1621673123682000,0,1.81763789,0.06
1621673123861000,0,1.46453318,0.06
1621673124777000,0,0.18667647,0.06
1621673125109000,0,0.31438670,0.06
1621673134639000,0,0.00433700,0.06
1621673136373000,0,0.99656861,0.06
1621673136373000,0,0.81950341,0.06
1621673136530000,0,1.81607233,0.06
1621673136707000,0,0.29202529,0.06
1621673136873000,0,0.29931884,0.06
1621673137381000,0,1.42894785,0.06
1621673137583000,0,0.99965947,0.06
1621673137776000,0,1.85309637,0.06
1621673137947000,0,1.51941078,0.06
1621673138129000,0,0.44112966,0.06
1621673138294000,0,0.25762688,0.06
1621673138466000,0,0.00012899,0.06
1621673138466000,0,0.16767132,0.06
1621673138641000,0,1.85366991,0.06
1621673138892000,0,1.85367029,0.06
1621673139054000,0,1.85367061,0.06
1621673139173000,0,0.18749414,0.06
1621673139222000,0,1.85367093,0.06
1621673139461000,0,1.32368204,0.06
1621673139697000,0,0.62625713,0.06
1621673139920000,0,0.21282083,0.06
1621673140152000,0,0.01561489,0.06
1621673140351000,0,0.58616458,0.06
1621673140490000,0,0.18740625,0.06
1621673140572000,0,1.85280435,0.06
1621673140762000,0,1.85280468,0.06
1621673140877000,0,0.18740609,0.06
1621673140946000,0,1.85251581,0.06
1621673141167000,0,1.85251613,0.06
1621673141337000,0,1.56147501,0.06
1621673141408000,0,0.18737700,0.06
1621673141566000,0,0.20000000,0.06
1621673178614000,1,0.00456400,0.06
1621673189961000,1,5.66372916,0.06
1621673217773000,1,0.00352061,0.06
1621673253335000,0,0.00892900,0.06
1621673296381000,1,0.00815200,0.06
1621673376540000,1,0.00353058,0.06
1621673376862000,1,0.21395845,0.06
1621673376924000,1,1.03734319,0.06
1621673376962000,1,0.92532264,0.06
1621673377158000,1,0.21164724,0.06
1621673377355000,1,0.24627838,0.06
1621673377416000,1,0.66835890,0.06
1621673377443000,1,0.47271567,0.06
1621673377451000,1,0.50478702,0.06
1621673377476000,1,0.56443219,0.06
1621673377513000,1,0.19085190,0.06
1621673379032000,0,0.00927700,0.06
1621673410121000,0,0.01000000,0.06
1621673423852000,0,0.00566500,0.06
1621673441474000,1,0.00462800,0.06
1621673445883000,1,0.00610000,0.06
1621673452655000,0,0.00928900,0.06
1621673523432000,0,0.00452500,0.06
1621673539762000,1,0.00538000,0.06
1621673577202000,1,0.00969000,0.06
1621673595008000,1,57.41000000,0.06
1621673612044000,0,0.00400000,0.06
1621673612141000,0,0.00066900,0.06
1621673625570000,0,0.63725263,0.06
1621673645795000,1,30.95000000,0.06
1621673655286000,0,0.00491400,0.06
1621673659565000,1,0.24328408,0.06
1621673659658000,1,0.46030823,0.06
1621673669446000,0,0.11900000,0.06
1621673673257000,0,0.00047867,0.06
1621673685193000,1,0.00648800,0.06
1621673779743000,1,0.00323800,0.06
1621673795559000,1,0.00328500,0.06
1621673875939000,1,0.00400000,0.06
1621673895891000,1,0.00032200,0.06
1621673915191000,1,0.00439900,0.06
1621673923401000,0,0.00568300,0.06
1621673965882000,1,0.00400000,0.06
1621673967627000,1,0.00061800,0.06
1621673970529000,0,0.00362300,0.06
1621674066690000,1,0.00421200,0.06
1621674073977000,0,0.00426700,0.06
1621674093716000,1,1.19394067,0.06
1621674093716000,1,1.16299805,0.06
1621674093716000,1,2.35693872,0.06
1621674093717000,1,2.35693873,0.06
1621674093717000,1,2.35693873,0.06
1621674095155000,0,0.00569400,0.06
1621674129019000,0,0.00493900,0.06
1621674149354000,1,0.00857000,0.06
1621674173226000,0,0.00359500,0.06
1621674196687000,1,0.00381974,0.06
1621674196687000,1,0.00539926,0.06
1621674207260000,1,6.04000000,0.06
1621674217282000,0,0.00500000,0.06
1621674228230000,0,0.00019500,0.06
1621674276127000,1,0.00462200,0.06
1621674297842000,0,0.00495300,0.06
1621674310390000,0,0.00900000,0.06
1621674317346000,0,0.00025100,0.06
1621674353400000,1,0.00429700,0.06
1621674384577000,0,0.00382000,0.06
1621674384657000,0,0.00000500,0.06
1621674475060000,1,0.86038936,0.06
1621674475060000,1,0.84028616,0.06
1621674475060000,1,0.82000000,0.06
1621674475091000,1,0.86201041,0.06
1621674475091000,1,0.00354056,0.06
1621674475091000,1,1.35328212,0.06
1621674477233000,0,0.44655649,0.06
1621674478611000,1,0.00354055,0.06
1621674478996000,0,3.12000000,0.06
1621674479958000,1,0.00389400,0.06
1621674479958000,1,1.09082000,0.06
1621674479958000,1,0.22688039,0.06
1621674523322000,1,0.00340900,0.06
1621674585160000,1,0.00383300,0.06
1621674608650000,1,5.87861306,0.06
1621674608650000,1,0.85274358,0.06
1621674608650000,1,0.20000000,0.06
1621674608650000,1,0.85242594,0.06
1621674608761000,0,16.05040000,0.06
1621674608776000,0,0.10100000,0.06
1621674608944000,0,10.92681742,0.06
1621674609716000,0,0.08880000,0.06
1621674639726000,0,0.00590400,0.06
1621674685930000,1,0.00446743,0.06
1621674709107000,0,0.09123036,0.06
1621674726383000,1,0.00469700,0.06
1621674735600000,1,0.00355053,0.06
1621674738122000,1,0.00356052,0.06
1621674766615000,0,0.00340400,0.06
1621674769734000,1,0.00356050,0.06
1621674769911000,1,0.25000000,0.06
1621674797184000,0,0.00351300,0.06
1621674797184000,0,0.00590400,0.06
1621674797184000,0,0.00350000,0.06
1621674826742000,1,0.00437500,0.06
1621674827200000,1,0.00010670,0.06
1621674841948000,0,4.28000000,0.06
1621674860938000,1,0.00511600,0.06
1621674895475000,1,0.00345900,0.06
1621674913819000,1,0.00357049,0.06
1621674918287000,1,0.00357047,0.06
1621674918543000,1,0.00358046,0.06
1621674918543000,1,0.86776656,0.06
1621674918543000,1,0.75900859,0.06
1621674920678000,1,0.09935666,0.06
1621674921284000,0,0.85588982,0.06
1621674921284000,0,0.86880156,0.06
1621674921478000,1,0.00358045,0.06
1621674923251000,1,0.00358044,0.06
1621674923251000,1,48.10541956,0.06
1621674947759000,1,2.16322765,0.06
1621674947759000,1,1.08208547,0.06
1621674947759000,1,0.87062225,0.06
1621674947759000,1,32.55510000,0.06
1621674947759000,1,6.23731025,0.06
1621674947759000,1,0.87285851,0.06
1621674947759000,1,2.16372808,0.06
1621674947759000,1,2.16535436,0.06
1621674947759000,1,0.87668304,0.06
1621674947759000,1,0.00359043,0.06
1621674947759000,1,2.16651389,0.06
1621674947759000,1,0.86549024,0.06
1621674947759000,1,1.35000000,0.06
1621674947759000,1,0.02417310,0.06
1621674947841000,0,0.25000000,0.06
1621674947870000,0,1.89393965,0.06
1621674948371000,1,0.04700000,0.06
1621674951223000,1,0.00998112,0.06
1621674955003000,1,0.04347732,0.06
1621674963818000,1,1.86480968,0.06
1621674964060000,1,1.86451085,0.06
1621674964084000,1,0.04385965,0.06
1621674964347000,1,1.86451089,0.06
1621674964573000,1,1.86451089,0.06
1621674964753000,1,1.86451074,0.06
1621674965070000,1,1.86451045,0.06
1621674965397000,1,1.90180066,0.06
1621674965550000,1,1.90180066,0.06
1621674965577000,1,0.03303238,0.06
1621674965577000,1,0.15932956,0.06
1621675032321000,1,0.00800000,0.06
1621675033480000,1,0.00073500,0.06
1621675048748000,1,0.00392139,0.06
1621675052423000,0,1.86000000,0.06
1621675052778000,0,0.00800000,0.06
1621675076662000,0,0.00878900,0.06
1621675095701000,0,5.68000000,0.06
1621675104513000,1,0.00322200,0.06
1621675113704000,0,0.00428900,0.06
1621675114228000,1,0.00360039,0.06
1621675172808000,0,0.00451700,0.06
1621675197998000,0,0.00334000,0.06
1621675217329000,1,0.00457900,0.06
1621675225095000,0,0.00690900,0.06
1621675261470000,1,0.00400000,0.06
1621675261597000,1,0.00023400,0.06
1621675268494000,1,0.00360041,0.06
1621675289363000,0,0.00374600,0.06
1621675297081000,1,0.00360040,0.06
1621675297081000,1,5.99639960,0.06
1621675304710000,0,0.00424600,0.06
1621675345970000,1,0.00361038,0.06
1621675401293000,0,0.00476900,0.06
1621675423350000,0,0.00400000,0.06
1621675475632000,1,0.84546832,0.06
1621675475632000,1,0.86103752,0.06
1621675475632000,1,0.85265266,0.06
1621675475632000,1,0.84543345,0.06
1621675475654000,0,16.05510000,0.06
1621675475714000,0,0.30000000,0.06
1621675475770000,0,7.19276527,0.06
1621675475785000,0,5.82688325,0.06
1621675492845000,1,0.84860264,0.06
1621675492845000,1,1.07302986,0.06
1621675492845000,1,0.86831628,0.06
1621675492966000,0,0.81869920,0.06
1621675520079000,1,0.00487800,0.06
1621675540136000,0,0.00475300,0.06
1621675591458000,0,0.00374500,0.06
1621675613683000,1,0.00324400,0.06
1621675649983000,1,0.80000000,0.06
1621675667337000,0,0.00406900,0.06
1621675675799000,0,0.00360040,0.06
1621675675799000,0,6.16639960,0.06
1621675682823000,0,0.00361038,0.06
1621675682830000,0,1.75770000,0.06
1621675687071000,0,0.00359043,0.06
1621675688179000,0,0.02735000,0.06
1621675688318000,0,0.40000000,0.06
1621675716983000,1,7.15052000,0.06
1621675734855000,0,1.11291000,0.06
1621675734855000,0,0.29390051,0.06
1621675734858000,0,2.38594695,0.06
1621675734863000,0,2.38594696,0.06
1621675734865000,0,2.09237359,0.06
1621675734865000,0,0.29357337,0.06
1621675739092000,0,0.00480500,0.06
1621675744193000,1,0.00534000,0.06
1621675749273000,1,0.00396000,0.06
1621675776722000,0,0.00474300,0.06
1621675787505000,0,0.00747600,0.06
1621675821172000,0,6.10000000,0.06
1621675822423000,1,0.05293000,0.06
1621675841306000,0,0.00360041,0.06
1621675869675000,0,0.00358046,0.06
1621675871685000,0,0.03303238,0.06
1621675873560000,0,0.00358044,0.06
1621675875428000,0,0.00357049,0.06
1621675876039000,0,0.00357047,0.06
1621675877407000,0,0.00356052,0.06
1621675929779000,0,0.00764411,0.06
1621675931891000,1,0.00400000,0.06
1621675931991000,1,0.00029300,0.06
1621675936276000,1,0.00800000,0.06
1621675938984000,1,0.00045900,0.06
1621676018239000,1,14.65000000,0.06
1621676035366000,0,0.00360039,0.06
1621676035366000,0,0.00012561,0.06
1621676037637000,0,0.03000000,0.06
1621676069678000,1,0.00458100,0.06
1621676135771000,1,0.00400000,0.06
1621676135982000,1,0.00065900,0.06
1621676141695000,1,0.00404500,0.06
1621676159028000,0,0.00375600,0.06
1621676164941000,0,0.00576400,0.06
1621676174034000,0,0.00350143,0.06
1621676174092000,0,0.00343489,0.06
1621676177940000,0,0.00354055,0.06
1621676178047000,1,0.23400000,0.06
1621676179524000,0,0.02417310,0.06
1621676185329000,1,0.00894500,0.06
1621676239705000,1,0.00392600,0.06
1621676250333000,0,0.00381256,0.06
1621676265041000,1,0.00469400,0.06
1621676266743000,0,0.00391000,0.06
1621676310820000,1,0.00824300,0.06
1621676328677000,0,0.00998112,0.06
1621676328677000,0,0.00355053,0.06
1621676328677000,0,0.82646835,0.06
1621676343631000,1,0.00660100,0.06
1621676362832000,1,0.00329400,0.06
1621676409901000,1,0.00844600,0.06
1621676424347000,1,0.00389300,0.06
1621676462507000,0,0.00900000,0.06
1621676462625000,0,0.00071000,0.06
1621676505401000,0,0.00346600,0.06
1621676527593000,0,0.00409900,0.06
1621676531588000,1,0.00343500,0.06
1621676605471000,1,0.13983000,0.06
1621676605869000,1,0.26618094,0.06
1621676657287000,0,0.00333200,0.06
1621676770699000,0,0.00456700,0.06
1621676805561000,0,0.00329400,0.06
1621676829816000,0,0.00410400,0.06
1621676830183000,0,0.00328700,0.06
1621676830280000,0,0.00400000,0.06
1621676830286000,0,0.00090800,0.06
1621676832008000,0,0.00400000,0.06
1621676832186000,0,0.00059000,0.06
1621676837632000,0,0.00747100,0.06
1621676865839000,0,6.20000000,0.06
1621676877839000,1,0.00409700,0.06
1621676900060000,0,0.00446200,0.06
1621676980932000,1,0.00493200,0.06
1621677112134000,1,21.17334171,0.06
1621677112138000,0,0.00408000,0.06
1621677112310000,1,1.05866709,0.06
1621677112312000,1,2.11733418,0.06
1621677112476000,0,2.11727214,0.06
1621677112666000,1,21.18068260,0.06
1621677146976000,1,0.00667100,0.06
1621677166575000,1,0.04994000,0.06
1621677176449000,0,0.00400300,0.06
1621677176844000,0,0.00777900,0.06
1621677196789000,1,0.00326600,0.06
1621677203984000,1,0.00770200,0.06
1621677220804000,1,0.00425200,0.06
1621677226402000,1,0.00354055,0.06
1621677226638000,1,0.00510021,0.06
1621677258338000,0,0.00519900,0.06
1621677258338000,0,0.49480100,0.06
1621677260206000,0,0.00500000,0.06
1621677261421000,0,0.00019900,0.06
1621677261889000,1,0.00488300,0.06
1621677324232000,0,0.00414400,0.06
1621677376663000,1,0.00400000,0.06
1621677376799000,1,0.00006100,0.06
1621677391013000,1,0.86977193,0.06
1621677391013000,1,0.00761200,0.06
1621677391013000,1,5.72261607,0.06
1621677396189000,1,0.00600000,0.06
1621677397086000,1,0.00005819,0.06
1621677422434000,1,2.36296012,0.06
1621677422435000,1,2.36296012,0.06
1621677422437000,1,2.36296012,0.06
1621677439232000,1,0.00500800,0.06
1621677459282000,1,0.00524000,0.06
1621677486599000,1,0.00494100,0.06
1621677501323000,1,3.28000000,0.06
1621677519643000,1,0.00433100,0.06
1621677524883000,0,0.00495800,0.06
1621677602575000,1,6.09000000,0.06
1621677605951000,1,0.84785810,0.06
1621677605951000,1,0.84752108,0.06
1621677605951000,1,15.77080000,0.06
1621677605951000,1,14.89102082,0.06
1621677622181000,1,0.00354200,0.06
1621677625780000,1,0.00000853,0.06
1621677626275000,1,0.00356052,0.06
1621677626586000,1,0.85409035,0.06
1621677626586000,1,0.00356050,0.06
1621677626586000,1,0.85521483,0.06
1621677626586000,1,4.01580858,0.06
1621677684064000,0,0.01044569,0.06
1621677696212000,1,0.00907100,0.06
1621677701286000,0,0.00211100,0.06
1621677711848000,1,0.00412700,0.06
1621677736663000,0,0.00649500,0.06
1621677750294000,1,0.00357049,0.06
1621677750896000,1,0.00704529,0.06
1621677766070000,0,0.00341700,0.06
1621677800448000,0,5.00000000,0.06
1621677825332000,0,0.00345900,0.06
1621677825332000,0,0.00354100,0.06
1621677825507000,0,0.00138400,0.06
1621677849798000,1,0.00572000,0.06
1621677888532000,1,0.00434600,0.06
1621677917886000,1,0.20000000,0.06
1621677928055000,1,0.00379405,0.06
1621677928055000,1,2.37112538,0.06
1621677928058000,1,2.37491943,0.06
1621678003351000,0,0.10000000,0.06
1621678008380000,0,0.00600000,0.06
1621678036916000,0,0.00900000,0.06
1621678037001000,0,0.00064400,0.06
1621678041327000,1,0.00999400,0.06
1621678042841000,1,0.00739000,0.06
1621678069227000,1,0.00489300,0.06
1621678085523000,1,0.00616000,0.06
1621678100482000,0,0.00400000,0.06
1621678116397000,0,0.00094900,0.06
1621678139430000,1,0.00330200,0.06
1621678144124000,1,5.93000000,0.06
1621678182021000,1,0.00636106,0.06
1621678191139000,0,0.00400000,0.06
1621678192130000,0,0.00035900,0.06
1621678202076000,1,0.00357047,0.06
1621678203723000,1,0.18000000,0.06
1621678203930000,1,0.15000000,0.06
1621678205345000,1,4.01806059,0.06
1621678205741000,1,0.04200000,0.06
1621678207127000,1,1.34530589,0.06
1621678207127000,1,0.00358046,0.06
1621678208563000,1,0.00449479,0.06
1621678215820000,0,0.00400000,0.06
1621678216059000,0,0.00096900,0.06
1621678218432000,0,0.00942100,0.06
1621678225115000,0,0.00400000,0.06
1621678225168000,0,0.00015000,0.06
1621678238254000,1,0.00099100,0.06
1621678260530000,1,0.00500000,0.06
1621678266472000,1,0.00075100,0.06
1621678274904000,0,0.00347300,0.06
1621678292029000,0,0.00320430,0.06
1621678350276000,0,0.00500000,0.06
1621678350377000,0,0.00083400,0.06
1621678360955000,0,0.00536600,0.06
1621678380498000,0,2.65000000,0.06
1621678462735000,1,0.00338700,0.06
1621678524608000,0,7.74000000,0.06
1621678548994000,1,0.00389000,0.06
1621678548994000,1,0.99611000,0.06
1621678648543000,0,0.82000000,0.06
1621678653690000,1,0.00700600,0.06
1621678688137000,1,0.00803900,0.06
1621678696375000,1,0.00342600,0.06
1621678709406000,0,0.00800000,0.06
1621678709860000,0,0.00085500,0.06
1621678740654000,1,1.06396556,0.06
1621678745867000,1,0.01600000,0.06
1621678750752000,1,0.31078568,0.06
1621678750776000,1,0.07963473,0.06
1621678750929000,1,0.14402068,0.06
1621678751173000,1,0.70347051,0.06
1621678751695000,1,0.24395695,0.06
1621678773144000,1,0.00625143,0.06
1621678773144000,1,0.01463145,0.06
1621678899167000,0,0.00900000,0.06
1621678899179000,0,0.00033400,0.06
1621678906975000,0,0.00474300,0.06
1621678920760000,0,0.00321700,0.06
1621678921240000,1,0.00318900,0.06
1621678959252000,1,0.00427100,0.06
1621678964617000,0,0.00127700,0.06
1621678986529000,1,0.00408800,0.06
1621679008817000,1,0.00406600,0.06
1621679032245000,0,0.00366000,0.06
1621679061630000,1,0.00385461,0.06
1621679062174000,1,0.49000000,0.06
1621679062290000,1,0.00400000,0.06
1621679078819000,1,0.00069765,0.06
1621679080551000,0,5.00000000,0.06
1621679095563000,1,0.00358044,0.06
1621679095790000,0,0.00054456,0.06
1621679117203000,0,0.00671800,0.06
1621679117203000,0,0.00849900,0.06
1621679134543000,1,0.00780900,0.06
1621679163887000,1,0.00414300,0.06
1621679164115000,0,0.00362900,0.06
1621679186501000,0,0.00429400,0.06
1621679190451000,0,0.00474900,0.06
1621679246402000,0,0.00370800,0.06
1621679281284000,1,0.00400000,0.06
1621679295195000,1,0.00028800,0.06
1621679295195000,1,0.00433900,0.06
1621679334946000,1,0.00386900,0.06
1621679347760000,1,0.00420800,0.06
1621679347760000,1,0.11579200,0.06
1621679348876000,1,0.00815070,0.06
1621679350369000,0,0.00439200,0.06
1621679350608000,0,0.00439000,0.06
1621679350786000,0,0.43154656,0.06
1621679402644000,1,0.50000000,0.06
1621679434283000,0,0.00349300,0.06
1621679434600000,1,0.00327700,0.06
1621679460628000,0,0.00996400,0.06
1621679467885000,0,0.04000005,0.06
1621679558156000,0,0.26608439,0.06
1621679558388000,1,0.02000000,0.06
1621679570455000,1,0.00399000,0.06
1621679618933000,0,0.00448442,0.06
1621679636915000,1,0.00853800,0.06
1621679715042000,1,0.11000000,0.06
1621679736780000,0,0.00344800,0.06
1621679747280000,0,0.00800000,0.06
1621679804336000,1,0.00429700,0.06
1621679810780000,0,0.00333700,0.06
1621679855365000,1,0.00411800,0.06
1621679995737000,0,0.00358046,0.06
1621680009580000,1,0.00418600,0.06
1621680023471000,0,0.00358044,0.06
1621680028581000,0,0.00357049,0.06
1621680043612000,0,0.00574617,0.06
1621680060728000,0,0.00357047,0.06
1621680060728000,0,0.00076753,0.06
1621680071159000,0,0.00356052,0.06
1621680078193000,0,0.00356050,0.06
1621680078193000,0,10.01643950,0.06
1621680086182000,0,0.00544249,0.06
1621680093917000,0,0.00354055,0.06
1621680095186000,1,0.00035945,0.06
1621680106111000,0,0.00328100,0.06
1621680106952000,1,4.37860000,0.06
1621680128220000,0,0.00470200,0.06
1621680176198000,1,0.00415900,0.06
1621680176679000,1,0.81887281,0.06
1621680196667000,0,0.00365800,0.06
1621680209824000,0,0.01457810,0.06
1621680235480000,1,0.00479300,0.06
1621680257873000,1,0.00983100,0.06
1621680274084000,0,10.42976791,0.06
1621680274084000,0,0.00023209,0.06
1621680276881000,0,0.00600000,0.06
1621680277123000,0,0.00075844,0.06
1621680296267000,0,0.00354200,0.06
1621680296267000,0,0.00000853,0.06
1621680299207000,0,0.00353058,0.06
1621680301941000,0,0.00380475,0.06
1621680301941000,0,10.51619525,0.06
1621680302261000,1,0.00395700,0.06
1621680328425000,0,7.70000000,0.06
1621680328671000,1,0.00462400,0.06
1621680331165000,0,0.03286100,0.06
1621680331219000,0,0.00021624,0.06
1621680349518000,0,0.00358045,0.06
1621680351184000,0,0.00354056,0.06
1621680362233000,0,0.00352061,0.06
1621680364923000,0,0.00357048,0.06
1621680382821000,0,0.00353059,0.06
1621680383355000,0,0.02398571,0.06
1621680383355000,0,0.01930838,0.06
1621680385727000,0,0.00351064,0.06
1621680385727000,0,1.40000000,0.06
1621680385727000,0,1.80000000,0.06
1621680400084000,0,0.00356051,0.06
1621680403278000,0,0.00352062,0.06
1621680403341000,1,0.00700000,0.06
1621680404128000,1,1.04648646,0.06
1621680404143000,1,0.34299292,0.06
1621680415166000,0,0.00800000,0.06
1621680419537000,0,0.00082714,0.06
1621680420300000,0,0.00350067,0.06
1621680420400000,0,0.00900000,0.06
1621680420804000,0,0.00087445,0.06
1621680438110000,1,0.00488900,0.06
1621680452772000,1,10.29524483,0.06
1621680454657000,1,0.00948400,0.06
1621680461883000,0,1.01244691,0.06
1621680461883000,0,1.32171367,0.06
1621680461906000,0,0.70230018,0.06
1621680461906000,0,1.63186041,0.06
1621680464777000,1,0.00379164,0.06
1621680472925000,0,0.00350067,0.06
1621680476474000,1,8.05340000,0.06
1621680480913000,1,0.00351064,0.06
1621680527527000,1,0.00386100,0.06
1621680553952000,1,0.00316704,0.06
1621680553952000,1,0.00683296,0.06
1621680557174000,0,1.06000000,0.06
1621680582560000,1,0.00454900,0.06
1621680610621000,0,0.00318800,0.06
1621680627127000,0,0.00358600,0.06
1621680648774000,1,0.00400000,0.06
1621680649631000,1,0.00015000,0.06
1621680653655000,1,0.01545307,0.06
1621680672656000,1,0.00352062,0.06
1621680758014000,1,0.00352061,0.06
1621680767651000,0,0.00827400,0.06
1621680774303000,0,0.00623900,0.06
1621680814826000,1,0.00380905,0.06
1621680829795000,0,0.08868082,0.06
1621680829796000,0,2.34925809,0.06
1621680829799000,0,2.34925809,0.06
1621680832938000,1,0.00600000,0.06
1621680845910000,0,0.00429300,0.06
1621680861001000,1,2.34558266,0.06
1621680861003000,1,2.34558267,0.06
1621680874428000,1,0.00354600,0.06
1621680874428000,1,1.01645400,0.06
1621680879691000,1,0.00046551,0.06
1621680879801000,0,0.00595849,0.06
1621680918719000,0,2.34246914,0.06
1621680918722000,0,0.76087140,0.06
1621680922424000,1,0.00379300,0.06
1621680941512000,0,0.00352061,0.06
1621680955428000,0,0.00380300,0.06
1621680971890000,0,0.00125857,0.06
1621680986580000,1,0.00700000,0.06
1621680990278000,1,0.02118800,0.06
1621680992768000,1,12.04000000,0.06
1621681004609000,1,0.00047166,0.06
1621681011686000,0,0.25000000,0.06
1621681011694000,0,9.75000000,0.06
1621681026527000,0,0.73336104,0.06
1621681058927000,1,0.00963600,0.06
1621681098357000,1,0.79000000,0.06
1621681102622000,1,0.00785000,0.06
1621681142808000,1,0.00762000,0.06
1621681172727000,1,0.01114153,0.06
1621681178805000,1,0.80136000,0.06
1621681232276000,1,0.00344300,0.06
1621681246893000,0,0.00553200,0.06
1621681253769000,1,0.00495000,0.06
1621681254713000,0,0.00842900,0.06
1621681276717000,1,0.00386600,0.06
1621681281508000,0,0.00355600,0.06
1621681309516000,0,0.00469400,0.06
1621681312384000,0,0.00360500,0.06
1621681315975000,1,0.25000000,0.06
1621681337638000,0,0.00942900,0.06
1621681348888000,1,0.00467300,0.06
1621681433990000,0,0.24418522,0.06
1621681451917000,1,0.00880800,0.06
1621681473471000,1,0.00486500,0.06
1621681522159000,1,0.00390300,0.06
1621681522269000,1,0.00493700,0.06
1621681536631000,0,0.02000000,0.06
1621681539948000,0,0.00072818,0.06
1621681560338000,1,0.00374100,0.06
1621681573597000,0,0.00406700,0.06
1621681623046000,1,7.05390000,0.06
1621681653096000,0,0.00378500,0.06
1621681663807000,1,0.00531200,0.06
1621681687036000,1,0.00739000,0.06
1621681715855000,1,1.04000000,0.06
1621681723601000,0,0.00545000,0.06
1621681733298000,0,0.00358600,0.06
1621681769260000,0,0.00373000,0.06
1621681837014000,0,0.00875000,0.06
1621681840553000,0,0.00321096,0.06
1621681840553000,0,5.18678904,0.06
1621681909460000,0,0.00450500,0.06
1621681942072000,1,0.00317081,0.06
1621681956789000,1,0.00352061,0.06
1621681979952000,0,0.00452800,0.06
1621681996986000,0,0.00337600,0.06
1621682044480000,1,0.02000000,0.06
1621682045195000,1,0.00721500,0.06
1621682046397000,1,0.51767977,0.06
1621682046721000,1,0.99937825,0.06
