timestamp ms,type,amount,price
1626912161567000,0,1.23000000,0.06214350
1626912162262000,0,2.18000000,0.06214350
1626912162863000,0,0.07400000,0.06214350
1626912162878000,0,0.36342692,0.06214350
1626912164911000,0,0.00366078,0.06216797
1626912164911000,0,0.13633922,0.06216986
1626912169513000,0,0.00703131,0.06216986
1626912178260000,0,0.00000037,0.06218927
1626912182115000,0,0.00366008,0.06220129
1626912195251000,0,0.00364019,0.06222499
1626912296006000,0,0.00348500,0.06222108
1626912302651000,1,0.03000000,0.06214666
1626912302774000,1,1.72263771,0.06211714
1626912303049000,1,0.06030196,0.06211714
1626912303759000,1,8.47460000,0.06211714
1626912436527000,1,0.02957164,0.06196815
1626912436886000,1,0.37055216,0.06196090
1626912436897000,1,0.73773822,0.06196090
1626912436945000,1,3.45231129,0.06196090
1626912436947000,1,3.40848002,0.06196090
1626912436991000,1,0.15567735,0.06196090
1626912437028000,1,0.37623088,0.06196090
1626912437042000,1,1.47547645,0.06196090
1626912437071000,1,0.96226725,0.06196090
1626912437088000,1,0.99282026,0.06196090
1626912437088000,1,3.39887838,0.06196090
1626912695571000,0,0.00365011,0.06229775
1626912695571000,0,0.02474409,0.06230650
1626912695571000,0,0.03031580,0.06230759
1626912695571000,0,0.14129000,0.06230893
1626912695584000,0,0.00136694,0.06230893
1626912695584000,0,0.00363022,0.06232146
1626912695584000,0,0.58875846,0.06232767
1626912695584000,0,0.02972692,0.06232768
1626912695584000,0,0.00367003,0.06234051
1626912706895000,0,0.00365014,0.06239422
1626912706895000,0,0.01949619,0.06239939
1626912706895000,0,1.45685367,0.06240000
1626912721252000,1,0.00626800,0.06237236
1626912722454000,0,0.00507526,0.06240000
1626912722454000,0,0.00363025,0.06241792
1626912722454000,0,0.00710504,0.06243120
1626912725062000,0,0.00366006,0.06243698
1626912725062000,0,0.00683129,0.06244191
1626912725062000,0,1.29950865,0.06244812
1626912726304000,0,0.10000000,0.06244812
1626912731186000,0,0.00049135,0.06244812
1626912741602000,1,0.00800000,0.06238827
1626912804302000,0,0.00364017,0.06249068
1626912804302000,0,0.00362028,0.06251439
1626912859419000,0,1.24301480,0.06247744
1626913169678000,1,0.00453000,0.06229905
1626913207170000,1,0.00361300,0.06226873
1626913209153000,1,0.23171787,0.06226873
1626913302061000,1,0.00457300,0.06236214
1626913553868000,1,0.00700000,0.06241000
1626913554002000,1,0.00036800,0.06241000
1626913554362000,1,0.00557800,0.06236547
1626913605921000,0,0.12417275,0.06244477
1626913606124000,0,0.11595080,0.06244477
1626913606137000,0,3.50000000,0.06244477
1626913606191000,0,0.45877372,0.06244477
1626913606250000,0,0.03700000,0.06244477
1626913606483000,0,0.49633237,0.06244477
1626913606486000,0,3.52300099,0.06244477
1626913606495000,0,0.24805115,0.06244477
1626913606538000,0,0.72047110,0.06244477
1626913606541000,0,0.07124712,0.06244477
1626913615704000,1,0.11707800,0.06247313
1626913751571000,0,0.10000000,0.06241000
1626913751575000,0,0.00421000,0.06241000
1626913818685000,1,0.08016200,0.06246157
1626913897259000,0,0.04000000,0.06252965
1626913948503000,0,0.00669000,0.06247000
1626913948637000,0,0.00000600,0.06247000
1626913955764000,1,0.01839500,0.06247253
1626914138312000,1,0.57000000,0.06229723
1626914152305000,1,0.00090162,0.06229723
1626914152305000,1,0.02909838,0.06226345
1626914152358000,1,0.00062242,0.06226345
1626914266007000,1,0.00736800,0.06217622
1626914287086000,1,0.00608200,0.06220749
1626914287172000,1,0.00625600,0.06220749
1626914328545000,1,0.00359400,0.06222210
1626914536296000,1,0.00340100,0.06229000
1626914571865000,0,0.00334300,0.06228689
1626914733568000,1,0.00363700,0.06226092
1626914795776000,1,0.00368200,0.06225581
1626914837014000,1,0.00407100,0.06228646
1626915024733000,1,0.00366200,0.06219557
1626915047532000,1,1.01222000,0.06218373
1626915182322000,1,0.00362028,0.06215439
1626915182322000,1,0.02637972,0.06212314
1626915200768000,0,0.00580386,0.06215439
1626915206213000,0,0.50000000,0.06215439
1626915237954000,1,0.00896000,0.06210319
1626915429619000,0,0.01762739,0.06209257
1626915483041000,0,0.00669800,0.06211333
1626915503953000,1,0.00349400,0.06207769
1626915539723000,1,0.00500000,0.06207214
1626915578225000,1,0.00083402,0.06207214
1626915583102000,1,0.00363025,0.06205792
1626915638453000,0,5.36615967,0.06205792
1626915638453000,0,3.31384033,0.06205793
1626915768143000,1,0.19280100,0.06209664
1626915768829000,1,0.39778300,0.06209664
1626915784103000,1,3.15000000,0.06208878
1626915785622000,1,2.35000000,0.06208878
1626915793134000,1,2.58637000,0.06208878
1626915793182000,1,1.33003000,0.06208878
1626915796646000,1,3.51997000,0.06208509
1626915796697000,1,2.85000000,0.06208509
1626915796745000,1,2.50000000,0.06208509
1626915845203000,0,0.00352500,0.06200788
1626915892034000,1,0.00352500,0.06196146
1626915892558000,1,0.00010522,0.06196146
1626915894564000,1,3.40000000,0.06187973
1626915900871000,1,3.80000000,0.06187808
1626916068528000,1,2.15000000,0.06192782
1626916068600000,1,3.00000000,0.06192782
1626916135487000,0,0.00761500,0.06194864
1626916135590000,1,0.00680200,0.06189851
1626916289670000,0,3.30000000,0.06200950
1626916478008000,0,0.00643200,0.06199527
1626916623001000,1,0.01441000,0.06195102
1626916783679000,1,0.03047000,0.06200531
1626916835507000,1,0.00573700,0.06197205
1626916920872000,1,0.03647100,0.06200651
1626917097550000,0,0.03000000,0.06201621
1626917097564000,0,0.00076937,0.06201621
1626917107772000,1,0.13121400,0.06197027
1626917114974000,0,16.75000000,0.06203019
1626917114974000,0,0.02000000,0.06203362
1626917463412000,0,0.08000000,0.06203000
1626917463514000,0,0.00817846,0.06203000
1626917528261000,0,0.02828679,0.06213684
1626917695374000,1,0.14747000,0.06215422
1626917745141000,1,0.02847900,0.06215776
1626917837441000,1,0.06912100,0.06208641
1626917878184000,0,0.06000000,0.06208000
1626917878361000,0,0.00913200,0.06208000
1626917898189000,0,0.00506400,0.06210331
1626918441200000,1,0.00403400,0.06198051
1626918456285000,1,0.05000000,0.06198051
1626918827241000,1,0.09881483,0.06197712
1626919319916000,0,0.00341600,0.06190989
1626919423601000,1,0.00352300,0.06187145
1626919431821000,1,0.00364019,0.06186499
1626919469383000,1,0.00764600,0.06180377
1626919503032000,0,0.00364400,0.06184730
1626919571656000,1,0.00485300,0.06190861
1626919706588000,1,0.18249900,0.06194225
1626919742539000,1,0.00432600,0.06196010
1626919992176000,1,0.08106500,0.06193003
1626920058859000,0,1.21000000,0.06191000
1626920058934000,0,0.00973700,0.06191000
1626920079433000,1,0.00400000,0.06196000
1626920092500000,1,0.00065000,0.06196000
1626920456060000,1,0.02577100,0.06192073
1626920522099000,1,0.03648500,0.06188543
1626921134287000,1,0.00364017,0.06180068
1626921135250000,1,0.00364016,0.06176853
1626921145457000,0,2.00000000,0.06177000
1626921257045000,1,0.00330000,0.06175721
1626921262691000,0,0.06000000,0.06180000
1626921262723000,0,0.00114500,0.06180000
1626921288072000,1,0.00600000,0.06173912
1626921424609000,1,0.00050844,0.06173912
1626921462591000,0,10.05000000,0.06174999
1626921462591000,0,32.43000000,0.06175000
1626921562613000,0,0.00411500,0.06181103
1626921789071000,1,1.26247600,0.06176886
1626921845627000,1,0.01238300,0.06177964
1626921906241000,0,0.00600000,0.06176000
1626922234339000,1,0.00365014,0.06170422
1626922234339000,1,0.00365013,0.06167206
1626922234339000,1,0.02269973,0.06166065
1626922397621000,0,1.98820000,0.06167000
1626922397646000,0,0.00003700,0.06167000
1626922424158000,1,0.03000000,0.06168442
1626922550402000,0,0.00900000,0.06166000
1626922550602000,0,0.07571400,0.06166000
1626922695040000,0,0.00887000,0.06166000
1626922927809000,1,0.00841800,0.06172098
1626923128117000,1,0.00348600,0.06170851
1626923196509000,1,0.00612100,0.06173034
1626923258891000,1,0.00325100,0.06173838
1626923328789000,1,0.01980000,0.06176549
1626923382492000,1,0.00733900,0.06179498
1626923505234000,0,0.02369200,0.06177000
1626923599436000,1,0.00855000,0.06192464
1626923633228000,1,0.05875700,0.06188287
1626923719287000,0,0.00586400,0.06189673
1626923824620000,0,0.00655700,0.06187000
1626923844322000,1,0.13193400,0.06187761
1626924073878000,1,0.19423800,0.06186724
1626924095138000,0,0.00433200,0.06188997
1626924103166000,0,0.18000000,0.06186000
1626924215540000,1,0.00682400,0.06171683
1626924403550000,1,0.00825800,0.06165610
1626924577579000,1,0.00344600,0.06166049
1626924696575000,1,0.00343900,0.06168000
1626924894837000,1,0.00347600,0.06169328
1626925084783000,1,0.00900000,0.06174000
1626925116382000,0,4.87460000,0.06174090
1626925166252000,0,0.00600300,0.06175691
1626925171307000,0,0.00900000,0.06171000
1626925188368000,0,0.00079400,0.06171000
1626925228672000,1,0.69722300,0.06172757
1626925988626000,1,0.00600000,0.06196000
1626925988681000,1,0.00349400,0.06191505
1626926095654000,1,0.03054885,0.06190711
1626926405448000,0,0.10000000,0.06192691
1626926512716000,0,3.84000000,0.06192000
1626926512876000,0,0.00400000,0.06192000
1626926524366000,0,0.00460600,0.06195690
1626926674818000,1,0.02748000,0.06183495
1626926690749000,0,0.01422300,0.06185000
1626926737178000,0,0.00960000,0.06189221
1626926795570000,1,0.00409900,0.06183987
1626926822985000,1,0.04886400,0.06188188
1626926923255000,0,0.00409900,0.06198380
1626926947276000,0,0.00695000,0.06194000
1626927063884000,0,0.00333100,0.06194533
1626927124394000,0,0.00327700,0.06194229
1626927229739000,0,0.00378100,0.06196508
1626927229844000,0,0.00365600,0.06196508
1626927376045000,1,0.00692900,0.06192177
1626927522466000,1,0.00350500,0.06200460
1626927529586000,0,0.00365013,0.06203206
1626927533378000,1,2.00000000,0.06204351
1626927586816000,0,0.00583821,0.06207453
1626927662734000,0,0.00486500,0.06207000
1626927662734000,0,0.02513500,0.06210746
1626927665571000,0,0.00364016,0.06212853
1626927811102000,1,0.00382100,0.06201312
1626927830967000,1,0.28291000,0.06201312
1626927853464000,1,0.00605000,0.06194771
1626928015769000,1,0.00346300,0.06203170
1626928042945000,1,0.56898700,0.06205326
1626928043147000,1,0.00340000,0.06205326
1626928175738000,1,0.05000000,0.06216546
1626928313968000,0,3.30000000,0.06210068
1626928313968000,0,1.25237800,0.06210378
1626928313968000,0,3.48022692,0.06210530
1626928341762000,0,0.01258000,0.06207000
1626928402014000,1,0.12094600,0.06209249
1626928498352000,0,0.30000000,0.06214461
1626928633555000,0,0.00581200,0.06205000
1626928666542000,1,0.00370900,0.06199757
1626928675263000,0,0.00496900,0.06204889
1626928763718000,1,0.07715100,0.06205536
1626928791816000,1,0.04955600,0.06205826
1626928891905000,1,0.09391800,0.06197034
1626929120671000,0,0.00466000,0.06195690
1626929215309000,0,0.00900600,0.06192066
1626929287049000,0,0.00353100,0.06190691
1626929327787000,1,0.00396900,0.06187750
1626929413549000,0,0.00444400,0.06191000
1626929413549000,0,0.20000000,0.06192066
1626930089448000,1,0.20000000,0.06207851
1626930089448000,1,0.02894602,0.06207226
1626930089575000,0,9.40990000,0.06207000
1626930089715000,0,1.01673755,0.06207000
1626930251922000,1,0.00863000,0.06190207
1626930647252000,0,0.00504500,0.06191000
1626931242390000,1,0.41256889,0.06186734
1626931386510000,1,0.00379100,0.06186253
1626931697864000,1,0.00944100,0.06188827
1626931718128000,1,0.00900000,0.06194000
1626931750447000,1,0.00035800,0.06194000
1626932020413000,1,0.14293900,0.06191925
1626932160176000,0,0.00758000,0.06188533
1626932338168000,0,0.00427400,0.06183505
1626932379757000,1,0.00364016,0.06176853
1626932388503000,0,0.00235884,0.06176000
1626932415864000,0,0.00895800,0.06181082
1626932455924000,1,0.00500000,0.06172912
1626932459231000,0,0.00445400,0.06173760
1626932609044000,0,0.00324200,0.06173656
1626932631226000,0,0.00382800,0.06179262
1626932765889000,0,0.01000000,0.06175000
1626932816923000,1,0.00332000,0.06178000
1626932842580000,0,0.00371500,0.06173000
1626932865660000,1,0.00085828,0.06172912
1626932866511000,1,0.00365013,0.06167206
1626932962097000,0,0.00415400,0.06177691
1626933071253000,0,1.41740000,0.06173000
1626933238150000,1,0.00366000,0.06167389
1626933321345000,1,0.00330000,0.06169939
1626933342240000,1,0.00367900,0.06169939
1626933581982000,1,0.00525400,0.06166616
1626933763689000,1,0.00621700,0.06172963
1626933871875000,1,0.00347800,0.06173199
1626933896390000,1,0.00359400,0.06173198
1626933913701000,0,0.00600000,0.06176282
1626933939899000,0,0.00236171,0.06176282
1626933978179000,1,0.00423100,0.06178164
1626933985800000,1,0.04293500,0.06177854
1626934110862000,0,0.00836900,0.06178091
1626934145441000,1,0.24236500,0.06173928
1626934222349000,1,0.00373400,0.06181000
1626934377904000,0,0.00728700,0.06179000
1626934857636000,0,0.00348800,0.06184963
1626934858587000,0,0.00380300,0.06185272
1626934879805000,1,0.03567600,0.06180003
1626935033359000,1,0.00544600,0.06173634
1626935111295000,0,0.00354700,0.06181644
1626935158641000,1,0.00541300,0.06176558
1626935348401000,1,0.02179100,0.06175965
1626935389600000,0,0.00383200,0.06179362
1626935716858000,0,0.00334100,0.06180423
1626935888916000,0,0.00668800,0.06186147
1626935957417000,1,0.00880400,0.06186032
1626936027502000,0,0.00365013,0.06203206
1626936058875000,0,0.18000000,0.06196000
1626936058919000,0,0.00463500,0.06196000
1626936115546000,1,0.00332900,0.06186717
1626936179234000,0,0.00334000,0.06190904
1626936259728000,0,0.00885700,0.06185000
1626936302996000,0,0.00395200,0.06184000
1626936418546000,0,0.00336000,0.06194704
1626936504057000,0,0.00356000,0.06190413
1626936608025000,0,0.00367000,0.06190179
1626936625943000,1,0.00371300,0.06182578
1626936754655000,0,0.00639000,0.06195520
1626936869125000,1,0.00371300,0.06191000
1626936875250000,0,0.00334100,0.06190760
1626936920571000,0,0.00867200,0.06190760
1626937067012000,1,0.00590000,0.06192810
1626937187679000,0,0.00345700,0.06195000
1626937218890000,1,0.00898800,0.06198590
1626937304109000,0,0.00829500,0.06196954
1626937314986000,0,0.00338800,0.06192000
1626937732579000,0,0.00395800,0.06203000
1626937857746000,1,0.00346600,0.06195306
1626937862186000,0,0.00383900,0.06198010
1626937880385000,1,0.00405300,0.06193611
1626937942492000,1,0.00722400,0.06193932
1626937961348000,1,0.00416700,0.06197269
1626937978250000,0,0.00991700,0.06201462
1626938003104000,1,0.00347200,0.06194743
1626938022206000,0,0.00519034,0.06206102
1626938029450000,0,0.03102774,0.06210334
1626938029553000,1,0.26000000,0.06210905
1626938051103000,0,0.00364016,0.06212853
1626938051582000,0,1.71000000,0.06216071
1626938051650000,0,0.26000000,0.06216071
1626938072599000,1,0.20000000,0.06211534
1626938072599000,1,0.03000000,0.06211526
1626938124843000,1,0.00500000,0.06215013
1626938184838000,0,0.00542400,0.06206795
1626938347970000,0,0.00323200,0.06196000
1626938372179000,0,0.00341700,0.06204780
1626938414930000,0,0.03000000,0.06206400
1626938414930000,0,0.00027478,0.06206400
1626938437260000,0,0.00500000,0.06204000
1626938460959000,1,0.00600000,0.06209262
1626938481961000,1,0.00373700,0.06210261
1626938578189000,0,0.00364019,0.06222499
1626938622611000,1,0.01200000,0.06222499
1626938627381000,1,0.00095442,0.06222499
1626938696179000,0,0.00366700,0.06222611
1626938697537000,0,0.00406000,0.06222611
1626938700045000,1,0.00400000,0.06219000
1626938700053000,1,0.00063300,0.06219000
1626938774026000,1,0.00489000,0.06218129
1626938933465000,1,0.02314900,0.06225677
1626938999972000,0,0.00352500,0.06232146
1626938999972000,0,0.00010522,0.06232146
1626938999972000,0,0.02953879,0.06232473
1626938999972000,0,0.02959978,0.06233720
1626938999972000,0,0.20000000,0.06234624
1626938999972000,0,0.58625328,0.06236096
1626938999972000,0,0.10936760,0.06236097
1626938999972000,0,0.99547443,0.06236165
1626938999972000,0,2.34647392,0.06236819
1626938999972000,0,4.00000000,0.06236820
1626938999972000,0,1.46544506,0.06236996
1626938999972000,0,0.94000000,0.06236997
1626938999972000,0,3.81043122,0.06238020
1626938999972000,0,1.00253877,0.06238021
1626938999972000,0,4.19728191,0.06239000
1626939025864000,0,3.30000000,0.06233683
1626939025864000,0,0.58621565,0.06236095
1626939025864000,0,1.00074144,0.06236096
1626939025864000,0,0.20000000,0.06236443
1626939025864000,0,0.03086310,0.06237383
1626939025864000,0,1.46535157,0.06237657
1626939025864000,0,1.00156136,0.06238021
1626939025864000,0,1.24504267,0.06238409
1626939025864000,0,3.80983799,0.06238996
1626939025864000,0,0.94000000,0.06238997
1626939025864000,0,0.99797301,0.06238999
1626939025864000,0,0.03133811,0.06239082
1626939025864000,0,0.00365014,0.06239422
1626939025864000,0,4.00000000,0.06239482
1626939025864000,0,1.10255501,0.06239608
1626939051373000,1,0.00344800,0.06233479
1626939056764000,1,0.00351500,0.06233479
1626939121584000,0,0.00448900,0.06235557
1626939139895000,0,0.00350083,0.06236303
1626939164716000,1,0.00442000,0.06231858
1626939192479000,1,0.24400000,0.06231855
1626939192599000,1,4.25000000,0.06231855
1626939193318000,1,0.08798465,0.06231855
1626939193464000,1,0.38801535,0.06231855
1626939213206000,0,2.15000000,0.06234531
1626939295329000,0,0.00635700,0.06238848
1626939334282000,1,0.00724000,0.06230938
1626939375415000,0,0.20000000,0.06234992
1626939481026000,0,0.00900000,0.06228000
1626939497352000,0,0.00094700,0.06228000
1626939724602000,0,0.00463300,0.06231114
1626939798428000,1,0.00463300,0.06226616
1626939908681000,0,0.00494300,0.06230801
1626939942503000,1,0.02987950,0.06209791
1626939942503000,1,3.30000000,0.06209335
1626939942503000,1,0.13295172,0.06209025
1626939942503000,1,6.40944537,0.06208714
1626939944424000,1,0.20000000,0.06212050
1626939944424000,1,3.30000000,0.06212049
1626939944424000,1,0.58932423,0.06211739
1626939944424000,1,1.67749120,0.06211049
1626939946392000,1,3.30000000,0.06216777
1626939946392000,1,0.02969246,0.06216466
1626939946464000,0,6.03607870,0.06215534
1626939948514000,1,0.03075286,0.06216857
1626939948590000,0,0.25100000,0.06216500
1626939949979000,1,2.54649657,0.06215108
1626939970345000,1,0.00419500,0.06216363
1626940048297000,0,0.00604100,0.06216000
1626940059038000,1,0.00419000,0.06216137
1626940144567000,1,0.00645800,0.06213978
1626940213232000,0,0.00990400,0.06211822
1626940355138000,1,0.00325000,0.06198650
1626940361752000,1,0.00357900,0.06198650
1626940412319000,0,0.00816200,0.06205355
1626940461804000,1,0.00585200,0.06196990
1626940530247000,1,0.00363022,0.06196146
1626940530247000,1,0.00519306,0.06195551
1626940530247000,1,0.99298469,0.06195480
1626940530247000,1,0.59275927,0.06195160
1626940530247000,1,0.03099265,0.06194874
1626940530247000,1,1.00642240,0.06193578
1626940530247000,1,0.03069804,0.06193543
1626940530247000,1,1.48208909,0.06193176
1626940530247000,1,1.01588342,0.06193175
1626940530247000,1,1.25779789,0.06193111
1626940530247000,1,3.85346066,0.06192139
1626940530247000,1,2.51281893,0.06192081
1626940530247000,1,30.26420000,0.06191000
1626940620397000,1,0.00379300,0.06195355
1626940646142000,0,0.00339400,0.06202690
1626940756585000,1,0.00699400,0.06195157
1626940772835000,0,0.00330900,0.06200690
1626940876242000,0,0.00343700,0.06197798
1626940897527000,1,0.00901200,0.06191684
1626940982354000,0,3.84749000,0.06207264
1626941048962000,0,0.00341000,0.06204238
1626941182608000,1,0.00800000,0.06201000
1626941183208000,1,0.00010100,0.06201000
1626941217922000,1,0.00448700,0.06195244
1626941240410000,1,0.00728700,0.06195244
1626941285022000,1,0.00561500,0.06196441
1626941374758000,0,0.00337040,0.06197819
1626941379482000,0,0.00337041,0.06197861
1626941384239000,0,0.00337042,0.06197861
1626941387411000,1,0.00337039,0.06197818
1626941388977000,1,0.00337038,0.06195997
1626941436110000,0,0.00067462,0.06195000
1626941450597000,1,0.00364800,0.06198588
1626941456252000,1,0.00371700,0.06199983
1626941586139000,1,0.00870700,0.06204334
1626941654346000,0,0.00459400,0.06206000
1626941766549000,0,0.00463600,0.06228726
1626941818324000,0,0.00337040,0.06229539
1626941824374000,0,0.00363022,0.06232146
1626941824489000,0,0.00582044,0.06232654
1626941824489000,0,0.02417956,0.06235762
1626941825564000,1,0.00418700,0.06231455
1626941858023000,0,0.00421800,0.06232000
1626941858023000,0,0.02578200,0.06234391
1626941858051000,0,0.00370670,0.06234391
1626941928921000,0,0.00346900,0.06237687
1626941953742000,1,0.00417500,0.06233438
1626941980317000,0,0.00393100,0.06237543
1626941991076000,1,0.00481400,0.06232212
1626942000105000,1,0.15767800,0.06232587
1626942064270000,1,0.00336057,0.06230596
1626942064270000,1,0.00336056,0.06228775
1626942064270000,1,0.00060887,0.06227340
1626942072656000,0,0.00335059,0.06233622
1626942086776000,1,0.00336058,0.06232417
1626942276158000,0,0.16705008,0.06241059
1626942296401000,0,0.00708506,0.06239046
1626942314009000,0,0.00658000,0.06240805
1626942335085000,1,0.00456400,0.06235982
1626942346218000,1,0.00800300,0.06236628
1626942387164000,1,0.09766075,0.06239277
1626942443464000,0,0.00406400,0.06240965
1626942456599000,1,0.00335062,0.06239701
1626942456599000,1,0.00071338,0.06237880
1626942487586000,0,0.00363025,0.06241792
1626942488188000,0,0.00337038,0.06242897
1626942488229000,0,0.00337041,0.06248360
1626942488229000,0,0.00364017,0.06249068
1626942491109000,1,0.00442400,0.06250405
1626942491906000,1,0.20000000,0.06251438
1626942529605000,0,0.00325800,0.06248000
1626942529605000,0,0.53674200,0.06248000
1626942531901000,0,0.00800000,0.06248000
1626942534158000,0,0.00133176,0.06248000
1626942558581000,0,0.00362028,0.06251439
1626942558782000,0,0.00366009,0.06253344
1626942558782000,0,0.10560000,0.06256000
1626942558782000,0,0.14665748,0.06257338
1626942561017000,0,0.00364020,0.06258715
1626942561017000,0,1.00222980,0.06258910
1626942613336000,0,0.00606000,0.06259520
1626942668628000,0,1.78705000,0.06253998
1626942670794000,0,3.30000000,0.06253793
1626942763926000,1,0.00952100,0.06240130
1626942780129000,0,0.00923800,0.06247767
1626942829218000,1,0.00335066,0.06246985
1626942829218000,1,0.00335065,0.06245164
1626942829218000,1,0.00329869,0.06243771
1626942831869000,0,0.00335067,0.06248417
1626942836551000,0,0.00335068,0.06248416
1626942841263000,0,0.00335069,0.06247064
1626942844007000,1,0.00335064,0.06243343
1626942855411000,0,0.00119036,0.06242000
1626942865760000,0,0.00473600,0.06246751
1626942869749000,1,0.00335063,0.06241522
1626942869810000,0,0.69760000,0.06241000
1626942869979000,0,0.00000737,0.06241000
1626943004980000,0,0.11467774,0.06249687
1626943144573000,1,0.00458700,0.06252594
1626943144869000,1,0.00601100,0.06252594
1626943162010000,0,0.20000000,0.06255742
1626943162010000,0,0.02980564,0.06255743
1626943162010000,0,0.77019436,0.06256007
1626943337145000,0,0.00411300,0.06257924
1626943411285000,0,0.00334070,0.06252174
1626943443344000,1,0.00433700,0.06249539
1626943503005000,0,0.00499000,0.06251000
1626943505750000,1,0.00510500,0.06252940
1626943521203000,0,0.00323800,0.06256381
1626943526471000,0,0.00669200,0.06255514
1626943686483000,1,0.00094800,0.06249452
1626943907728000,0,0.00653600,0.06260769
1626944047611000,1,0.00406200,0.06256835
1626944069123000,1,0.00062300,0.06260000
1626944069220000,1,0.02922701,0.06255162
1626944069220000,1,2.16857299,0.06254203
1626944132233000,1,0.00438500,0.06246829
1626944200349000,1,0.00334073,0.06259732
1626944227583000,1,0.00334072,0.06257911
1626944229263000,0,0.00347528,0.06254000
1626944259757000,1,0.00385700,0.06254604
1626944620501000,1,0.00361500,0.06237917
1626944655659000,0,0.00331000,0.06240000
1626944779479000,1,0.00548400,0.06241186
1626944785765000,0,0.15930547,0.06246019
1626944889442000,1,0.00263723,0.06237880
1626944890186000,1,0.00335060,0.06236059
1626944949758000,0,0.09126021,0.06239433
1626944973266000,1,0.00603800,0.06234999
1626944982992000,0,0.00559700,0.06235000
1626945036633000,1,0.00419300,0.06233717
1626945078578000,1,0.00500000,0.06234000
1626945097628000,0,0.00402900,0.06234255
1626945098759000,1,0.00024200,0.06234000
1626945207314000,1,0.00410900,0.06227961
1626945233661000,0,0.00500000,0.06234000
1626945233898000,0,0.01104108,0.06234000
1626945325392000,0,0.27540000,0.06245060
1626945353670000,0,0.00365500,0.06245435
1626945369746000,1,0.00347300,0.06239388
1626945396162000,0,0.00406600,0.06239769
1626945413739000,0,0.27952000,0.06235687
1626945497181000,0,0.00343900,0.06236656
1626945508344000,0,0.02985000,0.06233000
1626945522836000,1,0.00543700,0.06232999
1626945525404000,0,0.00000700,0.06233000
1626945671168000,1,0.00524400,0.06239532
1626945778914000,0,0.43750000,0.06241000
1626945805688000,1,0.00754300,0.06239304
1626945848486000,0,0.00000600,0.06241000
1626945876123000,1,0.00432300,0.06240056
1626945934859000,0,1.61909000,0.06243944
1626945937085000,0,3.30000000,0.06245222
1626945937334000,0,1.95000000,0.06245359
1626945938526000,0,2.75000000,0.06245522
1626945940299000,1,0.00900000,0.06245000
1626945940544000,0,2.10000000,0.06245396
1626945989568000,0,0.20000000,0.06251355
1626945989568000,0,2.19469008,0.06251356
1626946109082000,0,0.20000000,0.06252288
1626946125994000,0,0.00900000,0.06249000
1626946188569000,0,2.65000000,0.06248028
1626946226743000,0,0.00417000,0.06247071
1626946246997000,1,0.00346000,0.06242124
1626946296364000,1,0.00647000,0.06246594
1626946388354000,1,0.00336055,0.06226954
1626946390004000,1,0.00336054,0.06225133
1626946396236000,1,0.00336053,0.06223312
1626946406247000,0,0.00450947,0.06223000
1626946406247000,0,0.19549053,0.06223311
1626946437147000,1,0.00336052,0.06221491
1626946439491000,0,0.20000000,0.06220418
1626946450344000,1,0.00336051,0.06219670
1626946450857000,1,0.00336050,0.06217849
1626946451979000,1,0.00336049,0.06216028
1626946467553000,1,0.05168822,0.06214214
1626946467842000,1,0.04132824,0.06214518
1626946475962000,0,2.00000000,0.06223778
1626946498568000,1,0.00341300,0.06217140
1626946531070000,1,0.00336048,0.06214207
1626946532526000,1,0.00337047,0.06212386
1626946537198000,1,0.00337046,0.06210565
1626946537198000,1,0.00337045,0.06208744
1626946537198000,1,0.03075776,0.06207313
1626946537198000,1,0.00250133,0.06206923
1626946538526000,1,3.30000000,0.06207233
1626946599893000,1,0.00086911,0.06206923
1626946607949000,1,0.00337043,0.06205102
1626946607949000,1,0.02662957,0.06201750
1626946737948000,1,0.00400000,0.06210000
1626946781850000,1,0.00022500,0.06210000
1626946823671000,0,0.00388100,0.06210865
1626947109673000,1,0.00337041,0.06201460
1626947205461000,1,0.00365100,0.06204922
1626947252889000,1,0.00565600,0.06202612
1626947557119000,1,0.00387400,0.06204431
1626947728534000,0,0.00324400,0.06206134
1626947848412000,1,0.00430300,0.06209696
1626947963070000,0,0.00994800,0.06219054
1626947965707000,1,0.00396000,0.06219000
1626947965754000,1,0.00000700,0.06219000
1626947996706000,0,0.00498000,0.06215509
1626948028666000,0,0.00929700,0.06215355
1626948073935000,0,0.29000000,0.06214000
1626948078754000,1,1.85000000,0.06213999
1626948086082000,0,0.00334700,0.06218283
1626948171903000,1,0.00656100,0.06210553
1626948184621000,1,0.05435726,0.06209932
1626948185903000,1,0.00328900,0.06209932
1626948207231000,0,0.00328900,0.06214930
1626948292644000,0,0.00385500,0.06210422
1626948297832000,0,0.00664600,0.06209801
1626948400829000,0,0.00453900,0.06218166
1626948401206000,1,0.00696500,0.06212461
1626948433138000,1,0.00811400,0.06210283
1626948488766000,1,0.00506400,0.06214220
1626948546050000,1,0.00341800,0.06230478
1626948595273000,1,0.03917787,0.06227784
1626948634706000,0,0.00383300,0.06227000
1626948657940000,0,0.00662400,0.06232384
1626948671389000,1,0.00442600,0.06227391
1626948726440000,0,0.00383300,0.06227626
1626948827858000,1,0.00455600,0.06224066
1626948908031000,0,0.00359400,0.06228968
1626948924447000,1,0.00526800,0.06224213
1626949017661000,0,0.00350200,0.06222396
1626949060104000,1,0.36096200,0.06217105
1626949096563000,0,0.00325600,0.06221901
1626949106453000,1,0.00965400,0.06217534
1626949146493000,0,0.00400000,0.06217000
1626949153802000,0,0.00206600,0.06217000
1626949161772000,1,0.00330700,0.06217587
1626949224399000,0,0.00342200,0.06219785
1626949289586000,0,0.00831300,0.06217422
1626949395569000,1,0.00342500,0.06220000
1626949540759000,0,0.00618800,0.06216505
1626949544312000,0,0.00327700,0.06216193
1626949673504000,1,0.00390000,0.06214112
1626949806504000,1,0.00441700,0.06212590
1626949976508000,0,0.00022400,0.06209000
1626950142791000,0,0.00442700,0.06214514
1626950191932000,1,0.00475000,0.06209403
1626950210453000,0,0.00475000,0.06214451
1626950291003000,1,0.00352500,0.06209343
1626950376296000,1,0.00409600,0.06218199
1626950442150000,0,0.25000000,0.06221000
1626950442197000,0,0.00423100,0.06221000
1626950463966000,0,0.11000000,0.06221000
1626950464014000,0,0.00450300,0.06221000
1626950478320000,1,0.00357100,0.06220157
1626950506765000,1,0.00794500,0.06221661
1626950519794000,0,0.00459600,0.06226326
1626950627846000,1,0.00324200,0.06220936
1626950663155000,1,0.75321278,0.06221021
1626950699988000,1,0.00500000,0.06220492
1626950899943000,0,0.00365200,0.06220000
1626950987651000,1,0.03130100,0.06222700
1626950987851000,1,0.01998000,0.06222700
1626950988074000,1,0.06161000,0.06224270
1626951065186000,1,0.00329200,0.06225825
1626951143629000,1,0.00700000,0.06235000
1626951143715000,1,0.00080600,0.06235000
1626951194265000,0,0.00687200,0.06232781
1626951303098000,1,0.00703000,0.06221207
1626951341642000,0,0.60269613,0.06229496
1626951358551000,1,0.00408200,0.06223623
1626951368932000,1,0.15007800,0.06223936
1626951369487000,1,0.00364300,0.06223936
1626951493456000,1,0.10178800,0.06219870
1626951499379000,1,0.00336400,0.06221432
1626951514114000,1,1.29049900,0.06220183
1626951612515000,0,0.05000000,0.06232780
1626951619723000,0,0.09000000,0.06231000
1626951619783000,0,0.00509200,0.06231000
1626951637669000,1,0.01662700,0.06231727
1626951708327000,0,0.04000000,0.06227000
1626951708360000,0,0.00065800,0.06227000
1626951755493000,1,0.00352300,0.06225787
1626951764806000,1,0.00600000,0.06231000
1626951767993000,1,0.00001600,0.06231000
1626951784639000,0,3.30000000,0.06231096
1626951784639000,0,3.30000000,0.06231408
1626951784639000,0,9.42386725,0.06231408
1626951811107000,1,0.00434900,0.06226108
1626951813670000,0,0.03616270,0.06231153
1626951867652000,1,0.00807500,0.06226732
1626951901834000,1,0.13393500,0.06226386
1626952030517000,1,0.09411400,0.06221156
1626952038734000,1,0.00700000,0.06226000
1626952058925000,1,0.00402300,0.06222168
1626952120119000,1,3.30000000,0.06226130
1626952120119000,1,9.45400000,0.06226130
1626952120119000,1,1.12090000,0.06225819
1626952120119000,1,1.62510000,0.06225818
1626952200760000,0,0.00500000,0.06226000
1626952202631000,0,0.00016500,0.06226000
1626952273485000,0,0.00537300,0.06234212
1626952333865000,1,0.33397769,0.06229465
1626952366587000,1,0.74404100,0.06224918
1626952407424000,1,2.66486000,0.06222597
1626952409472000,0,0.21000000,0.06223000
1626952515771000,1,0.01335800,0.06213765
1626952531130000,1,0.00546500,0.06215120
1626952552219000,0,0.00381800,0.06221519
1626952620891000,0,0.12000000,0.06216000
1626952646538000,0,3.85000000,0.06216000
1626952663064000,0,0.00809300,0.06217165
1626952796612000,1,3.30000000,0.06214627
1626952796612000,1,1.06000000,0.06214323
1626952850630000,0,0.01500000,0.06216000
1626952850870000,0,0.06364300,0.06216000
1626952922247000,0,0.00392000,0.06219699
1626952934581000,0,0.00769200,0.06219551
1626953102260000,0,0.00435000,0.06207000
1626953268588000,0,0.00363400,0.06223873
1626953281656000,1,0.25000000,0.06217904
1626953396348000,0,0.00334733,0.06214145
1626953414357000,1,0.00776800,0.06215061
1626953476770000,1,0.00800000,0.06228000
1626953478259000,1,0.00002700,0.06228000
1626953482084000,0,0.00368100,0.06228754
1626953497485000,0,0.00797500,0.06224186
1626953607002000,1,0.00379200,0.06222356
1626953652884000,0,0.00610000,0.06228045
1626953670372000,1,0.00487100,0.06222667
1626953675832000,0,0.00045000,0.06227045
1626953698946000,0,0.67879173,0.06224771
1626953742624000,0,0.20000000,0.06224887
1626953742624000,0,1.39846236,0.06224888
1626953779091000,0,0.00800000,0.06218000
1626953816134000,1,0.00451700,0.06216133
1626953912204000,1,0.00352100,0.06209102
1626953915126000,0,0.00594800,0.06211000
1626953915126000,0,0.00937100,0.06211000
1626953922663000,1,0.00456300,0.06211999
1626953965462000,1,0.00704700,0.06212310
1626953972684000,1,0.08493100,0.06212310
1626953994421000,1,0.05668000,0.06212310
1626954043277000,1,0.00400000,0.06218000
1626954051407000,1,0.00024200,0.06218000
1626954072851000,1,0.00400000,0.06215503
1626954159482000,0,0.00009800,0.06219798
1626954180680000,1,0.00428600,0.06214818
1626954282261000,0,0.00455400,0.06215440
1626954402121000,1,0.00342300,0.06207629
1626954414150000,1,0.01561000,0.06207629
1626954556839000,0,0.00400000,0.06206000
1626954577823000,0,0.00247000,0.06206000
1626954603076000,1,0.01865900,0.06206008
1626954610292000,1,0.15633400,0.06206318
1626954759339000,1,0.07589100,0.06209228
1626954872436000,0,0.64277771,0.06213076
1626954922482000,1,0.03111700,0.06207731
1626955001455000,1,0.00406200,0.06212838
1626955008761000,1,0.00326200,0.06212838
1626955063573000,1,0.16449002,0.06210252
1626955063573000,1,0.07449998,0.06210251
1626955063718000,0,0.00344500,0.06212000
1626955124124000,0,0.00342300,0.06215822
1626955127017000,1,0.00540600,0.06211366
1626955263237000,1,0.02979500,0.06212345
1626955323540000,1,0.00450200,0.06212490
1626955345746000,1,0.01101600,0.06212489
1626955529188000,0,0.00111500,0.06214196
1626955531775000,1,0.00327000,0.06208756
1626955557356000,1,0.00938000,0.06208755
1626955573266000,0,0.03000000,0.06208000
1626955573268000,0,0.00475300,0.06208000
1626955727462000,0,0.00486900,0.06204943
1626955814414000,1,0.00552000,0.06205000
1626955815446000,0,7.09760000,0.06201000
1626955826907000,1,0.00339500,0.06200890
1626955860074000,0,0.00123300,0.06206391
1626955882196000,1,0.00552000,0.06200890
1626955938748000,1,0.00426700,0.06199916
1626955938826000,1,0.31093300,0.06199916
1626955938826000,1,0.68906700,0.06199915
1626955969035000,1,0.00325201,0.06202321
1626956031399000,1,2.26525077,0.06199730
1626956039774000,0,2.39000000,0.06199730
1626956039864000,0,0.00144199,0.06199730
1626956104047000,0,0.00426700,0.06201693
1626956115731000,1,0.00337040,0.06199639
1626956185966000,1,0.00348400,0.06202000
1626956200491000,1,0.00519163,0.06197790
1626956217347000,0,0.00286637,0.06197000
1626956229884000,1,0.00519000,0.06197000
1626956276909000,0,0.59000000,0.06196000
1626956276912000,0,0.00788600,0.06196000
1626956305918000,1,0.00337038,0.06195997
1626956348881000,1,0.00338037,0.06194176
1626956348881000,1,0.00041763,0.06192355
1626956366630000,1,0.18575093,0.06195215
1626956533266000,1,0.00296273,0.06192355
1626956533266000,1,0.02703727,0.06190876
1626956533287000,1,0.00401438,0.06190876
1626956533348000,1,0.00338035,0.06190534
1626956558849000,0,1.03927800,0.06188960
1626956562003000,1,0.00338034,0.06188713
1626956754304000,1,0.00338033,0.06186892
1626956755062000,1,0.00364019,0.06186499
1626956755465000,1,0.00338032,0.06185071
1626956755486000,1,0.00338031,0.06183250
1626956755486000,1,0.00338030,0.06181429
1626956755486000,1,0.02323939,0.06179672
1626956756316000,1,0.00338029,0.06179608
1626956756631000,1,0.00338028,0.06177787
1626956760247000,0,3.30000000,0.06179879
1626956760247000,0,0.20000000,0.06180262
1626956760247000,0,0.03030711,0.06180653
1626956760247000,0,0.82237389,0.06180808
1626956762703000,1,0.00364016,0.06176853
1626956762813000,1,0.00339027,0.06175966
1626956762833000,1,0.00339026,0.06174145
1626956762833000,1,0.00339025,0.06172324
1626956762833000,1,0.03104051,0.06171966
1626956763069000,1,0.00339024,0.06170503
1626956763069000,1,0.00365014,0.06170422
1626956763207000,1,0.00339023,0.06168682
1626956763459000,1,0.00365013,0.06167206
1626956763459000,1,0.00339022,0.06166861
1626956763459000,1,2.00000000,0.06166195
1626956763459000,1,0.00339021,0.06165040
1626956764280000,1,0.18300000,0.06163220
1626956764582000,1,0.00339020,0.06163219
1626956765081000,1,0.00339019,0.06161398
1626956765081000,1,0.00365011,0.06160775
1626956765081000,1,0.02699127,0.06159981
1626956765081000,1,0.00339018,0.06159577
1626956765442000,1,0.00339017,0.06157756
1626956765442000,1,0.03073568,0.06157671
1626956765442000,1,0.00365010,0.06157560
1626956765442000,1,0.00340016,0.06155935
1626956765442000,1,0.14244598,0.06154743
1626956765442000,1,0.00340015,0.06154114
1626956765442000,1,0.00340014,0.06152293
1626956765442000,1,0.00366008,0.06151129
1626956765442000,1,0.00340013,0.06150472
1626956765442000,1,0.00340012,0.06148651
1626956765442000,1,0.20000000,0.06148560
1626956765442000,1,0.00366007,0.06147913
1626956765442000,1,0.00340011,0.06146830
1626956765442000,1,4.00000000,0.06145561
1626956765442000,1,1.01748514,0.06145220
1626956765442000,1,0.00340010,0.06145009
1626956765442000,1,0.00366006,0.06144698
1626956765442000,1,0.00340009,0.06143188
1626956765442000,1,0.00366005,0.06141482
1626956765442000,1,1.88500000,0.06141405
1626956765442000,1,0.00340008,0.06141367
1626956765442000,1,1.27822226,0.06140597
1626956765442000,1,0.00340007,0.06139546
1626956765442000,1,0.00367004,0.06138267
1626956765442000,1,0.00341006,0.06137725
1626956765442000,1,8.00000000,0.06136796
1626956765442000,1,0.00341005,0.06135904
1626956765442000,1,0.00367003,0.06135051
1626956765442000,1,0.00341004,0.06134083
1626956765442000,1,2.55522595,0.06132799
1626956765442000,1,0.00341003,0.06132262
1626956765442000,1,0.00367002,0.06131836
1626956765442000,1,0.94000000,0.06131647
1626956765442000,1,0.00341002,0.06130441
1626956765442000,1,0.00367001,0.06128620
1626956765442000,1,2.13918530,0.06128089
1626956782109000,1,0.00337000,0.06142690
1626956935161000,1,1.27827914,0.06152630
1626956940458000,1,1.27000000,0.06149231
1626956946194000,1,1.04448341,0.06145001
1626956949267000,0,0.00591800,0.06149126
1626957133026000,1,0.20000000,0.06151693
1626957141817000,1,3.30000000,0.06150491
1626957232880000,1,0.00640400,0.06158726
1626957325404000,0,0.00341004,0.06163983
1626957325404000,0,0.00367001,0.06164620
1626957325404000,0,0.02291995,0.06167557
1626957342663000,0,0.00340007,0.06169446
1626957342663000,0,0.02659993,0.06172612
1626957464347000,0,0.00336900,0.06173959
1626957487049000,1,0.03000000,0.06166962
1626957565759000,0,0.00367004,0.06174267
1626957565862000,0,0.00340010,0.06174909
1626957566152000,0,0.00341002,0.06177341
1626957568670000,0,0.00340013,0.06180372
1626957591903000,0,0.00341005,0.06182804
1626957593425000,1,0.00131295,0.06183000
1626957593425000,1,0.39272605,0.06181094
1626957599213000,1,0.00521700,0.06181457
1626957608527000,0,0.00366007,0.06183913
1626957608527000,0,0.02633993,0.06184334
1626957667408000,0,0.00500000,0.06183000
1626957692939000,0,0.00055600,0.06183000
1626957692939000,0,0.00340016,0.06185835
1626957692939000,0,0.00340008,0.06188267
1626957692939000,0,0.02264376,0.06189013
1626957694269000,0,0.00339019,0.06191298
1626957694269000,0,0.00365010,0.06193560
1626957694269000,0,0.00340011,0.06193730
1626957694269000,0,0.40955960,0.06194854
1626957695727000,1,3.30000000,0.06189110
1626957695727000,1,0.20000000,0.06188802
1626957695727000,1,2.07673900,0.06188801
1626957714975000,0,0.13000000,0.06194854
1626957718909000,0,0.00600000,0.06194854
1626957718975000,0,0.00051417,0.06194854
1626957718975000,0,0.00339022,0.06196761
1626957746754000,0,0.01000000,0.06191000
1626957749402000,0,0.00243800,0.06194520
1626957761904000,1,0.00384500,0.06186000
1626957761904000,1,0.02615500,0.06185571
1626957806891000,0,0.00400000,0.06183000
1626957808520000,0,0.00099800,0.06183000
1626957958089000,1,0.00758700,0.06183261
1626958082327000,0,0.00719700,0.06192360
1626958297705000,0,0.00457300,0.06188089
1626958377950000,1,0.00765507,0.06178485
1626958528996000,1,0.16939700,0.06184240
1626958540041000,1,0.02207000,0.06183240
1626958549573000,0,0.00571800,0.06187328
1626958564077000,0,0.00672530,0.06187328
1626958629489000,1,0.00373300,0.06195901
1626958636998000,0,0.00340014,0.06199193
1626958636998000,0,0.00367002,0.06200836
1626958636998000,0,0.00339025,0.06202224
1626958636998000,0,0.00365013,0.06203206
1626958636998000,0,0.02588946,0.06203587
1626958639241000,0,0.00339017,0.06204656
1626958646250000,0,0.00371700,0.06207686
1626958656776000,1,0.00343000,0.06201225
1626958662780000,0,0.00338028,0.06207687
1626958662780000,0,0.00341003,0.06209162
1626958662780000,0,0.03142870,0.06209905
1626958662836000,0,0.00339020,0.06210119
1626958662836000,0,0.00366005,0.06210482
1626958663614000,0,0.00364016,0.06212853
1626958663974000,0,0.00338031,0.06213150
1626958663974000,0,0.00341006,0.06214625
1626958663974000,0,0.00339023,0.06215582
1626958668086000,1,2.00000000,0.06215794
1626958668379000,1,3.30000000,0.06213460
1626958668379000,1,1.85896400,0.06213149
1626958668682000,1,0.14820100,0.06214068
1626958678951000,0,0.00338034,0.06218613
1626958679022000,0,0.00340009,0.06220088
1626958679022000,0,0.00366008,0.06220129
1626958679338000,0,0.00339026,0.06221045
1626958679338000,0,0.00364019,0.06222499
1626958684337000,1,0.00857100,0.06217475
1626958698120000,0,0.00338037,0.06224076
1626958701837000,0,0.00340012,0.06225551
1626958701837000,0,0.00338029,0.06226508
1626958726872000,0,0.00337040,0.06229539
1626958726872000,0,0.00365011,0.06229775
1626958726872000,0,0.02297949,0.06230259
1626958727211000,0,0.00340015,0.06231014
1626958727419000,0,0.00338032,0.06231971
1626958727419000,0,0.58871426,0.06234050
1626958727419000,0,0.00367003,0.06234051
1626958727419000,0,0.00337043,0.06235002
1626958727419000,0,1.47176534,0.06236476
1626958727419000,0,0.00339018,0.06236477
1626958729616000,0,0.00338035,0.06237434
1626958729616000,0,0.00365014,0.06239422
1626958729616000,0,0.02296951,0.06240144
1626958729670000,0,0.00337046,0.06240465
1626958743519000,0,0.00339021,0.06241940
1626958743519000,0,0.00337038,0.06242897
1626958743519000,0,0.00775038,0.06243585
1626958743519000,0,0.00366006,0.06243698
1626958743519000,0,0.01182897,0.06245129
1626958745403000,0,0.00336049,0.06245928
1626958745403000,0,0.00339024,0.06247403
1626958745403000,0,0.00337041,0.06248360
1626958823580000,1,0.00379900,0.06234497
1626958836879000,0,1.24000000,0.06236044
1626958836897000,0,0.00510568,0.06236044
1626958838526000,1,0.05116612,0.06231008
1626958840344000,0,1.24510000,0.06236044
1626958840388000,0,0.00000568,0.06236044
1626958875205000,0,0.06854300,0.06237193
1626958875754000,1,0.00776400,0.06234220
1626958954111000,1,1.46997465,0.06231001
1626958954192000,1,0.10200000,0.06230455
1626958965967000,1,3.72060000,0.06230455
1626958966007000,1,0.00006944,0.06230455
1626958998860000,1,0.02401200,0.06228109
1626959032040000,0,1.24000000,0.06223157
1626959044213000,1,0.04164766,0.06221263
1626959069791000,1,0.00360000,0.06220028
1626959105565000,1,0.00399600,0.06219368
1626959107853000,1,0.00713200,0.06219368
1626959108161000,1,0.09513100,0.06219368
1626959156664000,1,0.01010500,0.06223147
1626959385774000,0,0.00677300,0.06224914
1626959511350000,1,0.01606300,0.06227428
1626959538646000,0,0.01500000,0.06228000
1626959538836000,0,0.00087400,0.06228000
1626959556108000,1,0.00602100,0.06230232
1626959562706000,0,0.00425300,0.06235327
1626959583839000,1,0.00941500,0.06230233
1626959604841000,0,0.00481000,0.06234000
1626959641181000,0,0.09500000,0.06230000
1626959641278000,0,0.00068000,0.06230000
1626959766529000,1,0.02247900,0.06224512
1626959850089000,0,0.00600000,0.06218000
1626959851100000,0,0.00003500,0.06218000
1626959858372000,1,0.00364600,0.06219138
1626959945200000,1,0.00361900,0.06221311
1626959999378000,1,0.00368400,0.06219617
1626960122250000,0,0.00384700,0.06217000
1626960246191000,1,0.00336049,0.06216028
1626960248812000,1,0.03075083,0.06211008
1626960248888000,1,0.00337046,0.06210565
1626960248888000,1,0.98855548,0.06208732
1626960248888000,1,0.59210683,0.06208020
1626960248888000,1,0.02877369,0.06207897
1626960306866000,1,0.00600000,0.06211000
1626960306871000,1,0.00090400,0.06211000
1626960307865000,1,0.00337043,0.06205102
1626960307925000,1,0.00600000,0.06204793
1626960308395000,1,0.00048403,0.06204793
1626960330531000,1,0.00829000,0.06202188
1626960351011000,1,0.00337041,0.06201460
1626960357357000,0,0.00244722,0.06201163
1626960392788000,1,0.00845200,0.06205477
1626960511533000,1,0.00454200,0.06201807
1626960534087000,0,0.00500000,0.06201000
1626960534376000,0,0.00062500,0.06201000
1626960534376000,0,0.03937500,0.06201000
1626960534409000,0,0.00305500,0.06201000
1626960612678000,1,0.00336200,0.06210000
1626960619735000,0,0.00405900,0.06209322
1626960710682000,1,0.00594300,0.06216070
1626960767942000,1,0.00350600,0.06207961
1626960867874000,0,0.00500000,0.06207000
1626960868744000,0,0.00067900,0.06207000
1626960873207000,0,0.00500000,0.06207000
1626960883019000,0,0.00041600,0.06207000
1626960997905000,1,0.00338900,0.06201783
1626961060780000,1,0.00684200,0.06199751
1626961138920000,1,0.00387100,0.06202919
1626961139011000,1,0.00805700,0.06202919
1626961224361000,0,0.00800000,0.06200000
1626961224435000,0,0.00054000,0.06200000
1626961284635000,1,0.00337040,0.06199639
1626961309446000,1,0.00337038,0.06195997
1626961309446000,1,0.00279462,0.06194176
1626961508486000,0,0.08000000,0.06197000
1626961508532000,0,0.00655000,0.06197000
1626961589654000,0,0.06000000,0.06195000
1626961589737000,0,0.00509300,0.06195000
1626961624662000,0,0.00714200,0.06198109
1626961684287000,1,0.00058575,0.06194176
1626961684287000,1,0.00281525,0.06191827
1626961730909000,1,0.03538200,0.06193261
1626961747999000,1,0.00012200,0.06193261
1626961920358000,0,0.01353295,0.06207799
1626961998871000,1,0.00035500,0.06206000
1626962180134000,1,0.01165000,0.06195449
1626962217783000,1,0.00390300,0.06195957
1626962292247000,0,0.13300000,0.06193000
1626962292438000,0,0.12106800,0.06193000
1626962297709000,0,0.00340100,0.06197860
1626962366739000,1,0.17387600,0.06202608
1626962427410000,0,0.02486300,0.06202000
1626962444516000,1,0.02640000,0.06205999
1626962466650000,0,0.01442200,0.06207000
1626962560303000,1,0.00905600,0.06194302
1626962581210000,1,0.00329100,0.06199000
1626962616665000,1,0.00722400,0.06191855
1626962618891000,1,0.00611700,0.06191855
1626962702202000,1,0.00345500,0.06200000
1626962781204000,1,0.00338035,0.06190534
1626962783348000,1,0.00338034,0.06188713
1626962805013000,1,0.00338500,0.06185113
1626962854176000,1,0.02356700,0.06193082
1626962908260000,1,0.00427700,0.06194732
1626962962507000,0,0.03233500,0.06193000
1626963045990000,1,0.00852300,0.06198967
1626963058047000,1,0.07502100,0.06199900
1626963122476000,0,0.58000000,0.06198000
1626963290712000,1,0.00399954,0.06195826
1626963290712000,1,0.20000000,0.06195607
1626963290833000,0,0.03788446,0.06195000
1626963312036000,0,0.07052900,0.06194000
1626963437765000,0,0.00340500,0.06211202
1626963519746000,0,0.00457400,0.06210982
1626963563625000,0,0.00741400,0.06216266
1626963603382000,0,0.26000000,0.06208000
1626963618783000,0,0.00140000,0.06208000
1626963619009000,1,0.03057100,0.06207323
1626963760484000,0,0.00655500,0.06216319
1626963826385000,0,1.25252114,0.06215461
1626963826385000,0,2.50482729,0.06216496
1626963826385000,0,0.02928056,0.06216631
1626963827043000,0,0.00338034,0.06218613
1626963854277000,1,0.01218000,0.06219707
1626963953743000,0,0.01694900,0.06210000
1626964046250000,1,0.01800000,0.06210056
1626964220620000,1,0.50861988,0.06189236
1626964227115000,1,7.05000000,0.06188927
1626964227163000,1,2.38360000,0.06188927
1626964233226000,1,0.00338034,0.06188713
1626964248424000,0,0.00972922,0.06188115
1626964296118000,1,0.00472900,0.06188345
1626964335735000,1,0.00338032,0.06185071
1626964335735000,1,0.00338031,0.06183250
1626964395730000,0,0.00125400,0.06185686
1626964401529000,1,0.00329100,0.06180160
1626964441620000,1,0.00841800,0.06190593
1626964585883000,0,0.01211400,0.06184000
1626964591036000,1,0.08527600,0.06185135
1626964595660000,1,0.01073700,0.06185133
1626964622683000,1,0.01339800,0.06185874
1626964638667000,0,0.00325700,0.06189866
1626964654462000,0,0.07000000,0.06184000
1626964654517000,0,0.00554900,0.06184000
1626964666082000,0,0.00351300,0.06187628
1626964675495000,0,0.00422300,0.06186727
1626964720796000,1,0.00325700,0.06180160
1626964831563000,0,0.01713200,0.06185000
1626964887656000,1,0.00532700,0.06183663
1626964909956000,1,0.06793900,0.06183972
1626964987928000,1,0.03610700,0.06185691
1626965031199000,1,0.20000000,0.06185978
1626965031199000,1,2.14000000,0.06185977
1626965035374000,0,0.00978600,0.06191410
1626965098862000,1,0.00707400,0.06188665
1626965134891000,0,0.00806700,0.06192883
1626965140408000,1,0.13998500,0.06186432
1626965241486000,1,0.01010000,0.06191034
1626965326393000,0,0.03000000,0.06199000
1626965346928000,1,0.01277600,0.06196853
1626965390588000,0,0.00325300,0.06201114
1626965538141000,1,0.00597800,0.06189621
1626965897292000,1,0.02315000,0.06190421
1626965997998000,0,0.01697900,0.06192000
1626966001928000,0,0.00583500,0.06198358
1626966045482000,1,0.12062400,0.06190964
1626966192087000,1,0.55159000,0.06192310
1626966197786000,0,3.83000000,0.06201449
1626966197834000,0,0.00351000,0.06201449
1626966206611000,1,0.02975259,0.06201795
1626966206611000,1,0.17024741,0.06201681
1626966225261000,0,0.00500000,0.06199000
1626966331858000,1,0.00682600,0.06192329
1626966606026000,0,0.00978300,0.06193450
1626966667031000,0,0.29368175,0.06194993
1626966818195000,0,0.00677900,0.06200885
1626966844377000,1,0.00352700,0.06197016
1626966886037000,1,0.00453800,0.06197377
1626966938218000,0,0.00389900,0.06204136
1626966970764000,1,0.01016500,0.06198364
1626967032645000,0,0.00895552,0.06201538
1626967139354000,0,0.00450000,0.06206155
1626967206983000,1,0.00602300,0.06199020
1626967270877000,1,0.20000000,0.06195261
1626967349635000,1,0.00845800,0.06199943
1626967354111000,1,0.00577400,0.06199943
1626967440491000,1,0.00603200,0.06195203
1626967457751000,1,0.02070800,0.06195203
1626967482838000,1,0.03109600,0.06198809
1626967496596000,0,0.00338031,0.06213150
1626967507516000,0,0.00338034,0.06218613
1626967507516000,0,0.02661966,0.06219119
1626967534772000,0,0.58772934,0.06220046
1626967534906000,0,0.58776720,0.06220358
1626967534906000,0,1.24660942,0.06220565
1626967534906000,0,1.46912717,0.06221795
1626967534906000,0,0.01160250,0.06221800
1626967534906000,0,0.03102369,0.06222072
1626967534906000,0,2.49272683,0.06222175
1626967535039000,0,0.02940020,0.06223349
1626967535039000,0,0.00279462,0.06224076
1626967535039000,0,0.00058575,0.06224076
1626967535039000,0,0.02958405,0.06225047
1626967535039000,0,5.89140352,0.06225774
1626967535039000,0,2.49363008,0.06225775
1626967535451000,1,1.03972800,0.06222197
1626967545484000,1,0.03073498,0.06217879
1626967545484000,1,0.26926502,0.06217259
1626967564379000,0,0.00348400,0.06217000
1626967571174000,1,0.05900000,0.06225000
1626967571238000,1,0.00029823,0.06225000
1626967628360000,1,0.03101962,0.06211879
1626967628360000,1,0.00098038,0.06210209
1626967645133000,1,3.30000000,0.06212553
1626967645133000,1,9.06183755,0.06212168
1626967647623000,1,0.03088400,0.06214515
1626967673265000,0,0.00386700,0.06219987
1626967694869000,1,0.00740200,0.06212901
1626967718218000,0,0.05000000,0.06212000
1626967718270000,0,0.30105000,0.06212000
1626967745450000,0,0.58721003,0.06218412
1626967745450000,0,2.11040000,0.06219210
1626967745450000,0,1.46797835,0.06219910
1626967745450000,0,2.49254897,0.06219911
1626967745450000,0,19.02200000,0.06220237
1626967745450000,0,0.03082381,0.06220285
1626967745450000,0,3.81683790,0.06221074
1626967745450000,0,0.02995243,0.06221704
1626967745450000,0,1.50884851,0.06222484
1626967755155000,0,0.20000000,0.06229267
1626967755155000,0,0.96172322,0.06229268
1626967763459000,0,0.00337040,0.06229539
1626967763459000,0,0.00338032,0.06231971
1626967768565000,1,0.01739000,0.06225232
1626967773115000,1,0.01153054,0.06225232
1626967773115000,1,0.01803283,0.06225032
1626967773115000,1,0.00273263,0.06223622
1626967777434000,1,1.25284800,0.06229104
1626967777707000,1,1.25284800,0.06229728
1626967818350000,0,0.00337043,0.06235002
1626967839518000,1,0.00790600,0.06232258
1626967881143000,1,0.00944300,0.06224535
1626967986277000,0,0.00743600,0.06233851
1626968221486000,0,0.00323700,0.06226000
1626968249582000,1,0.04380700,0.06230237
1626968319067000,1,0.00791300,0.06232117
1626968319352000,0,0.00387500,0.06236656
1626968341937000,1,5.60104290,0.06231494
1626968405932000,0,0.00672000,0.06234215
1626968448305000,0,0.27133199,0.06234215
1626968519163000,1,0.00598800,0.06232493
1626968559924000,0,0.00500000,0.06236968
1626968559979000,0,0.00017100,0.06236968
1626968560045000,0,0.00338035,0.06237434
1626968560045000,0,0.00337046,0.06240465
1626968560045000,0,1.23980819,0.06241337
1626968560045000,0,0.58371896,0.06241950
1626968560538000,0,0.00337038,0.06242897
1626968562731000,0,0.00336049,0.06245928
1626968562731000,0,0.00337041,0.06248360
1626968563477000,0,0.00336052,0.06251391
1626968563477000,0,0.00339027,0.06252866
1626968563477000,0,0.00250133,0.06253823
1626968563477000,0,0.00086911,0.06253823
1626968563477000,0,0.01987877,0.06253974
1626968564054000,0,0.07238129,0.06254120
1626968564054000,0,0.00336055,0.06256854
1626968564054000,0,0.09425816,0.06257338
1626968565989000,0,3.30000000,0.06257025
1626968565989000,0,0.58234702,0.06257337
1626968565989000,0,0.04818782,0.06257338
1626968566232000,1,0.56192239,0.06258276
1626968566239000,1,4.86491639,0.06258276
1626968628523000,1,0.00400200,0.06246434
1626968682242000,0,0.00338030,0.06258329
1626968694463000,1,0.00379200,0.06256818
1626968720300000,1,0.03000000,0.06252966
1626968793614000,1,0.03000000,0.06244485
1626968820362000,0,0.00500000,0.06244000
1626968820442000,0,0.00020500,0.06244000
1626968860778000,1,0.00649100,0.06249152
1626968933718000,1,0.03000000,0.06247560
1626968939551000,1,0.48000000,0.06246597
1626968945151000,1,3.10000000,0.06246062
1626968945612000,1,0.20000000,0.06246062
1626968949549000,1,0.22000000,0.06246062
1626968951271000,1,0.08000000,0.06246062
1626968973696000,1,0.00337500,0.06242456
1626968974924000,0,0.04900000,0.06244000
1626968974926000,0,0.01049100,0.06244000
1626968989277000,0,0.00380500,0.06245000
1626969057471000,0,0.48000000,0.06245000
1626969057481000,0,0.00898300,0.06245000
1626969075076000,1,3.30000000,0.06241525
1626969075076000,1,0.02979572,0.06241213
1626969075076000,1,3.97020428,0.06240297
1626969199241000,0,0.01030000,0.06242000
1626969253188000,0,0.00337047,0.06259286
1626969253188000,0,0.02662953,0.06259821
1626969255635000,0,0.00361031,0.06261085
1626969255635000,0,0.02638969,0.06261088
1626969296850000,1,0.00946500,0.06257523
1626969315877000,0,0.01190400,0.06259000
1626969315877000,0,0.00354100,0.06259000
1626969393482000,1,0.03889300,0.06256130
1626969405191000,0,0.00336058,0.06262317
1626969405191000,0,0.00365012,0.06262991
1626969405191000,0,0.00338033,0.06263792
1626969405191000,0,0.00336050,0.06264749
1626969405191000,0,0.02624847,0.06265837
1626969405261000,0,0.00234652,0.06265837
1626969405385000,0,0.00071338,0.06267780
1626969405385000,0,0.00263723,0.06267780
1626969405385000,0,0.00363023,0.06268361
1626969405461000,0,0.08000000,0.06269140
1626969406566000,0,0.00041763,0.06269255
1626969406566000,0,0.00296273,0.06269255
1626969406566000,0,0.20370370,0.06270000
1626969406566000,0,0.00291594,0.06270212
1626969411473000,0,0.03022369,0.06266245
1626969411473000,0,0.20000000,0.06266523
1626969411521000,1,7.50685413,0.06267407
1626969414589000,1,0.02932349,0.06257929
1626969414644000,0,6.19918000,0.06257255
1626969414834000,0,0.00000277,0.06257255
1626969423607000,0,0.00329900,0.06262037
1626969458596000,0,0.20000000,0.06255998
1626969458843000,0,1.23114000,0.06256312
1626969463244000,0,0.00000483,0.06256312
1626969463244000,0,1.23114483,0.06256312
1626969463304000,0,2.46141000,0.06256922
1626969464092000,0,1.23114000,0.06256312
1626969464213000,0,0.00000483,0.06256312
1626969467398000,0,0.00000928,0.06256922
1626969467398000,0,0.04949900,0.06259000
1626969467398000,0,0.03049172,0.06259000
1626969467440000,0,0.00513428,0.06259000
1626969491722000,0,1.23096000,0.06255462
1626969491761000,0,0.00000145,0.06255462
1626969492234000,0,1.23038880,0.06257545
1626969492234000,0,2.46173372,0.06257788
1626969498926000,0,3.30000000,0.06258779
1626969498926000,0,0.02943152,0.06259106
1626969498926000,0,0.20000000,0.06260082
1626969498926000,0,0.03103235,0.06260484
1626969498926000,0,2.09780000,0.06260862
1626969498926000,0,2.46008414,0.06260990
1626969501661000,0,1.22938560,0.06259751
1626969501661000,0,0.20000000,0.06260035
1626969501661000,0,2.46008414,0.06260990
1626969501661000,0,2.09780000,0.06261400
1626969501661000,0,2.45867860,0.06261956
1626969501661000,0,0.90000000,0.06263132
1626969501852000,0,0.20000000,0.06261086
1626969503436000,0,0.20000000,0.06261587
1626969503436000,0,3.30000000,0.06261588
1626969503436000,0,2.09780000,0.06262780
1626969503436000,0,29.59470000,0.06264000
1626969504683000,0,3.30000000,0.06263917
1626969505544000,0,3.30000000,0.06263917
1626969508992000,0,3.30000000,0.06266469
1626969602816000,0,0.00334074,0.06259000
1626969604325000,1,0.00321800,0.06256275
1626969627022000,1,0.00334071,0.06256090
1626969647990000,0,0.00392800,0.06252000
1626969667316000,0,0.20000000,0.06252000
1626969690960000,1,0.00329900,0.06251819
1626969691073000,1,0.01536300,0.06251819
1626969740776000,0,0.00579464,0.06269602
1626969740776000,0,0.20000000,0.06269820
1626969740776000,0,0.57720549,0.06270211
1626969740776000,0,0.00044459,0.06270212
1626969740776000,0,0.00361034,0.06270732
1626969745154000,0,0.00363988,0.06272637
1626969745154000,0,0.00000027,0.06272637
1626969745154000,0,0.00335064,0.06273243
1626969747904000,0,0.04900000,0.06274000
1626969747904000,0,0.00337039,0.06274718
1626969748191000,1,2.44576000,0.06275162
1626969748224000,1,0.27850673,0.06275162
1626969748239000,1,2.75990815,0.06275162
1626969767572000,0,0.00336056,0.06275675
1626969767572000,0,0.52663944,0.06275974
1626969768438000,0,0.87000000,0.06275974
1626969768862000,0,0.00336056,0.06275974
1626969779483000,1,0.01205000,0.06270231
1626969805593000,0,0.00619400,0.06264000
1626969817064000,0,0.02300000,0.06264000
1626969817064000,0,0.00700000,0.06266000
1626969817088000,0,0.00512600,0.06266000
1626969833523000,1,0.01839902,0.06261575
1626969841190000,0,0.15873566,0.06268440
1626969858921000,0,0.00327100,0.06263191
1626969882774000,0,0.15000000,0.06256000
1626969883052000,0,0.00246100,0.06256000
1626969923900000,1,0.03000000,0.06250016
1626969942087000,0,5.90119000,0.06248936
1626969982466000,0,0.00572800,0.06251566
1626970016229000,0,0.00334075,0.06257560
1626970020881000,0,0.00334076,0.06254456
1626970025522000,0,0.00334077,0.06254457
1626970088015000,1,0.08491500,0.06248308
1626970116769000,0,0.45843000,0.06246000
1626970152475000,0,0.06326900,0.06244000
1626970152475000,0,0.00673100,0.06244000
1626970152574000,0,0.00489900,0.06244000
1626970229262000,1,0.00499700,0.06251814
1626970281167000,1,0.02975796,0.06244373
1626970281167000,1,3.29024204,0.06244281
1626970357913000,0,0.14000000,0.06249766
1626970357919000,0,0.00723643,0.06249766
1626970362831000,1,0.00422300,0.06252594
1626970479700000,1,3.23400000,0.06249409
1626970506891000,0,0.00489800,0.06249000
1626970655568000,1,0.01305700,0.06245457
1626970693174000,0,0.00377000,0.06249421
1626970699462000,1,0.00335064,0.06243343
1626970699462000,1,0.00250136,0.06242931
1626970735797000,1,0.02750600,0.06240973
1626970764425000,1,0.00206900,0.06244212
1626970786581000,1,0.00335061,0.06237880
1626970786581000,1,0.09089239,0.06237348
1626970811242000,0,0.00336700,0.06237000
1626970864070000,0,0.00344400,0.06244001
1626970893496000,1,0.00341800,0.06237979
1626970953777000,1,0.00334800,0.06243746
1626970986611000,1,0.01218500,0.06245881
1626971007950000,1,0.00800000,0.06251000
1626971015030000,0,0.00992500,0.06251001
1626971015255000,1,0.03196900,0.06246058
1626971020287000,1,0.00440100,0.06246058
1626971078590000,1,0.10222000,0.06242928
1626971081378000,0,1.00000000,0.06243000
1626971081416000,0,0.00122000,0.06243000
1626971114844000,1,0.00395400,0.06242515
1626971142346000,0,0.00631000,0.06247977
1626971288020000,0,0.00602900,0.06247443
1626971410506000,0,0.00400000,0.06245000
1626971423276000,0,0.00024600,0.06245000
1626971433080000,0,0.48000000,0.06250052
1626971433092000,0,0.00765213,0.06250052
1626971436983000,1,0.00637800,0.06247931
1626971454594000,0,0.00395900,0.06257144
1626971529216000,1,0.05980000,0.06250218
1626971633631000,1,0.05462500,0.06247696
1626971762908000,0,0.04801900,0.06247000
1626971860276000,0,0.00400000,0.06246000
1626971860528000,0,0.09000000,0.06246000
1626971860640000,0,0.00600000,0.06246000
1626971863803000,1,0.02806800,0.06246569
1626971881255000,0,1.67347128,0.06250725
1626971912765000,1,0.03728600,0.06245287
1626971926154000,1,1.18000000,0.06245287
1626971926189000,1,0.70000000,0.06245287
1626971926194000,0,0.00432800,0.06246598
1626971926905000,1,1.50000000,0.06245287
1626971927467000,1,0.80000000,0.06245287
1626971928166000,1,2.84000000,0.06245287
1626971928976000,1,0.93000000,0.06245287
1626971946849000,1,0.00271400,0.06245287
1626971968146000,1,0.00668700,0.06241366
1626972061072000,1,0.02893000,0.06243526
1626972138913000,0,0.58000000,0.06241000
1626972139670000,1,0.00390500,0.06240539
1626972179120000,0,0.00727500,0.06241000
1626972277696000,0,0.03179269,0.06251879
1626972328382000,0,0.00571100,0.06248530
1626972370227000,0,0.00415900,0.06246098
1626972393220000,1,0.00415900,0.06241910
1626972402450000,1,0.01972000,0.06243209
1626972436175000,1,0.09192600,0.06245969
1626972545182000,1,0.06315200,0.06246999
1626972546348000,0,0.01528600,0.06247000
1626972604896000,1,0.85416300,0.06247214
1626972690045000,1,0.00349500,0.06246432
1626972987841000,1,0.00355000,0.06241391
1626973054961000,1,0.00600000,0.06242000
1626973095644000,1,0.00604300,0.06240022
1626973158642000,0,0.00468200,0.06248789
1626973232055000,1,0.01084400,0.06242025
1626973275801000,0,0.00600000,0.06243000
1626973303169000,0,0.00362700,0.06243000
1626973363943000,1,0.00045600,0.06251000
1626973373816000,1,0.26536600,0.06244901
1626973479105000,1,0.00336100,0.06241412
1626973598266000,0,3.04101300,0.06244421
1626973600435000,0,0.12780768,0.06244421
1626973793803000,0,0.00535200,0.06246699
1626973900886000,1,0.00336100,0.06248000
1626973900886000,1,0.00263900,0.06248000
1626973908791000,1,0.00453000,0.06244617
1626973912591000,0,0.00600000,0.06245000
1626973971714000,1,0.01000000,0.06244626
1626973971805000,1,0.00342100,0.06244626
1626974004082000,0,0.00144612,0.06245000
1626974035166000,0,0.00884500,0.06251929
1626974463765000,1,0.12853000,0.06245668
1626974483802000,1,0.00957000,0.06242899
1626974627344000,1,0.00413700,0.06244741
1626974739204000,1,0.04230300,0.06246837
1626974801911000,0,0.00371300,0.06248000
1626975079156000,1,0.01922600,0.06252934
1626975079386000,1,0.01191300,0.06252934
1626975114854000,1,2.13000000,0.06252935
1626975114945000,1,0.12800000,0.06252935
1626975119735000,0,0.09449600,0.06252000
1626975182002000,0,0.00600000,0.06255900
1626975182160000,0,0.00040185,0.06255900
1626975344223000,1,0.00419400,0.06251434
1626975377722000,0,0.00338300,0.06255203
1626975385332000,1,0.00484700,0.06251502
1626975415906000,1,0.31000000,0.06252071
1626975568595000,1,0.00476200,0.06258877
1626975589116000,1,0.00333400,0.06259504
1626975712059000,0,0.00338000,0.06259000
1626975730001000,0,0.00369100,0.06263257
1626975861191000,0,0.00700000,0.06257000
1626975862181000,0,0.00064400,0.06257000
1626975874480000,1,0.00665300,0.06258574
1626976017834000,0,0.11500000,0.06258000
1626976020427000,0,0.02812700,0.06258000
1626976100168000,0,0.00356400,0.06259836
1626976110738000,1,0.00356500,0.06253866
1626976121316000,1,0.00444500,0.06253866
1626976161402000,1,2.76555500,0.06253646
1626976232781000,1,0.00336100,0.06257000
1626976385709000,1,0.11667100,0.06253772
1626976447271000,1,0.08773200,0.06255856
1626976488739000,1,0.71630000,0.06255534
1626976488739000,1,0.72744000,0.06255533
1626976509785000,1,0.00960800,0.06257029
1626976529381000,1,0.00333300,0.06257170
1626976533158000,0,0.00432100,0.06261772
1626976618119000,0,0.00960800,0.06257000
1626976618119000,0,0.00397100,0.06257000
1626976641308000,0,0.00861900,0.06263262
1626976683225000,0,0.00960800,0.06267328
1626976730476000,0,0.00335061,0.06267780
1626976757299000,0,0.00335064,0.06273243
1626976774631000,1,0.00425300,0.06272321
1626976814136000,0,0.01308121,0.06276935
1626976814136000,0,0.00362026,0.06278008
1626976814136000,0,0.00335067,0.06278706
1626976814136000,0,0.01994786,0.06279326
1626976814195000,0,0.00460442,0.06279326
1626976819890000,0,0.00337042,0.06280181
1626976820959000,0,0.00360037,0.06280378
1626976822696000,0,0.00335059,0.06281138
1626976823734000,0,0.00676318,0.06281274
1626976824199000,0,0.00364018,0.06282284
1626976824199000,0,0.00364018,0.06282284
1626976835535000,0,0.03000000,0.06281000
1626976835550000,0,0.00686200,0.06281000
1626976872204000,0,0.00680600,0.06279000
1626976958005000,0,0.00399700,0.06276951
1626976999718000,1,0.00700000,0.06277000
1626977001206000,1,0.00042700,0.06277000
1626977059102000,0,0.00329900,0.06272200
1626977085947000,0,0.00333082,0.06274580
1626977087036000,1,0.00333081,0.06274300
1626977090677000,0,0.00333083,0.06274579
1626977092944000,1,0.00333080,0.06272479
1626977095642000,1,0.00334079,0.06270658
1626977106563000,1,0.00334078,0.06268837
1626977162800000,1,0.00349900,0.06264925
1626977163116000,1,0.00691200,0.06264925
1626977385407000,0,0.00429000,0.06272556
1626977427586000,1,0.00539900,0.06271262
1626977457547000,0,0.00500000,0.06271000
1626977484015000,0,0.00043800,0.06271000
1626977694624000,0,0.00432100,0.06272644
1626977761501000,0,0.24000000,0.06269000
1626977761505000,0,0.00284500,0.06269000
1626977803041000,1,0.00933100,0.06265681
1626977886417000,1,0.23342551,0.06264311
1626978032169000,1,0.00575600,0.06267016
1626978074606000,1,0.05000000,0.06265183
1626978078862000,1,5.00000000,0.06269977
1626978161922000,1,0.00330000,0.06274000
1626978184302000,0,0.00594600,0.06268000
1626978184302000,0,0.06405400,0.06268000
1626978184325000,0,0.00371300,0.06268000
1626978224903000,1,0.10810400,0.06267345
1626978286802000,1,0.00396400,0.06267071
1626978292285000,0,0.00972600,0.06271665
1626978387442000,1,0.36247400,0.06266513
1626978448892000,1,0.00462000,0.06266980
1626978469891000,0,0.87000000,0.06266000
1626978469926000,0,0.00049500,0.06266000
1626978522337000,1,0.00160800,0.06265516
1626978550808000,1,0.00691100,0.06268115
1626978610209000,0,0.00450300,0.06269646
1626978642246000,1,0.00322400,0.06265642
1626978702227000,1,0.00166245,0.06265516
1626978702788000,1,0.00327044,0.06265027
1626978754988000,1,0.00327043,0.06264538
1626978754988000,1,0.00327042,0.06264049
1626978754988000,1,0.00327041,0.06263560
1626978754988000,1,0.00327040,0.06263071
1626978754988000,1,0.00327039,0.06262582
1626978754988000,1,0.02933895,0.06262239
1626978755195000,0,0.00322400,0.06265454
1626978793933000,0,0.00440500,0.06267649
1626978855161000,1,0.00358500,0.06263112
1626979017617000,0,0.00327047,0.06266006
1626979034730000,1,0.00327049,0.06267472
1626979093531000,1,0.00327048,0.06266983
1626979093531000,1,0.00327046,0.06266005
1626979179400000,1,0.00753200,0.06262094
1626979184673000,1,0.00327038,0.06262093
1626979186465000,0,0.00002962,0.06262000
1626979226644000,1,0.00410000,0.06263107
1626979247634000,1,0.00767700,0.06264998
1626979346911000,1,1.23553000,0.06269531
1626979347008000,1,0.00000832,0.06269531
1626979347008000,1,9.26699168,0.06268990
1626979347100000,1,0.00000832,0.06268990
1626979347100000,1,3.29999168,0.06268012
1626979347149000,1,0.00000832,0.06268012
1626979347149000,1,0.19999168,0.06267412
1626979510049000,1,1.02000000,0.06271860
1626979570157000,1,0.01470600,0.06271172
1626979700262000,0,0.01883400,0.06270000
1626979959694000,1,0.00333600,0.06273573
1626980010679000,0,0.00768100,0.06279262
1626980040786000,1,0.00437800,0.06273329
1626980041620000,0,0.00430600,0.06274000
1626980410742000,1,0.00327062,0.06273829
1626980413898000,1,0.00327061,0.06273340
1626980462596000,1,0.00327060,0.06272851
1626980468413000,1,0.00327059,0.06272362
1626980473976000,1,0.00327058,0.06271873
1626980473976000,1,0.00327057,0.06271384
1626980473976000,1,0.00327056,0.06270895
1626980473976000,1,0.00327055,0.06270406
1626980473976000,1,0.00327054,0.06269917
1626980473976000,1,0.00327053,0.06269428
1626980473976000,1,0.00327052,0.06268939
1626980473976000,1,0.00327051,0.06268450
1626980474034000,0,5.55000000,0.06268000
1626980474035000,0,0.99028864,0.06268000
1626980938310000,1,0.35020000,0.06271097
1626981040399000,1,0.60000000,0.06272512
1626981092678000,1,0.10000000,0.06269651
1626981343370000,1,0.00765300,0.06268811
1626981385151000,0,0.00727600,0.06272157
1626981569501000,1,0.00449000,0.06269330
1626981604678000,0,3.23400000,0.06272433
1626981958066000,0,0.00572500,0.06274026
1626982011165000,1,0.40305800,0.06268274
1626982098027000,1,0.00327050,0.06267961
1626982129451000,1,0.00342500,0.06264602
1626982138118000,1,0.00535000,0.06264602
1626982175449000,0,0.00097350,0.06267000
1626982239810000,1,0.00477200,0.06265054
1626982382178000,1,0.20000000,0.06264563
1626982382178000,1,0.13480300,0.06264562
1626982565189000,1,0.00320800,0.06266895
1626982645518000,0,0.00443100,0.06268595
1626982685568000,0,0.00432000,0.06269106
1626982870007000,0,0.00382200,0.06271882
1626982951132000,1,0.49154100,0.06268614
1626983129544000,0,0.00428300,0.06268552
1626983137972000,0,0.00565300,0.06264000
1626983275239000,1,0.00700000,0.06267000
1626983282098000,1,0.00064700,0.06267000
1626983668495000,0,0.80000000,0.06274437
1626983671684000,1,0.00925900,0.06267980
1626983820565000,1,0.00327037,0.06261604
1626983820565000,1,0.00061763,0.06261115
1626983963766000,1,0.00533100,0.06262935
1626984088138000,0,0.17400000,0.06267562
1626984150515000,1,0.00467700,0.06264714
1626984196223000,0,0.00393700,0.06265000
1626984266674000,1,0.45400300,0.06272697
1626984301170000,0,0.00362800,0.06273000
1626984425140000,1,0.00327300,0.06264157
1626984446895000,0,0.00129900,0.06265000
1626984511175000,1,0.00491700,0.06263805
1626984573101000,0,0.00434800,0.06267968
1626984653492000,1,0.00492700,0.06262971
1626984679337000,0,0.00400000,0.06265000
1626984690833000,0,0.00034800,0.06265000
1626984712890000,1,0.00473800,0.06262961
1626984835537000,0,0.06000000,0.06262000
1626984836865000,0,0.00500000,0.06262000
1626984852156000,0,0.00233300,0.06262000
1626984875484000,1,0.88413100,0.06262759
1626984892969000,0,0.00757400,0.06266363
1626985119456000,1,0.10000000,0.06265597
1626985263337000,0,0.00367000,0.06266233
1626985324220000,1,0.00333400,0.06262275
1626985405767000,1,0.02476111,0.06264788
1626985447772000,1,0.01170300,0.06263123
1626985548786000,1,0.00265273,0.06261115
1626985568859000,0,0.00315827,0.06261000
1626985651780000,1,0.00322200,0.06262062
1626985777324000,1,0.00327035,0.06260626
1626985777873000,1,0.00327034,0.06260137
1626985778632000,1,0.00327033,0.06259648
1626985894705000,0,0.68338237,0.06260438
1626985896429000,1,0.00328032,0.06259159
1626985896429000,1,0.00328031,0.06258670
1626985896429000,1,0.00328030,0.06258181
1626985896429000,1,0.00328029,0.06257692
1626985896429000,1,0.00069178,0.06257203
1626985937460000,1,0.00258850,0.06257203
1626985937460000,1,0.00128550,0.06256714
1626986055616000,1,0.00199477,0.06256714
1626986057791000,1,0.00328026,0.06256225
1626986061100000,1,0.00328025,0.06255736
1626986062571000,1,0.00328024,0.06255247
1626986062571000,1,0.00328023,0.06254758
1626986062571000,1,0.00328022,0.06254269
1626986062571000,1,0.00328021,0.06253780
1626986062571000,1,0.00328020,0.06253291
1626986062571000,1,0.00328019,0.06252802
1626986062571000,1,0.00328018,0.06252313
1626986062571000,1,0.00328017,0.06251824
1626986063582000,1,0.00328016,0.06251335
1626986063660000,1,0.00328015,0.06250846
1626986063752000,1,0.00328014,0.06250357
1626986064459000,1,0.00328013,0.06249868
1626986064459000,1,0.00328012,0.06249379
1626986064459000,1,0.00328011,0.06248890
1626986064459000,1,0.00328010,0.06248401
1626986064459000,1,0.00328009,0.06247912
1626986064459000,1,0.00328008,0.06247423
1626986064459000,1,0.00328007,0.06246934
1626986064459000,1,0.00328006,0.06246445
1626986064624000,1,0.00328005,0.06245956
1626986064624000,1,0.00328004,0.06245467
1626986064624000,1,0.00328003,0.06244978
1626986064624000,1,0.00328002,0.06244489
1626986081641000,1,0.00328001,0.06244000
1626986081641000,1,0.00335064,0.06243343
1626986081641000,1,0.01366636,0.06241762
1626986111563000,0,0.01155464,0.06249390
1626986149444000,1,0.03976600,0.06253537
1626986309571000,1,0.04880000,0.06250870
1626986324079000,1,3.30000000,0.06252142
1626986324079000,1,6.70000000,0.06252142
1626986415759000,0,0.00481900,0.06252000
1626986524555000,1,0.22612100,0.06257864
1626986561027000,0,0.01767973,0.06261383
1626986565857000,0,0.00516200,0.06261367
1626986710934000,0,0.00545000,0.06261823
1626986732577000,1,0.00417000,0.06256129
1626986794515000,1,0.13403900,0.06256152
1626986826799000,1,0.00419600,0.06256385
1626986856612000,0,0.00690700,0.06259561
1626986882193000,0,0.00350600,0.06255000
1626987086634000,0,0.00474500,0.06251000
1626987385416000,1,0.00514300,0.06252956
1626987521842000,0,0.01013000,0.06249000
1626987680803000,1,0.05000000,0.06254231
1626988122498000,1,0.00791100,0.06253552
1626988165639000,0,0.00320700,0.06260688
1626988186067000,0,0.00322200,0.06260689
1626988208659000,1,0.00703700,0.06254621
1626988271336000,1,1.10000000,0.06255733
1626988549079000,0,0.53000000,0.06262000
1626988549119000,0,0.00667800,0.06262000
1626989317197000,1,0.00698800,0.06255508
1626989468103000,1,0.00851600,0.06250298
1626990239366000,1,0.00335061,0.06237880
1626990239366000,1,0.02664939,0.06236431
1626990829660000,0,0.02139498,0.06263300
1626990829772000,0,0.01331381,0.06264900
1626990829772000,0,0.03151392,0.06265084
1626990832461000,0,0.02643318,0.06267393
1626990869805000,1,0.03070038,0.06245848
1626990873357000,1,1.53561971,0.06247002
1626991030450000,1,0.02939367,0.06240690
1626992551355000,1,0.00335059,0.06234238
1626992551355000,1,0.00336058,0.06232417
1626992551355000,1,0.03006301,0.06230902
1626992572508000,1,0.00336056,0.06228775
1626992574342000,1,0.00336055,0.06226954
1626992574433000,1,0.00336053,0.06223312
1626992598057000,1,0.00336052,0.06221491
1626992598057000,1,0.00841354,0.06220200
1626992608138000,1,0.00336050,0.06217849
1626992608138000,1,0.00336049,0.06216028
1626992608138000,1,4.00000000,0.06214000
1626992608138000,1,0.03048197,0.06212988
1626992609720000,1,0.00337047,0.06212386
1626992660116000,1,3.10000000,0.06214228
1626992674493000,1,3.10000000,0.06218286
1626992759518000,0,0.02848544,0.06223471
1626992759518000,0,0.07151456,0.06224316
1626996153893000,0,0.58411843,0.06243176
1626996376116000,0,0.00336049,0.06245928
1626996793337000,0,0.00336052,0.06251391
1626996961707000,0,0.00580510,0.06254517
1626997022026000,0,0.00336055,0.06256854
1626997022026000,0,0.02663945,0.06258193
1626997022027000,0,0.00425532,0.06258193
1626997023035000,0,0.00337047,0.06259286
1626997023035000,0,0.02853076,0.06261202
1626997023035000,0,0.20000000,0.06262197
1626997023035000,0,0.00336058,0.06262317
1626997023035000,0,2.04890000,0.06262845
1626997023035000,0,9.92570000,0.06263405
1626997023035000,0,0.03163224,0.06263557
1626997023035000,0,0.58215892,0.06264076
1626997023035000,0,2.47521670,0.06264077
1626997023035000,0,0.00336050,0.06264749
1626997023035000,0,1.45539731,0.06266164
1626997023035000,0,4.00000000,0.06266165
1626997023035000,0,1.00844610,0.06266783
1626997157576000,0,0.00335061,0.06267780
1626998428657000,0,0.00336053,0.06270212
1626998499778000,0,0.20000000,0.06269821
1626998499778000,0,1.23371345,0.06269822
1626998499778000,0,0.58158292,0.06271249
1626998499778000,0,2.46665379,0.06271401
1626998499778000,0,0.02978231,0.06271769
1626998499778000,0,2.46579033,0.06272163
1626998499778000,0,1.45372600,0.06272426
1626998499778000,0,3.78021540,0.06272755
1626998499778000,0,4.00000000,0.06272756
1626998499778000,0,31.56210000,0.06273000
1626998499778000,0,0.03065145,0.06273169
1626998499778000,0,0.00335064,0.06273243
1626998499778000,0,0.02904524,0.06274825
1626998499778000,0,2.46513764,0.06275575
1626998499778000,0,0.00336056,0.06275675
1626998499778000,0,2.46610652,0.06277283
1626998499778000,0,0.00328001,0.06277300
1626998499778000,0,0.00328004,0.06278767
1626998499778000,0,0.00328007,0.06280234
1626998499778000,0,0.00335059,0.06281138
1626998499778000,0,0.00328010,0.06281701
1626998499789000,1,1.92843670,0.06282000
1626998499802000,1,9.25670000,0.06282000
1626998502558000,0,0.20000000,0.06278879
1626998502558000,0,2.03440000,0.06278975
1626998502558000,0,0.76560000,0.06279072
1626998557350000,1,0.02954330,0.06261916
1626998557350000,1,0.02892321,0.06260645
1626998557350000,1,0.03153349,0.06259132
1626999810392000,1,0.03000000,0.06266209
1626999810449000,1,0.00211970,0.06266209
1627000350950000,0,0.00340624,0.06268685
1627001707343000,0,0.00328013,0.06283168
1627001923525000,0,1.28171798,0.06272436
1627002639194000,0,0.00334070,0.06284169
1627002639614000,0,0.00328016,0.06284635
1627002639614000,0,0.00337045,0.06285644
1627003006890000,0,0.00327067,0.06276154
1627003011486000,1,0.00327066,0.06275785
1627003011555000,0,0.00327068,0.06276154
1627003013037000,1,0.00327065,0.06275296
1627003016224000,0,0.00327069,0.06274808
1627003017532000,1,0.00327064,0.06274807
1627003019778000,1,0.00327063,0.06274318
1627003020917000,0,0.00327070,0.06274013
1627003025589000,0,0.00327071,0.06273699
1627003030267000,0,0.00326072,0.06272283
1627003034934000,0,0.00326073,0.06272283
1627003039598000,0,0.00326074,0.06272282
1627003044267000,0,0.00326075,0.06272282
1627003048949000,0,0.00326076,0.06272282
1627003053637000,0,0.00326077,0.06272282
1627003058307000,0,0.00326078,0.06272282
1627003062987000,0,0.00326079,0.06272282
1627003067667000,0,0.00326080,0.06272282
1627003072340000,0,0.00326081,0.06272282
1627003077039000,0,0.00326082,0.06272282
1627003081730000,0,0.00326083,0.06272282
1627003086437000,0,0.00326084,0.06272282
1627003091113000,0,0.00326085,0.06272282
1627003095790000,0,0.00326086,0.06272282
1627003453470000,0,0.48000000,0.06272282
1627003453609000,0,0.00200000,0.06272282
1627004155468000,0,0.00328019,0.06286102
1627004156494000,0,0.00335062,0.06286601
1627004156494000,0,0.00328022,0.06287569
1627004156494000,0,0.00362029,0.06287654
1627004156494000,0,0.00328025,0.06289036
1627004156494000,0,0.00334073,0.06289632
1627004156494000,0,0.56085626,0.06290000
1627004157553000,0,1.14846039,0.06289686
1627004226839000,0,2.43914374,0.06290000
1627004226839000,0,0.00085626,0.06290025
1627004227065000,0,0.00274414,0.06290025
1627004227285000,0,0.00069178,0.06290503
1627004227285000,0,0.00258850,0.06290503
1627004227416000,0,0.00336048,0.06291107
1627004227416000,0,0.00363021,0.06291930
1627004227692000,0,0.00328031,0.06291970
1627004227692000,0,0.00335065,0.06292064
1627004227692000,0,0.00706270,0.06292831
1627004227692000,0,0.00327034,0.06293437
1627004227692000,0,0.00328002,0.06293789
1627004227692000,0,0.00327037,0.06294904
1627004227692000,0,0.00334076,0.06295095
1627004227692000,0,0.00328005,0.06295256
1627004228375000,0,4.78347199,0.06296000
1627004229648000,0,0.00327040,0.06296371
1627004229648000,0,0.00336051,0.06296570
1627004229648000,0,0.00328008,0.06296723
1627004229648000,0,0.00008901,0.06297301
1627004230063000,0,0.00352131,0.06297301
1627004230063000,0,0.00335068,0.06297527
1627004230063000,0,0.00327043,0.06297838
1627004230063000,0,0.14665748,0.06297950
1627004230063000,0,0.99647034,0.06298000
1627004231960000,1,0.02853300,0.06291525
1627004232313000,0,1.39000000,0.06298000
1627004233158000,0,0.00513620,0.06298000
1627004233631000,0,0.00328011,0.06298190
1627004233837000,0,0.00327046,0.06299305
1627004233837000,0,0.00328014,0.06299657
1627004233837000,0,0.00359043,0.06299671
1627004233837000,0,1.00000000,0.06300000
1627004234044000,0,0.00334079,0.06300558
1627004234044000,0,0.00327049,0.06300772
1627004234110000,0,0.00328017,0.06301124
1627004234110000,0,0.00363024,0.06301577
1627004234110000,0,0.00336054,0.06302033
1627004234110000,0,0.00327052,0.06302239
1627004234110000,0,0.00328020,0.06302591
1627004234110000,0,0.00334071,0.06302990
1627004235192000,0,0.00327055,0.06303706
1627004235530000,0,0.00328023,0.06304058
1627004235530000,0,0.00327058,0.06305173
1627004235530000,0,0.00328026,0.06305525
1627004235530000,0,0.00333082,0.06306021
1627004235530000,0,0.00327061,0.06306640
1627004235530000,0,0.00361035,0.06306947
1627004235530000,0,0.00328029,0.06306992
1627004235530000,0,1.80000000,0.06307291
1627004235530000,0,1.37667686,0.06307291
1627004235642000,0,0.02332314,0.06307291
1627004235642000,0,0.00336057,0.06307496
1627004235642000,0,0.00327064,0.06308107
1627004235642000,0,0.00334074,0.06308453
1627004235642000,0,0.00328032,0.06308459
1627004235642000,0,0.00359046,0.06309318
1627004235642000,0,0.00327067,0.06309574
1627004235642000,0,0.00327035,0.06309926
1627004235642000,0,0.00327070,0.06311041
1627004235642000,0,0.02966068,0.06311063
1627004235642000,0,0.00362027,0.06311223
1627004235642000,0,0.00327038,0.06311393
1627004235642000,0,0.00326073,0.06312508
1627004237147000,0,0.00327041,0.06312860
1627004237147000,0,0.00335060,0.06312959
1627004237695000,0,0.00334077,0.06313916
1627004237695000,0,0.00326076,0.06313975
1627004237695000,0,0.00327044,0.06314327
1627004237695000,0,0.00326079,0.06315442
1627004237695000,0,0.00327047,0.06315794
1627004237695000,0,0.00360038,0.06316594
1627004237695000,0,0.00326082,0.06316909
1627004237695000,0,0.00327050,0.06317261
1627004237695000,0,0.00328003,0.06318278
1627004237695000,0,0.00326085,0.06318376
1627004237695000,0,0.00335063,0.06318422
1627004237695000,0,0.00675098,0.06318473
1627004237695000,0,0.00327053,0.06318728
1627004237695000,0,0.00358049,0.06318964
1627004237695000,0,0.03023452,0.06319308
1627004237695000,0,0.00333080,0.06319379
1627004237695000,0,0.00328006,0.06319745
1627004237695000,0,0.00312618,0.06320195
1627004238182000,1,0.01819000,0.06312000
1627004243536000,1,0.01546100,0.06310693
1627004280817000,0,0.00014438,0.06320195
1627004282218000,0,0.00362030,0.06320870
1627004282336000,0,0.00328009,0.06321212
1627004282336000,0,0.00327059,0.06321662
1627004282432000,0,0.00328012,0.06322679
1627004282510000,0,0.00327062,0.06323129
1627004282510000,0,0.00335066,0.06323885
1627004282510000,0,0.00328015,0.06324146
1627004282510000,0,0.00327065,0.06324596
1627004282677000,0,0.00333083,0.06324842
1627004282677000,0,0.00328018,0.06325613
1627004282759000,0,0.00327068,0.06326063
1627004282759000,0,0.00360041,0.06326240
1627004283134000,0,0.00328021,0.06327080
1627004283134000,0,0.00326979,0.06327530
1627004283207000,0,0.00000092,0.06327530
1627004283459000,0,0.02430000,0.06328383
1627004283525000,0,0.00006195,0.06328383
1627004283525000,0,0.00328024,0.06328547
1627004283525000,0,0.00358052,0.06328611
1627004283525000,0,0.00326074,0.06328997
1627004283739000,0,0.00335069,0.06329348
1627004283739000,0,0.00128550,0.06330014
1627004283739000,0,0.00199381,0.06330014
1627004285323000,0,0.13967064,0.06330008
1627004285327000,0,1.57104286,0.06330008
1627004287847000,0,1.38928650,0.06330008
1627004287847000,0,0.00000096,0.06330014
1627004321900000,0,64.15000000,0.06313000
1627004513489000,0,0.39000000,0.06323455
1627004513514000,0,0.82116466,0.06323455
1627004544330000,0,0.00703437,0.06326617
1627004544330000,0,0.09296563,0.06326817
1627004544330000,0,0.40000000,0.06326817
1627004827344000,0,0.10000000,0.06322941
1627004827372000,0,0.33000000,0.06322941
1627005186432000,1,0.00331109,0.06325288
1627005187727000,1,0.00331108,0.06323467
1627005335170000,1,0.00331107,0.06321646
1627005362418000,1,0.00331106,0.06319825
1627005364159000,1,0.00331105,0.06318004
1627005365920000,1,0.00331104,0.06316183
1627005365945000,1,0.00331103,0.06314362
1627005365945000,1,0.02940760,0.06314339
1627005371084000,1,0.03000000,0.06312784
1627005372271000,1,0.00331102,0.06312541
1627005375338000,1,0.00332101,0.06310720
1627006322629000,1,0.00019200,0.06328843
1627006324692000,1,0.08283900,0.06325928
1627006348763000,1,1.00000000,0.06326268
1627006387355000,0,0.00326077,0.06330464
1627006388268000,1,0.00409900,0.06330515
1627006395571000,1,1.00000000,0.06330463
1627006404487000,0,0.00361033,0.06330516
1627006414699000,0,0.00328030,0.06331481
1627006430614000,0,0.00326080,0.06331931
1627006437921000,1,0.54259700,0.06332276
1627006479938000,0,0.00327033,0.06332948
1627006479938000,0,0.00029567,0.06333398
1627006486625000,0,0.00296516,0.06333398
1627006486688000,0,0.00061763,0.06334415
1627006486688000,0,0.00265273,0.06334415
1627006486688000,0,0.00334072,0.06334811
1627006486688000,0,0.00326086,0.06334865
1627006493290000,1,0.00373400,0.06333903
1627006499842000,0,0.00327039,0.06335882
1627006499842000,0,0.00359044,0.06335887
1627006499842000,0,0.01920065,0.06335984
1627006500002000,0,0.00327042,0.06337349
1627006500002000,0,0.00357055,0.06338257
1627006500271000,0,1.40000000,0.06338764
1627006500271000,0,1.80000000,0.06338764
1627006500388000,0,0.00160800,0.06338816
1627006500388000,0,0.00166245,0.06338816
1627006500388000,0,0.14665748,0.06338828
1627006500388000,0,0.00361036,0.06340163
1627006500388000,0,0.00334075,0.06340274
1627006500388000,0,0.00327048,0.06340283
1627006563296000,0,0.00357700,0.06332652
1627006567660000,0,0.95000000,0.06328999
1627006567762000,0,0.00441802,0.06328999
1627006567762000,0,0.00357700,0.06329000
1627006617881000,1,1.00000000,0.06327092
1627006626291000,0,0.00371000,0.06331659
1627006645999000,0,0.00374200,0.06331995
1627006875354000,0,0.00331112,0.06330000
1627006880018000,0,0.00330113,0.06330000
1627006884690000,0,0.00330114,0.06330000
1627006889348000,0,0.00108661,0.06330000
1627006889348000,0,0.00221454,0.06334773
1627006894012000,0,0.00330116,0.06334773
1627006898702000,0,0.00330117,0.06334773
1627006917487000,1,0.00327900,0.06329328
1627006924217000,0,3.10000000,0.06334202
1627006924217000,0,1.20931367,0.06334518
1627006924217000,0,0.20000000,0.06335987
1627006924217000,0,2.62169400,0.06336240
1627006924217000,0,1.87950000,0.06336242
1627006924217000,0,2.40949233,0.06336509
1627006980062000,1,0.00331111,0.06328930
1627006989865000,0,0.01256689,0.06328000
1627007023318000,0,0.00830900,0.06330508
1627007037809000,1,0.00331110,0.06327109
1627007037809000,1,0.02970252,0.06324705
1627007037809000,1,5.90119192,0.06323465
1627007037809000,1,9.06579446,0.06323464
1627007125401000,1,0.00474500,0.06330154
1627007145924000,1,0.02134900,0.06329916
1627007253318000,1,0.00600000,0.06331000
1627007253427000,1,0.00002000,0.06331000
1627007286730000,1,0.02107200,0.06327154
1627007526133000,1,0.00468900,0.06320041
1627007666389000,0,0.00365500,0.06315844
1627007745178000,1,2.88000000,0.06311803
1627007772856000,1,0.00422200,0.06312218
1627007795805000,1,0.00640800,0.06312218
1627007797944000,1,0.00501700,0.06312394
1627007839108000,1,0.00394000,0.06310903
1627007995008000,0,0.00316700,0.06319943
1627008060363000,1,3.10000000,0.06313947
1627008060363000,1,0.34325600,0.06313947
1627008074681000,0,0.00342200,0.06313000
1627008190333000,1,0.50000000,0.06310214
1627008190735000,0,0.00376200,0.06315286
1627008216670000,1,0.00365500,0.06309215
1627008230697000,1,0.01125000,0.06309215
1627008231377000,0,0.00563300,0.06314969
1627008302489000,1,0.00373800,0.06314880
1627008302585000,1,0.00351400,0.06314880
1627008302784000,1,0.00495000,0.06314880
1627008442661000,0,0.00433300,0.06317590
1627008449715000,1,0.20000000,0.06312384
1627008449715000,1,0.02908427,0.06312383
1627008449715000,1,1.21442908,0.06311790
1627008449715000,1,1.03738664,0.06311490
1627008507497000,1,0.00744100,0.06311541
1627008519689000,1,0.00344400,0.06311816
1627008559135000,1,0.00800000,0.06318000
1627008579314000,1,0.00029800,0.06318000
1627008641193000,1,0.02001100,0.06311541
1627008702523000,1,0.00500000,0.06312810
1627008763371000,0,0.00409300,0.06324384
1627008768386000,1,0.00440600,0.06318075
1627008768480000,0,0.00445700,0.06323431
1627008780882000,1,0.14177000,0.06319087
1627008786060000,1,0.00459000,0.06320663
1627008909360000,0,0.00512200,0.06323532
1627009050168000,1,0.02044700,0.06322970
1627009116964000,1,0.00326200,0.06321466
1627009144109000,0,0.00362100,0.06326433
1627009166300000,0,0.00488100,0.06328780
1627009172671000,1,0.20000000,0.06323218
1627009172671000,1,0.06842200,0.06323217
1627009213490000,0,0.20000000,0.06325000
1627009213530000,0,0.00572300,0.06325000
1627009248271000,1,0.02875800,0.06320094
1627009296595000,1,0.00500000,0.06327000
1627009310657000,0,0.00892500,0.06329814
1627009436006000,1,0.02481500,0.06322682
1627009499393000,1,0.28503000,0.06323709
1627009525391000,1,0.00427700,0.06323562
1627009539902000,1,0.22746100,0.06322087
1627009625506000,1,0.16661900,0.06325256
1627009646255000,0,0.10000000,0.06325000
1627009646321000,0,0.00900000,0.06325000
1627009666648000,1,0.17899900,0.06325192
1627009707178000,1,0.70135700,0.06326653
1627009778721000,1,0.28907700,0.06326385
1627010054416000,0,0.00337600,0.06326565
1627010079100000,0,0.00984300,0.06322000
1627010198035000,1,0.00405500,0.06324610
1627010483048000,0,0.00562600,0.06322883
1627010561446000,1,0.02712200,0.06316664
1627010561536000,1,0.04932000,0.06316664
1627010647084000,1,0.05253000,0.06316396
1627010970434000,1,0.00352100,0.06315207
1627010970528000,1,0.14329700,0.06315207
1627010996794000,1,0.02988200,0.06317572
1627011398535000,1,0.00448000,0.06318379
1627011450116000,1,0.00365500,0.06319796
1627011730443000,1,0.04816900,0.06319624
1627011730536000,1,0.00435200,0.06319624
1627011928224000,1,0.06429100,0.06316502
1627012011329000,1,0.09773200,0.06318337
1627012048563000,1,0.01511388,0.06320001
1627012138757000,0,0.00400000,0.06317000
1627012140182000,0,0.00034100,0.06317000
1627012147950000,1,0.03950900,0.06316818
1627012188334000,1,0.03652100,0.06316563
1627012196825000,1,0.00469600,0.06316011
1627012238035000,0,0.14000000,0.06316000
1627012238075000,0,0.00166600,0.06316000
1627012317758000,1,0.00676000,0.06317704
1627012320210000,0,0.11000000,0.06317000
1627012320212000,0,0.00200900,0.06317000
1627012340075000,0,0.00592600,0.06321412
1627012359760000,0,0.00375600,0.06318876
1627012379064000,0,0.00400000,0.06316000
1627012383919000,0,0.00029800,0.06316000
1627012482070000,1,0.00324200,0.06317869
1627012482276000,0,0.00324200,0.06322499
1627012528310000,0,0.01400000,0.06317000
1627012531855000,0,0.00026500,0.06317000
1627012604428000,1,0.00400000,0.06323000
1627012664399000,1,0.00369800,0.06321173
1627012684866000,1,0.00942896,0.06319106
1627012745816000,1,0.04668600,0.06317808
1627012870075000,1,0.09855800,0.06316045
1627013101293000,1,0.00983600,0.06309215
1627013226321000,1,0.05025000,0.06311991
1627013522943000,1,0.00358500,0.06321802
1627013604809000,0,0.00362300,0.06328472
1627013645169000,0,0.00563000,0.06333860
1627013645282000,1,0.09170200,0.06328160
1627013697270000,1,0.20000000,0.06322728
1627013697498000,0,0.21000000,0.06322728
1627013697521000,0,0.00672480,0.06322728
1627013706448000,1,0.00778900,0.06321416
1627013919685000,1,0.00388500,0.06332000
1627013976041000,0,0.00561400,0.06332247
1627014032366000,1,0.00586400,0.06326126
1627014118567000,1,0.01723000,0.06328169
1627014180666000,1,0.01900000,0.06329885
1627014212793000,1,1.50531000,0.06334046
1627014221013000,1,0.01912000,0.06334047
1627014290657000,1,0.00976600,0.06335324
1627014294341000,0,0.00327051,0.06341750
1627014405412000,1,0.23720000,0.06337512
1627014405412000,1,0.01421300,0.06337511
1627014426864000,0,0.09000000,0.06337000
1627014426874000,0,0.00400000,0.06337000
1627014426908000,0,0.00390600,0.06337000
1627014568014000,0,0.00480900,0.06334772
1627014599033000,0,0.01639100,0.06330000
1627014832064000,0,0.00327054,0.06343217
1627014832064000,0,0.00331103,0.06344262
1627014832064000,0,0.00327057,0.06344684
1627014894987000,0,0.00358047,0.06345533
1627014894987000,0,0.00334078,0.06345737
1627014895047000,0,0.00327060,0.06346151
1627014895047000,0,0.00327063,0.06347618
1627014895047000,0,0.00356058,0.06347904
1627014911670000,0,0.00327066,0.06349085
1627014911670000,0,0.00331106,0.06349725
1627014911670000,0,2.39341828,0.06349744
1627014911787000,0,0.00127180,0.06349744
1627014911787000,0,0.00360039,0.06349809
1627014911872000,0,0.00327069,0.06350552
1627014912086000,0,0.00333081,0.06351200
1627014912086000,0,0.00326072,0.06352019
1627014912086000,0,0.00326075,0.06353486
1627014912086000,0,0.56586085,0.06354952
1627014912086000,0,0.00326078,0.06354953
1627014912090000,1,0.02898391,0.06355000
1627014915719000,0,0.00358050,0.06355180
1627014915719000,0,0.00331109,0.06355188
1627014915719000,0,0.00326081,0.06356420
1627014915719000,0,0.00356061,0.06357550
1627014915719000,0,0.00332101,0.06357620
1627014915719000,0,0.00326084,0.06357887
1627014954765000,1,0.02976580,0.06351637
1627014954765000,1,2.35861620,0.06351587
1627014959954000,1,0.00445700,0.06355000
1627015036738000,1,0.00325500,0.06345444
1627015213749000,1,0.00330119,0.06343498
1627015230305000,1,0.02412000,0.06341830
1627015282475000,0,0.00558500,0.06345185
1627015282567000,1,0.00330118,0.06341677
1627015282567000,1,0.00190882,0.06340000
1627015282920000,0,0.00418700,0.06345185
1627015507150000,1,0.10020700,0.06346635
1627015629766000,0,0.00566200,0.06345218
1627015690620000,0,0.00907700,0.06343893
1627015712441000,1,0.10021700,0.06338317
1627015816829000,1,0.00560200,0.06348000
1627015835137000,1,0.00430800,0.06343733
1627015898348000,1,0.00330120,0.06345319
1627015898348000,1,0.19919180,0.06342936
1627015959523000,1,0.00459500,0.06341849
1627016054602000,1,0.02615100,0.06352723
1627016122122000,1,0.00384900,0.06351301
1627016145589000,0,0.00470300,0.06354988
1627016186081000,1,0.00483700,0.06346895
1627016186279000,0,0.00423800,0.06351695
1627016391446000,1,0.00950000,0.06347396
1627016432358000,1,0.00419100,0.06349666
1627016562181000,0,0.00509821,0.06355899
1627016575929000,1,0.07550300,0.06356023
1627016597021000,1,0.00483200,0.06353465
1627016657666000,1,0.00555100,0.06355015
1627016677993000,1,0.00581500,0.06356776
1627016761399000,1,0.00345100,0.06356512
1627016819415000,0,0.00359042,0.06359456
1627016845285000,1,0.00953700,0.06359031
1627016885112000,0,0.00331112,0.06360651
1627016905294000,1,0.00836500,0.06361972
1627016908525000,1,0.00760000,0.06361972
1627016949551000,1,0.01623500,0.06359427
1627016949926000,1,0.00986500,0.06359427
1627017014240000,1,0.01450700,0.06360156
1627017014577000,1,0.00395700,0.06360161
1627017033791000,1,0.00346600,0.06360150
1627017086356000,0,0.00667681,0.06362528
1627017124844000,1,0.02990500,0.06360374
1627017174680000,1,0.00364800,0.06358885
1627017215596000,0,0.00331104,0.06363083
1627017230467000,0,0.00357053,0.06364826
1627017230467000,0,0.00108661,0.06366114
1627017230467000,0,0.00221454,0.06366114
1627017230467000,0,0.00355064,0.06367197
1627017230467000,0,0.00331107,0.06368546
1627017231562000,0,0.00359045,0.06369102
1627017231562000,0,0.05640955,0.06370394
1627017231564000,0,0.52000000,0.06370394
1627017231584000,0,0.82359045,0.06370394
1627017231584000,0,1.80000000,0.06370394
1627017276989000,1,0.00364600,0.06363092
1627017357307000,0,0.00487600,0.06362972
1627017364585000,1,0.00329129,0.06361708
1627017370748000,1,0.00329128,0.06359887
1627017388004000,1,0.00329127,0.06358066
1627017420142000,1,0.00664300,0.06356274
1627017441293000,1,0.19522600,0.06356252
1627017522963000,1,0.00328400,0.06356400
1627017533110000,1,0.00424400,0.06356246
1627017583709000,1,0.00484500,0.06360232
1627017608882000,1,0.00400000,0.06360000
1627017616660000,1,0.00091800,0.06360000
1627017659763000,1,0.63777200,0.06356252
1627017679590000,0,0.00483069,0.06361147
1627017679590000,0,7.89516931,0.06361360
1627017679654000,0,0.00483069,0.06361360
1627017708224000,1,0.05081000,0.06357411
1627017830219000,1,1.00000000,0.06356257
1627017964166000,0,0.00779900,0.06366159
1627018221017000,1,0.00539700,0.06356580
1627018257438000,0,0.00329130,0.06357588
1627018262121000,0,0.00329131,0.06357061
1627018271898000,1,0.00329126,0.06356245
1627018291022000,1,0.00329125,0.06354424
1627018294236000,1,0.00329124,0.06352603
1627018302504000,0,0.00067276,0.06352000
1627018393354000,0,0.00400000,0.06362368
1627018394990000,0,0.00154768,0.06362368
1627018395164000,1,0.00377200,0.06361101
1627018428808000,1,0.00580000,0.06366353
1627018487224000,0,0.00952127,0.06367835
1627018511276000,0,0.00330118,0.06371577
1627018511276000,0,4.99669882,0.06373770
1627018511326000,0,0.00330118,0.06373770
1627018528999000,1,0.00409200,0.06367746
1627018534545000,0,0.02961807,0.06373943
1627018534545000,0,0.00038193,0.06374009
1627018536123000,0,0.00292917,0.06374009
1627018536123000,0,0.00357056,0.06374473
1627018536123000,0,0.02350027,0.06375248
1627018760259000,1,3.10000000,0.06353877
1627018760259000,1,0.02804227,0.06353559
1627018760369000,0,2.50000000,0.06353516
1627018760450000,0,0.02977892,0.06353516
1627018760507000,0,3.04707847,0.06353516
1627018815668000,0,0.00421700,0.06353000
1627018815668000,0,0.02578300,0.06356226
1627018903831000,0,0.00651700,0.06354148
1627018919104000,1,0.00330123,0.06350782
1627018930148000,0,0.00148377,0.06349000
1627018930148000,0,0.00180756,0.06352773
1627018934860000,0,0.00329134,0.06354510
1627018941035000,0,0.00328136,0.06356376
1627019056364000,1,0.00330122,0.06348961
1627019078011000,1,0.00330121,0.06347140
1627019161597000,1,0.06000000,0.06351860
1627019168803000,0,2.35585253,0.06354413
1627019210256000,1,0.00325600,0.06351879
1627019250406000,0,0.00347800,0.06354000
1627019269499000,1,0.00381700,0.06354882
1627019383498000,0,0.01341489,0.06362854
1627019400542000,1,0.00579200,0.06360968
1627019433828000,0,0.00478400,0.06365515
1627019482310000,0,0.00365480,0.06359930
1627019614708000,0,0.00615600,0.06363395
1627019639174000,1,0.00431700,0.06356219
1627019746925000,1,0.00265881,0.06351860
1627019761218000,1,0.06688500,0.06349774
1627019784441000,1,0.00440500,0.06350049
1627019857434000,0,1.00000000,0.06350000
1627019857438000,0,0.00886300,0.06350000
1627019992559000,1,0.00325500,0.06350666
1627020003903000,0,0.00474400,0.06351000
1627020007204000,1,0.00383100,0.06352174
1627020029721000,1,0.00842700,0.06353037
1627020176812000,1,0.00496800,0.06352963
1627020241909000,0,0.00326279,0.06358359
1627020241909000,0,0.00304521,0.06358360
1627020243976000,1,0.00500000,0.06359000
1627020249866000,1,0.00065600,0.06359000
1627020349666000,0,0.00419800,0.06358204
1627020373096000,0,3.10000000,0.06360639
