timestamp ms,type,amount,price
1622679066176000,1,0.44776112,489.4000
1622679066225000,1,0.00913798,489.4000
1622679421586000,1,1.08540062,486.4200
1622679421586000,1,2.82304200,486.4200
1622681169688000,1,3.61530869,487.1100
1622681280202000,0,3.61835064,488.0000
1622681280202000,0,3.61164936,488.1700
1622687219146000,0,0.05920000,490.7900
1622696767873000,1,3.52000000,501.3100
1622696767892000,1,0.00158851,501.3100
1622697093735000,1,3.49000000,504.5900
1622697093740000,1,0.00936437,504.5900
1622697196887000,0,3.50899850,503.9800
1622697196887000,0,7.81100150,504.1500
1622697196949000,0,0.00190919,504.1500
1622697416318000,1,8.04625062,504.4000
1622697416318000,1,3.49374938,504.3900
1622697431837000,1,0.41819864,503.7600
1622697431837000,1,1.04180136,503.7500
1622697431853000,1,0.00285806,503.7500
1622697549054000,0,0.05760000,504.0300
1622697927098000,1,3.43960592,502.5800
1622698638101000,1,3.50000000,503.0500
1622699289345000,1,3.48000000,506.2100
1622699289367000,1,0.00965046,506.2100
1622699328912000,1,3.48000000,506.0900
1622699329022000,1,0.00899649,506.0900
1622699988046000,1,3.48000000,506.8600
1622699988055000,1,0.00558131,506.8600
1622701328533000,1,3.50000000,504.5000
1622701328546000,1,0.00151837,504.5000
1622701608806000,0,0.07280000,504.5000
1622702840401000,0,3.48145502,508.2000
1622702840602000,1,5.34898575,508.2000
1622703578908000,0,8.05335601,508.7500
1622703620026000,1,3.47000000,508.6200
1622703620060000,1,0.00337206,508.6200
1622703645122000,1,4.16000000,508.4300
1622703673099000,1,3.47434633,508.2200
1622704282826000,1,3.49379002,505.3100
1622704283217000,1,0.98000000,505.0100
1622704283217000,1,2.51000000,505.0000
1622704709787000,0,0.50192874,505.5100
1622705089871000,1,3.51000000,503.0300
1622705089891000,1,0.00064890,503.0300
1622713086204000,0,3.44000000,513.7400
1622713694736000,1,7.85000000,513.4900
1622714495528000,1,3.43000000,512.3200
1622715156948000,0,3.41000000,515.9300
1622715157132000,0,3.41599851,516.1500
1622715305184000,0,1.66000000,515.3400
1622716201349000,0,0.49000000,517.4100
1622716201374000,0,0.14000000,517.4100
1622716201419000,0,1.03137612,517.4100
1622716273180000,0,3.40000000,517.5600
1622716273181000,0,0.00614365,517.5600
1622716694909000,0,7.91133571,515.5000
1622716694909000,0,3.41866429,515.5100
1622716694912000,0,0.00296400,515.5100
1622717937630000,1,7.48830077,513.4300
1622718497807000,0,0.15619907,508.6100
1622718503964000,0,0.89093163,508.0400
1622718510012000,0,1.18463361,508.0400
1622718514602000,0,0.15640709,508.0400
1622718970796000,0,0.09470000,511.3100
1622719711088000,0,1.69000000,507.7500
1622719711105000,0,0.00332752,507.7500
1622720614813000,1,3.46202990,507.9700
1622720711146000,0,0.05720000,507.6500
1622723164308000,0,1.56462446,507.0100
1622723164308000,0,1.91537554,507.0200
1622723164434000,0,1.56916557,507.0200
1622723365242000,0,3.48000000,507.0800
1622723416375000,0,7.69570993,507.5700
1622725206184000,0,3.44000000,513.4300
1622725206189000,0,0.00263467,513.4300
1622725209436000,0,0.70000000,513.6800
1622725209450000,0,2.74434729,513.6800
1622725252877000,0,3.44000000,513.9400
1622725252881000,0,0.00261520,513.9400
1622725336335000,0,3.43000000,515.0200
1622725336444000,0,0.00576231,515.0200
1622725360216000,1,0.42607531,514.7300
1622725360216000,1,1.06523377,514.7300
1622725431851000,0,3.43291573,515.2200
1622725431851000,0,3.42708427,515.5100
1622725431878000,0,0.00388924,515.5100
1622725513465000,0,3.43000000,514.5300
1622725513579000,0,0.00734245,514.5300
1622725574018000,0,3.44000000,513.9300
1622725610984000,0,0.00024876,513.9300
1622725610984000,0,0.58775124,514.1300
1622726254947000,0,3.46000000,510.1200
1622726254953000,0,0.00990835,510.1200
1622726286876000,0,7.28259276,511.0400
1622726286905000,0,0.14862434,511.0400
1622726353945000,1,0.48548335,509.7400
1622726353945000,1,0.48451665,509.7400
1622726353961000,1,0.00096670,509.7400
1622726353991000,1,7.31048277,509.5500
1622726402587000,0,0.52000000,509.3900
1622726402626000,0,2.95540339,509.3900
1622726549982000,0,3.46000000,510.3300
1622726549986000,0,0.00723622,510.3300
1622727819125000,1,7.45000000,503.1600
1622727819726000,1,1.14268000,500.4400
1622727819726000,1,7.50054701,500.4200
1622727819726000,1,0.18721376,500.4100
1622728041623000,0,7.96000000,503.9900
1622728267827000,0,7.16827063,504.8600
1622728267835000,0,0.14629124,504.8600
1622728504731000,1,1.50031740,504.2800
1622728849754000,0,1.00244749,506.6400
1622730020491000,1,2.94821887,501.8100
1622730032929000,1,2.15998085,501.8100
1622730033614000,1,2.42793088,501.8100
1622730095923000,0,0.09630000,502.5900
1622731824682000,0,8.07280219,504.4500
1622731824682000,0,3.51719781,504.4600
1622732933811000,0,0.05730000,507.3300
1622734021626000,1,7.62000000,504.3100
1622734021634000,1,0.00985770,504.3100
1622734712748000,0,0.05740000,506.6900
1622737608251000,1,0.89501950,511.6200
1622739491488000,0,0.37920000,510.7600
1622740994016000,1,0.41430073,510.6400
1622740994016000,1,1.03575183,510.6400
1622740994016000,1,2.96780643,510.6300
1622743095506000,1,3.48000000,508.7400
1622743095541000,1,0.00701868,508.7400
1622744966872000,0,0.15666026,506.7200
1622744991808000,0,0.15667592,506.4200
1622745002548000,0,0.15669159,506.4200
1622745083066000,0,0.15670726,506.0000
1622745085397000,0,0.10858695,505.9000
1622745171612000,0,3.44286058,504.9900
1622745200127000,0,3.51000000,504.8200
1622745200202000,0,0.00410258,504.8200
1622745214868000,0,3.51000000,504.8200
1622745214892000,0,0.00410258,504.8200
1622745239769000,0,3.51000000,504.5300
1622745239790000,0,0.00640952,504.5300
1622745243567000,0,3.51000000,504.5300
1622745243575000,0,0.00640952,504.5300
1622745253948000,0,3.51000000,504.6100
1622745253972000,0,0.00629095,504.6100
1622745263069000,0,2.12000000,504.6100
1622745263088000,0,1.39629095,504.6100
1622745321259000,0,3.44403494,504.6200
1622745321288000,0,0.07028643,504.6200
1622745344871000,0,3.51000000,504.4100
1622745344893000,0,0.00649424,504.4100
1622745365537000,0,3.51432137,504.6200
1622745365547000,0,3.51605711,504.6900
1622745405356000,0,3.51000000,504.7800
1622745405357000,0,0.00351395,504.7800
1622745405512000,0,0.19190000,504.9500
1622745426151000,0,3.51000000,504.9600
1622745426194000,0,0.00317971,504.9600
1622745575491000,0,0.19830300,505.0800
1622745943980000,0,0.09570000,505.8000
1622746074982000,0,3.50000000,506.0900
1622746074991000,0,0.00545308,506.0900
1622746277474000,0,3.50000000,505.5700
1622746277505000,0,0.00947910,505.5700
1622746282136000,0,3.50000000,505.8000
1622746282181000,0,0.00780470,505.8000
1622746380145000,0,3.51000000,504.1900
1622746380157000,0,0.00951333,504.1900
1622746394489000,0,3.89000000,504.7300
1622746394496000,0,3.84165507,504.7300
1622746667175000,0,3.51000000,504.4400
1622746667186000,0,0.00659779,504.4400
1622746852272000,1,6.90000000,502.7000
1622748369920000,0,0.13490000,502.6900
1622750245229000,0,1.71240192,502.2700
1622750245229000,0,0.11759808,502.2800
1622750245230000,0,1.06000000,502.2800
1622751390045000,1,0.28000000,501.1600
1622751390047000,1,7.20991964,501.1600
1622753763959000,1,1.04802773,504.5000
1622753763959000,1,2.48619762,504.4900
1622753763963000,1,0.11568211,504.4900
1622753763963000,1,3.41725278,504.4300
1622753763969000,1,3.53234842,504.4300
1622754717545000,0,1.69035570,508.6500
1622754923277000,0,0.39621400,508.6900
1622754924293000,0,1.58485448,508.6900
1622754927964000,0,5.59000000,508.6900
1622754927986000,0,0.00262684,508.6900
