timestamp ms,type,amount,price
1623889034274000,1,9.10000000,429.7100
1623889155519000,1,0.27440000,428.8600
1623889155824000,1,8.81000000,428.8600
1623889391277000,0,8.94000000,428.0200
1623889439607000,1,4.17000000,428.0100
1623889679429000,0,9.03000000,430.0300
1623890155253000,0,7.31000000,431.1300
1623890222776000,1,9.54000000,431.1600
1623890308686000,1,0.48973296,431.2000
1623890505776000,1,0.17088399,431.6300
1623890520058000,1,0.17086690,431.6100
1623890574475000,1,0.17084981,431.5900
1623890882222000,0,4.15000000,430.7600
1623890964032000,0,4.15000000,431.3800
1623891074308000,0,4.15000000,430.9100
1623891088498000,0,3.51000000,431.0700
1623891091497000,0,0.25000000,431.0600
1623891267087000,0,2.76000000,431.0800
1623891311289000,0,0.00241919,431.3800
1623891333913000,0,4.14000000,431.5500
1623891341167000,0,0.17000000,431.7300
1623891430204000,0,4.14000000,431.3900
1623891522901000,0,4.14000000,431.6300
1623891544059000,0,0.00083273,431.7300
1623891548330000,1,0.17081565,431.9200
1623891578340000,1,0.17079856,432.6500
1623891579700000,1,0.97355184,432.6500
1623891594089000,1,0.17068413,432.6500
1623891601025000,1,0.17066706,432.6700
1623893236647000,1,1.17581809,432.7500
1623893236647000,1,0.47032723,432.7500
1623893236647000,1,3.05385468,432.7300
1623893237364000,1,0.47032723,432.5900
1623893237364000,1,1.14289518,432.5900
1623893237387000,1,0.03292291,432.5900
1623893401488000,0,0.53000000,432.5000
1623893699156000,0,2.42000000,433.4900
1623893885829000,1,0.50434740,433.5600
1623894606891000,0,4.11000000,435.0500
1623895085460000,0,4.11000000,434.4400
1623895455506000,0,0.80000000,434.0100
1623895649834000,0,4.10000000,435.4000
1623895942527000,0,3.68000000,436.2400
1623896025036000,0,2.87520246,435.2900
1623896512133000,1,9.33000000,435.9000
1623896512157000,1,0.00560988,435.9000
1623896926552000,0,8.57000000,436.9900
1623897379968000,0,0.81000000,436.5800
1623897830884000,1,4.08000000,437.1200
1623898060703000,1,4.58389236,436.9300
1623898060713000,1,4.20239377,436.9300
1623898169542000,0,0.40000000,437.1900
1623898322322000,1,4.08000000,436.6100
1623898432563000,0,0.40954622,436.2800
1623899228294000,1,4.07000000,438.0500
1623899523441000,0,8.59000000,438.2900
1623899906883000,1,8.78000000,438.1600
1623900572755000,0,8.58000000,438.5100
1623901066006000,1,8.71839497,438.8400
1623901125319000,1,4.07000000,438.6100
1623901125557000,1,0.00139209,438.6100
1623901668321000,0,0.40000000,438.2300
1623901768611000,0,0.22630000,438.6500
1623901855895000,1,4.07000000,438.1600
1623901856026000,1,0.00530396,438.1600
1623902104371000,0,0.81000000,437.6500
1623902115050000,1,3.99927813,437.7100
1623902115095000,1,0.08161792,437.7100
1623902115284000,1,3.99927813,437.7100
1623902276049000,1,4.07000000,437.9100
1623903105394000,1,4.06000000,439.0400
1623903105433000,1,0.00709629,439.0400
1623903302238000,0,0.26000000,438.8300
1623904199687000,1,4.07000000,438.3900
1623905821420000,1,7.53604198,436.5800
1623908359435000,1,1.25367585,435.9600
1623908359435000,1,0.49632415,435.9400
1623908654567000,0,0.28000000,435.7800
1623908700167000,0,7.43000000,436.0500
1623909030901000,1,4.09000000,436.0000
1623909031358000,1,0.00136536,436.0000
1623909061415000,0,8.75899340,436.2000
1623909061415000,0,0.81100660,436.2100
1623909424865000,1,4.08000000,436.9400
1623909440794000,1,0.00293607,436.9400
1623909440794000,1,4.08461701,436.7500
1623909523722000,1,8.51000000,436.7700
1623909668903000,1,4.07788405,437.6700
1623909672344000,1,4.07000000,437.6700
1623910078206000,1,1.80000000,437.9500
1623910715576000,1,2.75614619,437.0600
1623910942425000,0,9.28000000,438.8600
1623910959562000,1,4.07000000,438.5200
1623911150033000,0,0.81000000,439.2500
1623911243795000,1,8.57953276,440.2000
1623911318074000,0,0.00296086,440.6300
1623911318074000,0,0.09593914,440.8200
1623911495255000,1,0.40640547,439.9100
1623911495344000,1,7.78734240,439.9100
1623912130855000,0,0.81000000,441.2200
1623912160051000,0,0.40000000,441.4500
1623912161526000,0,0.40000000,441.6500
1623912243895000,0,0.40000000,440.8300
1623913200987000,0,0.40000000,441.8900
1623913672400000,0,1.30000000,442.8100
1623913703817000,0,0.80000000,443.3500
1623913741059000,0,0.80000000,442.9200
1623913799890000,0,0.40433416,442.7200
1623913799890000,0,0.39566584,442.7300
1623913828454000,0,0.40000000,442.7200
1623913846069000,0,0.39624748,443.0000
1623913932797000,0,0.00808668,443.0000
1623913932797000,0,0.40191332,443.0600
1623914238806000,1,0.40473035,442.4100
1623914241124000,1,0.19016478,442.4100
1623915883806000,0,0.40000000,443.0100
1623915906223000,1,1.26407027,442.7900
1623915906223000,1,0.47023414,442.7900
1623915906848000,1,0.50558702,442.8000
1623915906848000,1,3.28672157,442.6900
1623916110740000,0,8.62000000,442.5200
1623916410794000,1,1.28916768,441.4100
1623916410794000,1,0.51083232,441.4100
1623916999405000,1,1.31038000,441.1700
1623916999405000,1,8.23040308,441.1600
1623916999405000,1,1.69921692,441.1500
1623917056017000,0,9.44000000,441.1500
1623917534467000,0,8.74987027,441.4500
1623918269278000,0,0.40000000,442.9600
1623918333348000,1,0.93000000,442.6600
1623918335423000,1,3.10000000,442.6600
1623918594313000,1,4.04000000,442.0000
1623918596406000,1,0.00291717,442.0000
1623918596406000,1,4.03708283,442.0000
1623918666937000,1,3.95941738,442.5700
1623918750057000,1,0.59285318,443.5200
1623918766518000,1,3.43000000,443.5200
1623918776515000,1,3.98000000,443.3600
1623918776951000,1,4.73179438,443.3600
1623918782518000,1,4.03000000,443.3500
1623918784963000,1,0.00122327,443.3500
1623918784963000,1,3.56877673,443.3500
1623918848021000,1,4.03000000,443.1600
1623918854278000,1,0.00384628,443.1600
1623918854278000,1,3.95309243,443.1600
1623918907603000,1,0.87000000,443.3900
1623918907725000,1,3.16190278,443.3900
1623918910282000,1,4.03000000,443.3900
1623918912353000,1,0.00190278,443.3900
1623918912353000,1,4.02809722,443.3900
1623918915884000,1,0.00380556,443.3900
1623918915884000,1,1.86125482,443.3900
1623918917836000,1,2.17000000,443.3900
1623919230231000,1,0.00064796,443.3900
1623919230231000,1,4.02935204,443.3200
1623919661425000,1,4.04000000,442.3100
1623919662340000,1,4.04063158,441.9400
1623919695767000,0,8.86000000,441.6800
1623919737027000,1,4.05000000,441.2300
1623919741055000,1,0.00139730,441.2300
1623919741055000,1,1.30860270,441.2300
1623919743388000,1,8.90000000,441.0700
1623919751340000,1,1.97000000,440.9000
1623919802471000,0,9.00000000,440.7900
1623919802636000,0,0.00157623,440.7900
1623919822809000,1,2.69000000,440.5200
1623919925832000,1,4.05000000,441.2600
1623919930804000,1,0.00204146,441.2600
1623919930804000,1,4.04795854,441.2600
1623919958478000,1,4.05000000,441.0700
1623920407267000,0,4.03000000,444.1600
1623920407888000,0,0.00126246,444.1600
1623920407888000,0,4.52873754,444.3400
1623920570855000,1,9.26000000,443.5300
1623920637450000,0,4.03000000,443.6200
1623921000942000,0,4.04000000,442.4400
1623921437475000,1,4.04991596,441.3900
1623921486946000,1,0.09000000,441.3900
1623921924530000,1,4.04000000,441.4800
1623922037450000,0,9.41641901,441.7800
1623922037450000,0,3.78168554,441.7900
1623922084663000,1,2.38000000,442.5900
1623922107239000,1,1.59000000,442.3100
1623922138587000,0,4.04000000,442.7400
1623922162114000,1,1.58000000,442.2900
1623922173103000,1,2.46000000,442.2900
1623922700163000,1,4.03000000,443.1000
1623923408467000,0,3.64000000,441.9200
1623923533267000,1,8.88382765,442.0600
1623923533267000,1,4.04617235,442.0500
1623923536079000,1,0.00031501,442.0500
1623923649979000,0,0.28000000,442.9800
1623923689003000,1,4.02895962,443.8600
1623923750962000,1,4.02000000,443.7500
1623923813544000,0,1.97826707,443.4100
1623923864206000,0,0.40000000,443.1800
1623923975803000,0,1.21000000,443.8100
1623924405103000,0,0.80836806,443.2200
1623924964462000,0,1.30866000,444.1400
1623924964462000,0,0.85000000,444.1500
1623924964462000,0,0.26530840,444.3000
1623924977066000,0,1.30866000,444.2700
1623924977066000,0,0.11753852,444.2800
1623925016822000,0,0.85000000,444.2700
1623925016822000,0,0.28000000,444.2700
1623925099896000,1,9.11096850,443.2700
1623925340738000,0,0.21800000,444.2300
1623929826212000,0,0.80000000,442.7600
1623929826479000,0,0.00995384,442.7600
1623931020347000,0,9.40000000,442.2700
1623931020406000,0,0.00721146,442.2700
1623932054411000,0,0.14686854,439.9900
1623932054411000,0,0.15023146,439.9900
1623932078352000,0,0.14015344,439.0100
1623932078352000,0,0.34984656,439.0100
1623932498400000,1,0.05451675,438.0700
1623932867080000,0,8.69210852,437.1400
1623933475445000,0,3.28000000,436.1400
1623933486205000,0,8.82000000,436.2700
1623933681553000,1,0.82091112,436.8100
1623933688616000,1,8.67785940,436.8100
1623933697763000,0,0.07531739,436.8100
1623933697837000,0,0.74565560,436.8100
1623933886350000,0,0.24961831,437.1100
1623933886385000,0,0.16084470,437.1100
1623933886673000,0,0.41046300,437.1100
1623933893288000,0,0.00000001,437.1100
1623933893288000,0,0.41046300,437.1100
1623933908068000,1,8.66423936,436.5900
1623934224433000,0,0.82000000,437.5700
1623934680980000,1,5.64100039,437.8300
1623934754803000,0,0.82000000,437.1100
1623934814685000,0,0.82000000,437.6900
1623934921967000,0,0.41000000,437.1800
1623934983095000,0,0.82000000,437.2300
1623934990793000,0,0.82000000,437.4200
1623935032390000,0,0.41000000,437.8400
1623935033476000,0,0.31339289,438.0200
1623935033476000,0,0.81507473,438.0200
1623935033476000,0,0.12538293,438.0200
1623935033476000,0,0.28000000,438.0200
1623935225449000,0,0.41000000,437.4900
1623936666249000,0,9.39000000,435.5400
1623936872871000,0,0.82000000,437.0200
1623936926820000,0,0.07947844,436.9400
1623936926820000,0,0.19052156,436.9500
1623937179056000,0,8.92561740,436.7900
1623937179056000,0,0.81438260,436.8000
1623937323479000,0,0.41000000,436.4800
1623937745790000,0,0.15010034,436.5000
1623938519493000,1,4.11000000,434.8400
1623938564479000,1,9.47000000,433.8600
1623938830404000,0,9.10000000,434.4500
1623939404240000,0,0.82000000,434.3500
1623939481844000,0,0.41000000,433.9200
1623939504536000,0,0.41000000,434.3000
1623940146597000,1,7.01000000,437.1500
1623940263654000,1,1.43000000,437.8300
1623940394524000,1,0.23000000,437.7300
1623940660476000,1,4.09000000,436.9900
1623941763213000,0,3.30000000,435.5600
1623941899725000,0,6.21000000,436.4400
1623942094407000,0,0.82000000,437.0300
1623942228199000,1,0.95000000,437.0200
1623942231056000,1,0.25000000,437.0200
1623942237653000,1,0.14000000,437.0200
1623942274419000,1,0.10000000,437.0200
1623942470947000,1,7.29000000,436.4700
1623942897621000,0,0.41000000,436.6200
1623942951990000,1,4.11000000,436.2100
1623943226841000,0,0.82000000,436.7300
1623944172551000,0,4.10155307,437.8000
1623944325875000,1,0.46804823,437.7300
1623944325875000,1,1.16195177,437.7300
1623945269851000,0,2.36000000,440.2100
1623945616349000,0,4.08000000,440.5200
1623945618374000,0,0.00299822,440.5200
1623945618374000,0,9.35610634,440.7400
1623945621202000,1,0.16920732,440.4500
1623945622770000,1,0.91863100,440.3900
1623945646332000,0,4.09000000,439.8000
1623945664826000,0,4.09000000,439.4400
1623945788668000,0,0.00101956,439.8000
1623945908914000,0,4.09604189,439.0600
1623945908914000,0,1.31395811,439.0600
1623946080833000,0,4.10000000,438.0300
1623946095223000,0,0.11060000,437.7600
1623946106327000,0,4.10000000,437.7700
1623946145904000,0,4.10000000,437.8900
1623946581395000,0,4.11000000,437.2600
1623946629459000,1,0.28000000,435.7700
1623946646793000,0,4.12000000,436.1500
1623946729054000,1,4.11000000,435.9200
1623946911423000,0,4.12000000,435.5600
1623947597151000,1,4.14000000,433.2200
1623947811311000,0,4.14000000,433.9200
1623948047496000,1,0.28000000,432.6700
1623948070034000,0,0.29660000,432.5200
1623948202983000,1,9.29607742,432.6000
1623948202983000,1,4.15392258,432.5900
1623948309054000,1,4.15000000,432.1000
1623948310287000,1,4.15000000,431.8300
1623948314734000,0,0.59390000,432.1100
1623948338938000,0,0.29710000,431.8600
1623948351935000,0,0.07420000,431.8400
1623948353149000,0,0.07420000,431.8400
1623948414956000,1,4.16000000,431.6500
1623948544032000,1,4.16000000,431.8000
1623948920780000,0,0.89450000,430.1900
1623948923679000,0,0.29830000,430.1200
1623948942978000,0,0.07450000,430.0500
1623949040908000,1,4.17000000,430.4600
1623949090792000,1,4.09192508,430.5900
1623949213732000,0,0.29860000,429.7500
1623949231155000,1,0.86601293,429.8200
1623949231158000,1,3.31521953,429.8200
1623949285967000,1,4.18000000,429.4000
1623949371288000,1,0.51000000,427.8500
1623949788448000,0,8.97043087,428.1800
1623949788448000,0,3.87956913,428.1900
1623949844072000,1,9.39000000,427.3600
1623949922272000,0,2.00802533,426.6600
1623949922272000,0,5.02022981,426.6700
1623949922272000,0,9.18355289,426.7000
1623949925404000,1,4.21000000,426.2700
1623949926903000,1,0.00076185,426.2700
1623949926903000,1,8.73923815,425.8600
1623949927915000,1,4.21000000,425.7300
1623949961601000,1,4.13001263,426.0100
1623949965514000,1,4.21835389,425.6100
1623949965514000,1,8.86073596,425.2700
1623949965514000,1,3.87051379,425.2600
1623950004420000,1,4.22030111,425.5500
1623950181866000,1,4.21377534,426.4800
1623950181866000,1,0.50834859,426.4700
1623950181866000,1,1.26787607,426.4600
1623950248148000,0,8.80897741,425.9500
1623950248148000,0,4.22102259,425.9600
1623950387713000,0,0.33000000,425.7000
1623950411330000,1,4.22000000,424.9000
1623950426185000,1,0.47000000,425.0400
1623950471478000,1,0.41392019,423.4900
1623950471478000,1,4.23607981,423.4800
1623950504343000,1,0.40000000,423.0400
1623950536561000,0,4.24000000,423.4200
1623950578390000,1,0.40000000,422.9500
1623950589016000,0,4.25000000,423.2200
1623950593269000,0,0.00046838,423.2200
1623950607938000,0,0.72000000,423.6900
1623950629758000,0,1.07000000,423.9500
1623950714835000,0,4.24000000,423.5600
1623950763145000,0,2.02000000,423.5500
1623950779389000,0,2.22000000,423.5500
1623950983458000,0,3.96000000,423.8300
1623951372824000,0,0.11380000,425.6000
1623951384890000,1,8.80000000,424.0800
1623951446640000,0,9.52057323,424.4400
1623951566938000,0,2.02292937,423.4900
1623951566938000,0,5.05704876,423.4900
1623951566938000,0,13.14653621,423.4900
1623951882908000,0,4.24000000,424.4000
1623952110488000,0,8.65000000,424.0500
1623952281170000,1,0.28000000,422.3800
1623952364751000,0,1.51000000,422.9700
1623952679019000,1,9.59464518,422.0800
1623953266623000,0,4.26000000,421.2100
1623953941238000,0,4.25000000,421.6800
1623953998284000,0,4.25000000,421.8800
1623954103255000,0,4.26000000,420.9200
1623954146660000,0,0.00588388,420.9200
1623954146660000,0,2.03234889,421.0500
1623954146660000,0,5.07176723,421.0600
1623954154585000,0,4.26000000,421.0800
1623954156923000,0,0.00420123,421.0800
1623954156923000,0,4.25579877,421.0800
1623954216329000,0,4.26000000,420.7500
1623954241857000,0,4.26000000,420.8900
1623954270204000,0,1.59000000,421.3600
1623954342788000,0,4.26000000,421.2500
1623954345181000,0,0.00230874,421.2500
1623954345181000,0,8.73769126,421.4200
1623954379067000,0,1.96000000,421.6200
1623954405532000,0,2.29000000,421.6200
1623954500372000,0,4.26000000,421.0900
1623954598217000,0,4.25000000,421.5500
1623954670919000,0,4.26000000,420.9400
1623954722041000,0,4.26000000,420.7600
1623954770646000,0,2.03000000,420.2500
1623954827224000,0,0.58000000,420.2700
1623954889193000,0,0.28000000,422.8000
1623954891882000,0,0.28000000,423.0100
1623954891882000,0,0.86000000,423.0100
1623954894083000,0,4.25000000,423.0500
1623954953856000,0,4.23000000,423.9200
1623954955870000,0,2.01000000,424.0800
1623954957953000,0,0.00810907,424.0800
1623954957953000,0,5.04497273,424.0900
1623954957953000,0,4.22691820,424.1200
1623955049182000,0,4.24000000,422.8700
1623955137836000,0,1.05000000,422.5500
1623955197552000,0,4.24000000,422.4700
1623955212213000,0,0.00995679,422.4700
1623955212213000,0,4.24004321,422.5800
1623955214341000,0,4.24000000,422.4700
1623955269216000,0,0.61000000,422.7400
1623955271594000,0,1.27000000,422.7400
1623955341912000,0,4.24000000,422.7200
1623955411879000,0,3.87000000,422.0900
1623955415706000,0,0.38000000,422.0900
1623955590060000,0,4.25000000,421.8800
1623955623120000,0,4.25000000,422.1000
1623955634122000,0,0.00278199,422.1000
1623955634122000,0,4.24721801,422.2700
1623955673537000,0,4.25000000,422.3200
1623956021439000,0,4.25000000,422.1900
1623956034601000,0,0.00305550,422.1900
1623956034601000,0,4.24694450,422.1900
1623956128860000,0,4.25000000,422.1000
1623956188081000,0,0.59000000,421.9500
1623956236481000,0,4.25000000,421.7800
1623956347050000,0,4.25000000,421.7900
1623956419513000,0,2.02000000,421.4300
1623956654201000,0,2.68000000,421.5800
1623956656269000,0,1.57000000,421.5800
1623956704852000,0,4.25000000,421.7400
1623956725917000,0,3.87000000,421.9000
1623956801038000,0,0.06880000,422.1200
1623959816481000,0,0.25180000,423.1500
1623961334540000,0,0.16000000,421.9500
1623962582522000,0,2.02804271,421.6100
1623962582522000,0,2.02804271,421.6300
1623963793871000,0,4.25000000,422.2100
1623964021761000,0,0.28650000,422.4600
1623964062252000,0,4.25000000,422.0300
1623964066760000,0,2.77000000,422.1800
1623964069553000,0,0.71000000,422.1800
1623964377666000,0,2.02919391,421.5800
1623964377666000,0,1.01080609,421.5900
1623966344074000,0,2.01241822,425.1300
1623966344074000,0,0.49338178,425.1300
1623967436171000,0,2.01335165,424.6600
1623967782072000,0,4.23000000,423.7800
1623968099464000,0,2.01000000,423.8200
1623968505859000,1,8.98269675,423.7800
1623969806760000,0,4.23000000,424.0400
1623970067882000,0,4.23000000,424.2500
1623970628140000,0,4.22000000,425.2100
1623971234405000,0,0.22590000,428.7700
1623971318766000,1,0.17143758,428.7500
1623971390033000,0,0.13000000,429.3500
1623971419497000,0,3.34000000,429.2400
1623971667595000,0,4.18000000,429.2600
1623973778236000,0,0.00252700,429.2600
1623973778236000,0,4.17747300,429.3600
1623973811273000,1,0.17127473,429.6700
1623973976510000,0,4.17000000,430.0200
1623974397051000,0,4.17000000,430.0400
1623977322284000,0,4.19000000,427.7300
1623977635070000,0,4.19000000,427.7100
1623977772195000,0,9.13000000,426.3700
1623977925269000,0,0.17105806,425.0600
1623977936433000,1,0.08852312,424.7500
1623977946692000,0,4.22000000,425.0900
1623979536391000,0,4.21000000,425.5600
1623980789752000,0,0.67000000,422.8300
1623982138895000,0,4.28000000,419.3300
1623983624454000,0,4.23000000,424.2700
1623983706822000,0,4.22000000,425.1900
1623983775385000,0,4.22000000,425.0100
1623984775414000,0,2.18000000,426.2100
1623985251748000,0,0.35000000,426.0700
1623985444464000,0,2.33000000,425.0400
1623985759331000,0,4.21826699,426.2500
1623986735262000,0,4.21000000,425.7600
1623988138473000,0,4.20000000,427.1500
1623988147508000,0,0.35000000,427.3700
1623989160922000,0,2.00000000,426.1000
1623989585857000,0,4.22000000,425.4900
1623990220471000,0,1.14000000,426.4000
1623994078515000,1,0.17139904,429.0300
1623994083799000,1,0.17138190,429.2100
1623994485230000,1,0.17134763,429.2900
1623995797540000,1,0.40000000,424.8700
1624000444896000,0,0.84000000,428.3700
1624002529307000,1,2.00000000,428.0700
1624002747424000,0,0.51351288,428.4800
1624003604536000,0,0.41000000,429.4400
1624004185883000,1,0.17106477,430.7300
1624004191229000,1,0.17104766,430.9600
1624004192673000,1,0.89413305,430.9600
1624004314140000,1,8.85174168,431.1100
1624004330136000,1,9.16226793,430.5400
1624004578477000,1,5.80883453,431.2800
1624005202274000,0,0.41000000,430.3100
1624005543066000,0,0.83000000,430.8400
1624006224529000,0,8.81000000,430.4000
1624006527132000,0,0.22480000,430.8400
1624006631139000,0,0.22480000,430.8000
1624006800606000,0,0.41000000,430.5600
1624006801819000,0,0.41000000,430.6800
1624006946882000,0,0.41000000,430.5300
1624006989270000,0,0.41000000,429.8600
1624007059410000,0,0.41000000,429.4500
1624007107375000,0,9.07000000,429.8500
1624007744215000,0,1.35831000,429.5800
1624007834936000,1,8.82000000,428.5100
1624007860586000,1,4.20000000,427.8600
1624007976359000,1,0.10000000,426.9500
1624008025516000,1,0.23000000,426.0900
1624008462113000,1,0.43000000,426.4800
1624009336068000,1,1.36943000,424.7600
1624009336068000,1,4.08215477,424.7500
1624009531113000,0,0.17096529,425.5300
1624010029829000,0,0.17098239,425.2800
1624010046866000,0,0.17101659,424.7300
1624010063971000,0,0.17103370,424.7300
1624010069368000,0,0.97554572,424.7300
1624010675742000,0,8.73000000,423.0600
1624011808457000,0,9.55219640,420.5600
1624011847040000,1,0.27709220,420.6600
1624014285874000,1,0.97710021,429.1300
1624014350829000,0,0.41914358,429.7300
1624014350829000,0,0.01984514,429.9000
1624014803942000,1,9.22134656,428.1500
1624016230764000,0,4.23000000,425.3200
1624016287147000,0,4.23000000,425.0500
1624016323136000,0,4.23000000,425.2700
1624016453385000,0,8.69000000,425.4700
1624016459717000,0,4.23000000,425.4800
1624016476246000,0,0.00308606,425.4800
1624016549364000,0,4.22000000,425.9000
1624016578376000,0,4.23000000,426.0900
1624016595529000,0,0.00175135,426.0900
1624016595529000,0,4.21824865,426.5400
1624016700201000,0,4.22000000,425.9600
1624016787363000,0,4.22000000,426.7100
1624016876315000,0,4.22000000,426.3400
1624016960069000,0,0.00215204,426.7100
1624016960069000,0,4.22071087,426.8000
1624017600852000,0,4.23000000,425.6000
1624017904266000,0,0.17130623,423.8600
1624018016116000,0,0.17132337,423.4100
1624018017515000,0,0.97719793,423.4100
1624018079431000,0,4.25000000,423.5100
1624018113936000,0,4.25000000,423.7200
1624018256734000,0,0.17143823,423.0300
1624018267178000,0,0.97785309,422.7100
1624018270179000,0,3.28000000,422.7100
1624018325933000,0,4.25000000,423.0700
1624018364343000,0,4.26000000,423.0100
1624018365355000,0,0.00182137,423.0100
1624018365355000,0,4.25817863,423.0100
1624018367097000,0,0.00364274,423.0100
1624018440424000,0,4.25000000,423.1300
1624018469270000,0,4.26000000,422.8500
1624018493610000,0,0.00275789,422.8500
1624018493610000,0,0.16875212,422.8500
1624018498322000,0,4.09000000,422.8500
1624018521107000,0,0.00400577,422.8500
1624018521107000,0,4.25599423,422.8500
1624018540349000,0,4.26000000,422.8900
1624018555911000,0,0.00179664,422.8900
1624018555911000,0,4.25820336,422.8900
1624018557103000,0,0.00359328,422.8900
1624018557103000,0,4.25640672,422.8900
1624018576203000,0,0.17151001,422.5300
1624018576877000,0,4.09000000,422.5300
1624018602770000,0,0.17152716,422.6500
1624018605748000,0,4.09000000,422.6500
1624018618791000,0,0.00347749,422.6500
1624018618791000,0,0.16804967,422.7000
1624018621862000,0,0.17152761,422.7000
1624018622934000,0,3.92000000,422.7000
1624018721714000,0,4.27000000,422.0400
1624018744385000,0,4.27000000,422.0100
1624018746130000,0,0.00064469,422.0100
1624018746130000,0,4.26935531,422.0100
1624018759512000,1,0.09596307,421.4800
1624018767860000,0,4.27000000,421.7400
1624018776080000,0,4.27000000,421.7500
1624018870258000,0,4.28000000,420.8600
1624018871289000,0,0.00333929,420.8600
1624018871289000,0,4.27666071,420.8600
1624018921586000,0,0.64770245,421.2500
1624018975455000,0,4.28000000,421.5000
1624018977111000,0,0.00100168,421.5000
1624018977111000,0,4.27899832,421.5000
1624019020288000,0,0.00200336,421.5000
1624019020288000,0,4.26799664,421.5400
1624019022514000,0,4.27000000,421.7000
1624019032105000,0,0.00409922,421.7500
1624019032105000,0,0.00128938,422.0100
1624019032105000,0,0.00078532,422.0400
1624019032105000,0,4.27382608,422.0500
1624019034354000,0,0.00295672,422.0500
1624019034354000,0,4.26704328,422.1800
1624019070048000,0,0.00372770,422.7000
1624019070048000,0,4.25627230,423.2400
1624019138944000,0,4.26000000,422.3700
1624019174521000,0,4.27000000,421.7000
1624019196785000,0,4.27000000,421.5100
1624019202281000,0,0.00804583,421.7000
1624019202281000,0,4.27195417,421.8000
1624019204105000,0,4.27804583,421.7000
1624019204105000,0,0.00195417,421.8000
1624019206103000,0,4.27000000,421.7000
1624019245474000,0,4.27000000,421.8200
1624019249029000,0,4.27000000,421.9800
1624019336564000,0,4.27000000,421.6200
1624019358034000,0,4.28000000,421.2600
1624019362057000,0,0.00241029,421.2600
1624019362057000,0,4.27758971,421.2600
1624019393324000,0,4.28000000,421.7100
1624019402282000,0,0.00297884,421.7100
1624019402282000,0,4.27702116,421.9600
1624019551930000,0,0.00366776,421.9600
1624019551930000,0,0.00326180,421.9800
1624019551930000,0,4.27307044,422.1800
1624019567261000,0,0.00388148,422.1800
1624019567261000,0,4.26611852,422.3800
1624019741994000,0,4.27000000,421.7900
1624019831171000,0,4.27000000,421.9800
1624019937463000,0,4.27000000,421.8700
1624019940284000,0,0.64581994,422.2800
1624019947947000,0,3.62000000,422.2800
1624020112270000,0,4.27000000,421.6900
1624020139905000,0,4.28177572,421.2500
1624020139905000,0,4.27822428,421.4400
1624020140907000,0,4.28000000,421.2500
1624020142120000,0,0.00177572,421.2500
1624020142120000,0,4.27822428,421.2500
1624020143760000,0,4.28000000,421.2300
1624020145285000,0,0.00221423,421.2300
1624020145285000,0,4.28221423,421.2300
1624020145285000,0,0.00355144,421.2500
1624020145285000,0,0.00355144,421.4400
1624020145285000,0,4.27846866,421.4400
1624020147298000,0,4.28221423,421.2300
1624020147298000,0,0.00330706,421.4400
1624020147298000,0,4.27447871,421.4400
1624020224348000,1,8.86013891,420.6300
1624020234480000,0,4.29000000,420.6000
1624020236105000,0,0.00005957,420.6000
1624020236105000,0,4.28994043,420.6000
1624020251950000,0,9.21225086,420.3800
1624020251950000,0,3.42774914,420.3900
1624020253326000,0,0.00011914,420.6000
1624020253326000,0,4.28988086,420.6000
1624020255160000,0,0.00017871,420.6000
1624020255160000,0,4.28982129,420.6000
1624020260105000,0,0.00023828,420.6000
1624020260105000,0,1.70976172,420.8000
1624020328882000,0,2.14000000,421.1900
1624020372146000,0,2.14000000,420.8800
1624020380300000,0,2.14000000,421.0700
1624020765019000,0,3.85000000,421.4300
1624020766226000,0,0.00355160,421.4300
1624020766226000,0,3.84644840,421.4300
1624020774269000,0,3.85000000,421.5900
1624020940090000,0,3.42000000,421.0900
1624020962014000,0,3.42000000,421.1600
1624021024739000,0,3.85729994,421.5300
1624021024739000,0,3.85270006,421.5400
1624021028254000,0,3.85000000,421.5300
1624021032496000,0,0.00355160,421.5900
1624021032496000,0,2.56644840,421.6500
1624021035589000,0,0.00184229,421.6500
1624021035589000,0,2.56815771,421.6500
1624021065090000,0,0.00013298,421.6500
1624021065090000,0,1.70986702,421.6600
1624021098829000,0,2.56000000,421.8200
1624021252033000,0,0.28000000,422.7100
1624021252033000,0,1.74000000,422.7200
1624021331670000,0,3.84000000,422.6400
1624021351513000,0,0.00366687,422.6400
1624021351513000,0,3.40633313,422.8300
1624021376874000,0,3.84000000,422.9200
1624021378105000,0,0.00245532,422.9200
1624021378105000,0,3.83754468,422.9200
1624021492334000,0,3.83000000,423.2100
1624022322174000,0,2.57000000,420.4500
1624022830084000,0,2.58000000,419.0200
1624022845732000,0,2.58000000,419.3500
1624022848072000,0,2.58000000,419.5200
1624022851914000,0,0.00197200,419.5200
1624022851914000,0,1.71802800,419.6900
1624022882350000,0,1.28000000,420.2000
1624022960228000,0,1.28000000,420.0800
1624023020581000,0,0.42000000,419.9400
1624023026009000,0,0.42000000,420.2600
1624023051230000,0,0.42000000,420.5400
1624023372073000,0,2.15000000,419.7400
1624023408258000,0,3.01000000,419.2900
1624023411069000,0,0.00569229,419.2900
1624023411069000,0,3.01430771,419.3300
1624023413410000,0,0.00138458,419.3300
1624023436263000,0,0.00083024,419.7400
1624023436263000,0,2.14916976,419.7700
1624023445954000,0,2.15000000,420.0500
1624023447113000,0,0.00186834,420.0500
1624023447113000,0,2.14813166,420.0500
1624023506941000,0,2.58000000,419.4900
1624023531695000,0,0.00312322,419.4900
1624023531695000,0,2.57687678,419.6300
1624023533119000,0,2.58000000,419.4900
1624023554059000,0,2.15337461,419.3900
1624023554059000,0,2.14662539,419.4700
1624023556009000,0,2.15000000,419.3900
1624023562484000,0,1.29000000,419.7300
1624023594843000,1,9.36137438,419.0800
1624023611969000,0,0.86000000,419.4200
1624023621385000,0,0.86000000,419.6100
1624023790016000,0,3.01000000,418.7300
1624023852393000,0,3.01000000,418.8200
1624023854049000,0,8.77811061,418.9800
1624023907867000,0,3.01000000,419.1600
1624023911122000,0,3.01000000,419.4400
1624023918110000,0,3.01000000,419.6000
1624023924933000,0,0.00120613,419.7300
1624023924933000,0,2.14879387,419.7700
1624024147064000,1,1.50000000,420.0400
1624024188037000,0,1.71000000,420.6900
1624024416483000,0,2.15000000,419.5300
1624024425407000,0,0.00318577,419.5300
1624024425407000,0,2.14681423,419.6100
1624024426458000,0,2.15000000,419.5300
1624024454692000,0,1.72000000,419.1300
1624024463469000,0,0.86000000,419.5300
1624024471815000,0,0.86000000,419.6600
1624024506983000,0,0.43000000,419.7100
1624024509994000,0,0.86000000,419.7500
1624024572996000,0,0.85000000,420.2100
1624024821042000,0,0.42000000,420.4700
1624024934464000,0,0.42958533,420.6100
1624024947958000,0,0.42000000,420.8600
1624024974420000,0,0.42000000,421.0500
1624024986777000,0,0.00945317,421.0500
1624024986777000,0,0.42054683,421.2500
1624024988911000,0,0.42000000,421.0500
1624025066527000,0,0.42000000,420.7800
1624025084019000,0,0.43007456,420.4100
1624025084019000,0,0.42992544,420.5000
1624025085073000,0,0.43000000,420.4100
1624025086107000,0,0.00007456,420.4100
1624025086107000,0,0.43007456,420.4100
1624025086107000,0,0.00014912,420.5000
1624025086107000,0,0.42970176,420.5000
1624025122088000,1,9.52693287,420.1400
1624025341794000,1,8.78168009,419.7100
1624025341794000,1,4.20000000,419.7000
1624025492327000,1,0.85000000,413.4600
1624025492327000,1,4.35647173,413.4200
1624025492327000,1,1.19124690,413.1800
1624025492533000,1,0.85000000,412.9300
1624025898076000,1,0.07158017,411.6800
1624025982186000,1,0.05564609,412.9300
1624026010921000,1,0.08901462,412.6800
1624026010921000,1,0.23143800,412.6800
1624026036679000,0,0.94000000,412.3900
1624026044063000,0,0.78000000,412.3900
1624026088059000,0,2.62874450,412.8500
1624026088059000,0,2.46125550,412.9500
1624026098056000,0,0.16727213,412.9500
1624026098056000,0,2.62272787,412.9800
1624026100092000,0,1.75000000,412.7100
1624026110914000,0,1.31420737,412.9200
1624026110914000,0,1.30579263,413.1900
1624026201247000,1,0.07151748,412.6900
1624026248367000,0,4.00000000,413.2400
1624026308255000,0,0.24000000,413.8400
1624026344288000,0,0.87551433,413.1000
1624026344288000,0,0.87448567,413.2500
1624026346940000,0,0.00102866,413.2500
1624026346940000,0,8.94897134,413.4700
1624026349071000,0,0.43000000,413.4900
1624026386511000,0,0.43767394,413.1100
1624026386511000,0,0.43232606,413.2900
1624026388547000,0,0.43767394,413.1100
1624026388547000,0,0.00534788,413.2900
1624026388547000,0,0.00697818,413.4900
1624026390022000,0,0.43767393,413.1100
1624026390608000,0,0.00000001,413.1100
1624026390608000,0,0.43767394,413.2900
1624026390608000,0,0.00030736,413.4900
1624026390608000,0,0.43201869,413.4900
1624026394355000,0,0.43000000,413.2900
1624026398507000,0,0.00767394,413.2900
1624026398507000,0,0.87232606,413.3000
1624026404705000,0,0.87534235,413.1000
1624026404705000,0,0.87465765,413.2900
1624026406832000,0,0.87534235,413.1000
1624026406832000,0,0.00068470,413.2900
1624026406832000,0,0.87397295,413.2900
1624026421925000,0,0.25000000,413.3300
1624026438569000,0,0.43761201,413.5900
1624026455442000,1,9.11751531,413.4000
1624026459728000,0,0.43754715,413.5700
1624026459728000,0,0.28000000,413.8900
1624026459728000,0,0.43245285,413.9000
1624026461976000,0,0.00487647,413.9000
1624026461976000,0,0.43724754,414.1100
1624026464019000,0,0.43724754,414.1100
1624026464019000,0,0.43275246,414.2300
1624026472621000,1,0.09805955,413.4900
1624026494544000,1,4.30000000,413.1700
1624026508876000,1,4.30000000,413.1700
1624026625685000,1,0.09548539,413.4400
1624026625685000,1,0.24826202,413.4300
1624026711702000,0,0.43000000,411.9800
1624026718898000,0,0.00900945,411.9800
1624026718898000,0,9.24782689,412.2600
1624026718898000,0,2.08103108,412.2600
1624026718898000,0,0.43213258,412.2700
1624026720911000,0,0.00658044,412.2700
1624026720911000,0,0.43341956,412.2800
1624026728361000,0,0.43000000,412.2700
1624026733899000,0,0.43000000,412.6000
1624026747330000,0,0.87000000,412.6700
1624026749369000,0,0.43000000,412.7500
1624026751459000,0,0.00817413,412.7500
1624026751459000,0,0.43182587,412.9500
1624027070917000,0,0.87000000,415.1900
1624027104799000,1,0.05115115,414.8200
1624027172198000,0,0.43000000,414.9300
1624027242920000,0,0.43000000,413.6900
1624027254216000,0,0.43000000,413.9600
1624027329749000,0,0.87000000,412.5100
1624027372375000,0,0.87000000,412.8700
1624027388889000,0,0.87000000,413.0600
1624027412722000,0,0.43000000,412.5300
1624027429439000,0,0.43000000,412.9200
1624027478666000,0,0.43000000,412.9300
1624027509536000,0,0.43000000,412.9200
1624027551060000,0,0.43000000,413.0900
1624027559976000,0,0.43000000,413.4100
1624027564733000,0,0.43000000,413.7200
1624027582811000,0,0.43000000,414.3700
1624027780794000,0,0.28000000,413.5800
1624028389255000,0,0.43000000,413.0800
1624028390923000,0,0.00805249,413.0800
1624028390923000,0,0.41194751,413.3000
1624028393121000,0,0.11000000,413.0800
1624028394223000,0,0.10000000,413.0800
1624028398311000,0,0.10000000,413.0800
1624028419362000,0,1.36000000,413.4000
1624028461464000,0,2.65000000,414.9200
1624028462542000,0,0.66000000,414.9200
1624028516516000,0,0.43000000,414.7000
1624029971395000,1,9.20000000,410.7500
1624031261201000,1,0.07871421,410.4900
1624031261208000,1,0.00000001,410.4900
1624031261547000,1,0.19678556,410.3600
1624031271284000,1,0.29000000,409.9900
1624032042440000,0,2.11000000,408.6100
1624032261158000,1,0.36000000,409.6000
1624032262274000,1,0.09000000,409.6000
1624032263146000,1,0.21004713,409.6000
1624032263148000,1,0.52480112,409.6000
1624032293847000,0,2.10134972,409.0100
1624032293847000,0,5.24865028,409.0100
1624033228178000,1,9.53000000,409.7300
1624033617839000,0,0.67000000,411.7600
1624033867011000,0,2.08371079,412.5100
1624033867011000,0,2.77628921,412.5100
1624036269864000,1,8.96000000,408.7300
1624036933742000,0,5.39000000,409.3300
1624036935848000,0,4.04000000,409.3300
1624038202361000,0,9.41000000,407.8900
1624038313485000,0,2.10000000,408.1600
1624038338338000,0,0.00489141,408.1600
1624038601835000,0,4.44000000,407.2400
1624039451598000,1,1.25000000,405.7300
1624039650233000,1,8.82000000,405.5600
1624039897051000,1,9.36000000,404.0600
1624040243537000,0,9.59000000,403.9300
1624040535817000,0,2.31000000,401.9300
1624040758201000,0,9.39351277,402.5900
1624040758201000,0,4.49648723,402.6100
1624040796887000,0,4.49000000,402.4900
1624040939989000,1,0.50000000,400.0000
1624041236052000,0,4.53000000,399.3000
1624041253953000,0,0.00238218,399.3000
1624041253953000,0,4.52761782,399.3600
1624041255719000,0,0.00331267,399.3600
1624041255719000,0,4.52668733,399.3600
1624041258508000,0,4.52000000,399.6600
1624042370961000,1,9.54300995,396.8600
1624042686171000,0,9.18000000,396.1200
1624042815780000,0,2.16485839,396.9700
1624042815780000,0,3.23514161,396.9800
1624045087199000,0,0.11840160,399.1500
1624046291899000,0,0.07290000,398.3200
1624047750314000,0,0.00448895,402.4900
1624048579582000,1,0.13000000,400.9500
1624048588670000,1,0.31000000,400.9500
1624048589707000,1,0.16000000,400.9500
1624053554737000,0,9.42000000,406.3300
1624054895166000,0,0.27440000,406.7000
1624058594241000,0,0.28000000,406.9400
1624058946381000,0,0.00357781,407.2400
1624059031756000,0,1.43000000,408.1900
