timestamp ms,type,amount,price
1624320068338000,1,0.31653155,327.4800
1624320069517000,1,0.00000001,327.4800
1624320312666000,1,0.39868844,324.2500
1624320312680000,1,0.00000001,324.2500
1624320779421000,1,0.42589121,322.4800
1624320779421000,1,0.42556979,322.4800
1624320779421000,1,1.02377444,322.4400
1624320788799000,1,0.03827011,322.4400
1624321179702000,1,0.44531222,317.5200
1624321287978000,1,2.42543371,316.7700
1624321386057000,1,0.21657397,315.0000
1624321386174000,1,0.28342603,315.0000
1624321576326000,0,0.11061764,314.2600
1624321576326000,0,1.47660313,314.2600
1624321763772000,1,0.20639907,317.2200
1624322060742000,0,2.06115393,321.2800
1624322104036000,0,7.74673068,322.1400
1624322104059000,0,0.15809654,322.1400
1624322111368000,0,0.54616199,322.6700
1624322111656000,0,0.01114616,322.6700
1624322336037000,0,0.54787165,321.8200
1624322336139000,0,0.01118105,321.8200
1624322990863000,0,0.15091945,325.0100
1624322990863000,0,1.34172940,325.0200
1624322994594000,0,0.15083296,325.0200
1624322994594000,0,0.37726604,325.0700
1624322994594000,0,0.95827899,325.0800
1624322994594000,0,0.30000000,325.0900
1624322994594000,0,0.99189997,325.1000
1624323212488000,0,0.08061468,326.3800
1624323212488000,0,0.20158120,326.3800
1624323212488000,0,0.20179530,326.3900
1624323601187000,1,1.72866699,327.3100
1624323601316000,1,0.61843500,327.3100
1624323601578000,1,0.94353986,327.3100
1624324481096000,0,7.60758283,337.5200
1624324555555000,0,0.46689000,342.4100
1624324563281000,0,3.31640000,342.6200
1624324565405000,1,1.89560000,341.8200
1624324625720000,1,0.52719865,341.3600
1624324639638000,1,2.30592378,341.3600
1624324639963000,1,4.06687756,341.3600
1624324647161000,1,0.00000001,341.3600
1624329014066000,0,0.13734710,333.0100
1624329014070000,0,0.00000001,333.0100
1624329014201000,0,0.35713469,333.0300
1624329172936000,0,0.10953695,334.3600
1624329172960000,0,0.00000001,334.3600
1624329606271000,0,0.13711254,335.0700
1624329606271000,0,0.35643506,335.0700
1624329606402000,0,0.00000001,335.0700
1624329734314000,0,0.09848899,334.5400
1624329734314000,0,0.03333229,334.5400
1624329847736000,0,0.09105335,334.2700
1624329847736000,0,0.01349821,334.2700
1624329848118000,0,0.22307464,334.2700
1624329888745000,1,2.13560073,333.4800
1624330254982000,0,0.08499171,336.6200
1624330254982000,0,0.22097844,336.6200
1624332002488000,0,0.14400000,336.3700
1624332583069000,0,0.11648002,337.3300
1624332583200000,0,0.00000001,337.3300
1624333296892000,0,0.52578858,341.9200
1624333296900000,0,0.00000001,341.9200
1624333319650000,0,0.52593736,341.7400
1624333319658000,0,0.00000001,341.7400
1624333331627000,0,0.52592541,341.7500
1624333336053000,0,0.00000001,341.7500
1624333336053000,0,0.13497746,341.9800
1624333336141000,0,0.39065072,341.9800
1624334523496000,1,0.38630230,338.8100
1624334641081000,0,0.11890089,337.8600
1624334712853000,0,0.11300000,338.1700
1624336192238000,0,0.43290000,335.5300
1624337143294000,0,0.10070000,336.5900
1624338073474000,0,0.70000000,338.5000
1624338827583000,0,0.41149258,335.7500
1624339006921000,0,0.52607490,335.2000
1624339034764000,0,0.52600266,335.2300
1624341485277000,0,0.74878866,330.2300
1624341485277000,0,1.81886805,330.2300
1624341485657000,0,0.05240116,330.2300
1624343849692000,0,1.00669319,331.4900
1624343849692000,0,0.04500681,331.4900
1624343909565000,0,6.52680000,332.2700
1624344044306000,0,0.06800000,331.2700
1624344641147000,0,1.09209093,329.6000
1624344641147000,0,0.32827984,329.7200
1624344641147000,0,1.59770243,329.7400
1624345347598000,0,0.52807724,334.1600
1624345843184000,1,0.34504889,330.6800
1624345843337000,1,2.15495110,330.6800
1624345871737000,1,0.00000001,330.6800
1624347110131000,0,1.05975619,333.3400
1624347157370000,0,0.53083580,332.5900
1624347444195000,0,0.52834180,334.0000
1624347733793000,0,0.54076911,333.4400
1624347742421000,0,0.52908709,333.6000
1624347833280000,0,0.52970059,333.0600
1624347833304000,0,0.01081022,333.0600
1624347896221000,0,0.52931736,333.2900
1624348097817000,0,0.53019591,333.0100
1624348330064000,0,0.10210000,332.2200
1624349193994000,1,0.14540496,325.3000
1624349194402000,1,1.33013708,325.3000
1624350555923000,0,0.10040000,320.1200
1624350570401000,0,1.10406237,320.3900
1624350682054000,0,0.20290778,321.3100
1624350872663000,0,0.56529781,319.1300
1624350873177000,1,0.56493657,319.3000
1624350874473000,1,0.88436561,319.3000
1624350874474000,1,0.00000001,319.3000
1624351027770000,0,0.10100000,318.0100
1624351029369000,0,0.07147818,318.0000
1624351029369000,0,0.46615103,318.0100
1624351029369000,0,1.13442912,318.1300
1624351029526000,1,0.34964167,318.1700
1624351052152000,1,0.34510266,317.3400
1624351067731000,1,0.22401918,317.2300
1624351067736000,1,0.23951158,317.2300
1624351083219000,0,1.14068311,316.7200
1624351083219000,0,0.16895214,316.7800
1624351084383000,1,0.03666475,316.7800
1624351153728000,0,0.18543942,316.7400
1624351156275000,0,0.00378448,316.7400
1624351156836000,0,0.18898999,317.2400
1624351156836000,0,0.55424033,317.2500
1624351298405000,0,0.42532980,318.0300
1624351299182000,0,0.23618000,318.0300
1624351299224000,0,0.45893206,318.0300
1624351902212000,0,0.20772894,316.2600
1624351907794000,0,0.00423937,316.2600
1624351908537000,0,0.08022552,316.4800
1624351908876000,0,1.29761210,316.4800
1624352153132000,0,0.31910052,316.2600
1624352153349000,0,0.00000001,316.2600
1624352486217000,1,7.88470612,318.3800
1624352564151000,1,0.62247490,317.3800
1624353326878000,1,0.70000000,316.2500
1624353429151000,0,7.74931408,315.7100
1624353582212000,0,1.11842976,316.0000
1624353772042000,1,8.32638310,316.0700
1624353783030000,1,0.39910634,315.8100
1624353783030000,1,0.17766178,315.8000
1624354144072000,1,2.42637393,315.2600
1624354940098000,1,0.06774501,311.9600
1624355135040000,1,2.80000000,311.1400
1624355396125000,1,0.60000000,313.4600
1624355479368000,1,2.40000000,313.4800
1624355560492000,1,0.89120708,310.9100
1624355622468000,1,0.26344196,308.8900
1624355629472000,1,0.49951599,308.4300
1624355930285000,1,1.74488263,310.9900
1624356496921000,0,0.44192326,308.8800
1624356496921000,0,0.30000000,308.8800
1624356496921000,0,8.53229886,308.8900
1624356496921000,0,1.10507303,308.9100
1624356496921000,0,0.58451490,308.9200
1624356618028000,1,0.12500000,307.5000
1624357091171000,1,0.09899665,304.9400
1624357093817000,1,0.00202034,304.9400
1624357445919000,0,0.86112100,307.9000
1624357445919000,0,0.28036666,307.9100
1624357633237000,1,3.61877261,308.1700
1624357648722000,0,1.17311479,307.7300
1624357648741000,0,0.00000001,307.7300
1624357886226000,0,0.07256379,310.0000
1624357886226000,0,0.18140362,310.0000
1624357886226000,0,0.47167984,310.0000
1624358295369000,0,0.23618000,312.0300
1624358444594000,0,1.13154813,312.6100
1624358643540000,1,5.55316472,317.8900
1624358643776000,1,0.11332989,317.8900
1624359525890000,1,0.28738679,312.1100
1624360063057000,1,4.73047920,308.2900
1624360063165000,1,0.09654039,308.2900
1624360137706000,1,0.14643351,307.6200
1624360141359000,1,0.59724512,307.6200
1624360142837000,1,0.00000001,307.6200
1624360834595000,0,2.49968060,308.7500
1624360834639000,0,0.05101389,308.7500
1624360887601000,0,0.07880963,307.5500
1624360894106000,0,0.50737571,307.5500
1624361117664000,0,0.57740495,305.9100
1624361117680000,0,0.01178377,305.9100
1624361119593000,0,0.14512293,305.9100
1624361126305000,0,0.11640322,306.0800
1624361126321000,0,0.11640322,306.0800
1624361126333000,0,0.11638480,306.0800
1624361137844000,0,0.58918359,305.8200
1624361137844000,0,0.56561625,305.8300
1624361137869000,0,0.02356734,305.8300
1624361138824000,0,0.57739992,305.8200
1624361140613000,0,0.01178367,305.8200
1624361140613000,0,0.11685192,305.8300
1624361141367000,1,0.47315207,305.5800
1624361142840000,0,0.11376725,305.5800
1624361146395000,1,0.47337809,305.5300
1624361595942000,1,0.92356049,303.0200
1624361744812000,1,0.50156950,302.2800
1624361753936000,0,0.09417745,302.2700
1624361832410000,0,0.59580185,302.1600
1624361832410000,0,0.57196978,302.2200
1624361941106000,0,0.58370367,302.4000
1624361942093000,0,0.01191232,302.4000
1624362009043000,0,0.58249759,303.1100
1624362125011000,0,0.58362225,302.4300
1624362126058000,0,0.58362225,302.5500
1624362126608000,0,0.01191066,302.5500
1624362333736000,0,0.14608776,303.5300
1624362452191000,0,1.15952476,304.1300
1624362452260000,0,0.02366377,304.1300
1624362471050000,0,1.15897545,304.2500
1624362487348000,0,0.57948755,304.6200
1624362487564000,0,0.01182628,304.6200
1624362510066000,0,0.58952198,305.3200
1624362510066000,0,7.78970259,305.3500
1624362884335000,0,0.59715926,301.3800
1624362890625000,0,0.58501262,301.5000
1624362899432000,0,0.58463734,301.7000
1624362899860000,0,0.01193137,301.7000
1624362911728000,0,0.59593982,302.2100
1624363196234000,1,8.46000000,299.9000
1624363196794000,1,8.58787820,299.6700
1624363196794000,1,0.26499383,299.6200
1624363196794000,1,0.25712797,299.5900
1624363197227000,1,5.90000000,299.3000
1624363197227000,1,1.52399855,299.2400
1624363207833000,0,0.11005503,299.8000
1624363265487000,0,1.04000000,298.5600
1624363269030000,0,8.93000000,298.5700
1624363295700000,1,0.30006610,296.8500
1624363406648000,0,0.60802076,296.7900
1624363406648000,0,0.20777924,296.9300
1624363642862000,1,8.64329821,294.3800
1624363967489000,0,8.43000000,295.8300
1624364046937000,0,4.63613840,294.8200
1624364165527000,0,0.77850429,295.2400
1624364236896000,0,0.60000000,298.0800
1624364260387000,0,0.60000000,298.5600
1624364261423000,0,0.60000000,298.8300
1624364282803000,0,3.27000000,299.5200
1624364323873000,0,0.59000000,300.0600
1624364388520000,0,0.59000000,300.5100
1624364449568000,1,8.37687612,299.2500
1624364639274000,1,0.48000000,296.7900
1624364639367000,1,0.00933413,296.7900
1624364639367000,1,0.48933413,296.7800
1624364639367000,1,1.22371427,296.7700
1624364885175000,0,1.24000000,288.5300
1624364890387000,0,1.94000000,289.0800
1624364972799000,0,0.23498192,290.2500
1624364973594000,0,0.87295063,290.3400
1624364976498000,0,5.95829697,290.3400
1624364978249000,0,5.22703553,290.7700
1624365037850000,0,7.82783271,293.2500
1624365055507000,0,0.30006610,296.0500
1624365177322000,1,5.91140188,297.7100
1624365400708000,0,6.18000000,291.3600
1624365400738000,0,0.00226923,291.3600
1624365412031000,0,4.23133250,292.2100
1624365471224000,0,3.08000000,291.6700
1624365604311000,0,1.86000000,289.7900
1624365616929000,0,1.45000000,290.1600
1624365617681000,0,0.00252019,290.1600
1624365617681000,0,3.63108511,290.4000
1624365617681000,0,9.17611919,290.4100
1624365733591000,1,6.21195677,289.2600
1624365742527000,0,6.11769340,290.4300
1624365778559000,0,1.23000000,291.1900
1624365808777000,1,1.03449162,289.5600
1624365813300000,1,0.30679502,288.7500
1624366005075000,0,0.62000000,286.3200
1624366167933000,0,0.25400909,292.0700
1624366168050000,0,1.48739091,292.0700
1624366379145000,0,0.61755428,292.0100
1624366417928000,0,0.30000000,293.2200
1624366575773000,0,0.61000000,293.7900
1624366601486000,0,1.19697114,295.7800
1624366641049000,0,1.21000000,296.2200
1624366679755000,1,0.61132167,297.5600
1624366696078000,0,1.20000000,298.2900
1624366704716000,0,0.60000000,298.7000
1624366704775000,0,0.00385666,298.7000
1624366743368000,1,0.76772864,299.0600
1624366743511000,1,7.52328746,299.0600
1624366804712000,1,1.68971067,295.4600
1624366827867000,0,1.69790866,296.7800
1624366828738000,0,1.41313442,296.7900
1624366830379000,0,1.20112000,296.9400
1624366971419000,0,0.60000000,296.9400
1624367003556000,0,0.60868361,296.3400
1624367003556000,0,8.61131639,296.4000
1624367014792000,0,0.60000000,296.3400
1624367053392000,0,1.21000000,297.2100
1624367098455000,1,0.71000000,297.1100
1624367098490000,1,0.00190195,297.1100
1624367209400000,0,1.21000000,297.7600
1624367244933000,1,8.28000000,297.2200
1624367270311000,0,1.21000000,296.9000
1624367270322000,0,0.00391923,296.9000
1624367296217000,0,1.21465902,296.6700
1624367296217000,0,2.45181647,296.8400
1624367296217000,0,1.21352451,296.8500
1624367302363000,0,0.00057327,296.8500
1624367302363000,0,0.59942673,297.0700
1624367369855000,0,2.39465254,296.3000
1624367464298000,0,8.60000000,293.2200
1624367632954000,0,1.23000000,293.0200
1624367633292000,0,0.00070516,293.0200
1624367645700000,0,1.68000000,293.8100
1624367698904000,0,1.23000000,292.1600
1624367699742000,0,1.20819452,292.3100
1624367700187000,0,0.02465703,292.3100
1624367721462000,0,0.61000000,292.1000
1624367721478000,0,0.00741537,292.1000
1624367772208000,0,1.17359438,294.3400
1624367772208000,0,0.60640562,294.3400
1624367874045000,0,0.61000000,292.1400
1624367874172000,0,0.00633901,292.1400
1624367894327000,0,0.61000000,292.7400
1624368188430000,0,0.62000000,288.9000
1624368205729000,0,0.62000000,289.4400
1624368205732000,0,0.00227302,289.4400
1624368205794000,0,8.48011582,289.4600
1624368308245000,0,0.51948303,289.3000
1624368308245000,0,0.51051697,289.3000
1624368308515000,0,0.78814572,289.3000
1624368387290000,1,1.30937389,289.5000
1624368419850000,0,1.23000000,291.8900
1624368557740000,0,0.61000000,293.2200
1624368761497000,0,0.40305332,291.2900
1624368761497000,0,1.03694668,291.2900
1624368933138000,0,1.03602676,289.8600
1624368951423000,0,0.38000000,290.6400
1624368951656000,0,0.00167699,290.6400
1624368951656000,0,1.24206409,290.6700
1624368977998000,0,0.32000000,291.8300
1624369062047000,0,0.30000000,291.4100
1624369062213000,0,0.00472025,291.4100
1624369209965000,0,0.24191674,288.7700
1624369209983000,0,0.00000001,288.7700
1624369232115000,0,0.17000000,288.6200
1624369232304000,0,0.00645567,288.6200
1624369338772000,0,0.19126668,288.3700
1624369338772000,0,1.53840220,288.3800
1624369457335000,0,0.09443279,288.6800
1624369457335000,0,0.09443606,288.6900
1624369457335000,0,1.53841579,288.6900
1624369457401000,0,0.00000001,288.6900
1624369517393000,0,0.32470457,289.2400
1624369517393000,0,0.81145382,289.2400
1624369637810000,1,0.15000000,285.7300
1624369669177000,0,0.38000000,285.9900
1624369670672000,0,0.00225616,285.9900
1624369670672000,0,0.37774384,286.0000
1624369695073000,0,0.63000000,285.7600
1624369695085000,0,0.00073393,285.7600
1624369711234000,1,0.19010215,285.2300
1624369806659000,0,0.31216115,283.9100
1624369806659000,0,0.61506633,283.9200
1624369855803000,0,0.25543147,284.6700
1624369855803000,0,0.63857867,284.6700
1624369855803000,0,1.65726449,284.6800
1624370152129000,0,0.64342614,279.9400
1624370161839000,0,0.00000001,279.9400
1624370161839000,0,0.64342614,279.9400
1624370162947000,0,0.64342614,280.1200
1624370163006000,0,0.00000001,280.1200
1624370168259000,0,0.64132169,281.2400
1624370168260000,0,0.00000001,281.2400
1624370316109000,0,0.94026746,285.9700
1624370316133000,0,0.32040058,285.9700
1624370362690000,1,8.77260661,285.5500
1624370744312000,1,0.30000000,281.4600
1624370744873000,1,0.20334707,281.4400
1624370973639000,0,0.64089304,284.2200
1624370973639000,0,1.31694238,284.2400
1624370973853000,0,0.28542559,284.2400
1624370987370000,0,0.42007583,285.5900
1624370987370000,0,1.04992417,285.5900
1624370987384000,0,0.00026540,285.5900
1624371002313000,0,0.36881021,285.1300
1624371101419000,0,8.65404577,287.3800
1624371271061000,0,0.31000000,287.5900
1624371271160000,0,0.00389992,287.5900
1624371298168000,0,1.74000000,288.6900
1624371298338000,0,0.62000000,288.7000
1624371298363000,0,0.00395986,288.7000
1624371347655000,0,0.18000000,289.9600
1624371396512000,0,0.21020881,290.3100
1624371410011000,1,0.62135769,289.6600
1624371411632000,1,0.62139591,289.6600
1624371412813000,1,0.62139591,289.6600
1624371416810000,1,0.62143891,289.6600
1624371443866000,1,1.24767582,288.5600
1624371461680000,0,0.62511867,287.9500
1624371461681000,0,0.00000001,287.9500
1624371714502000,0,0.34362191,289.1100
1624371714502000,0,0.85853725,289.1100
1624371722436000,0,0.29000000,289.4400
1624371792363000,0,1.24097752,290.0000
1624371826116000,0,1.23000000,290.0800
1624371830621000,0,0.61000000,290.1800
1624371852375000,0,0.60739587,290.5300
1624372044432000,0,8.24000000,293.8800
1624372074444000,0,0.61000000,293.4200
1624372105077000,1,0.61364024,293.1400
1624372122132000,0,0.13274745,292.8600
1624372122132000,0,0.33176653,292.8600
1624372122132000,0,0.86259298,292.8600
1624372159021000,1,8.09000000,292.9500
1624372381037000,0,1.21000000,294.9900
1624372443329000,0,1.22000000,294.5900
1624372455463000,0,1.22000000,295.1100
1624372760267000,0,0.39763541,294.8400
1624372760267000,0,0.15236459,294.8400
1624372794430000,0,0.60000000,295.4400
1624372797914000,0,0.60000000,295.3900
1624373068190000,0,0.60000000,296.6000
1624373181443000,0,0.60000000,295.3200
1624373269447000,0,0.61033356,294.6100
1624373269447000,0,0.60966644,294.6700
1624373275286000,0,0.59786084,294.7400
1624373295110000,0,0.22000000,295.5100
1624373298566000,0,0.00603586,295.5100
1624373669624000,0,0.59000000,302.0100
1624373669650000,0,0.00608394,302.0100
1624373816064000,0,0.28690271,303.5100
1624373816064000,0,0.11476108,303.5100
1624373861395000,0,0.59070773,304.5700
1624373861395000,0,0.58929227,304.6000
1624373882976000,0,0.59000000,304.3400
1624374086744000,0,0.20286852,301.8600
1624374099888000,1,0.22000000,301.0900
1624374103097000,1,0.00773615,301.0900
1624374103097000,1,0.55655795,300.9700
1624374113815000,1,0.01151621,300.9700
1624374140053000,0,0.52200609,300.9100
1624374152000000,1,0.09301773,299.9700
1624374345995000,0,0.22775271,301.8600
1624374345995000,0,0.07369988,301.8700
1624374346125000,0,0.49567817,301.8700
1624374371323000,1,8.18153753,300.9400
1624374423095000,0,0.20000000,302.1500
1624374423400000,0,0.00644413,302.1500
1624374423400000,0,0.51355587,302.1500
1624374423401000,0,0.00221943,302.1500
1624374498863000,0,0.20000000,303.6400
1624374517840000,1,0.78478195,303.8000
1624374517841000,1,0.00000001,303.8000
1624374566947000,0,0.09108190,304.7700
1624374633745000,0,0.30000000,309.7700
1624374633745000,0,0.57477806,309.7700
1624374645915000,1,7.02000000,306.8200
1624374786800000,1,1.72966888,305.2600
1624374802070000,1,0.63000000,305.4400
1624374817566000,1,0.50000000,305.1200
1624374833940000,1,0.63000000,304.9000
1624374846628000,1,0.00141683,304.9000
1624374846628000,1,0.62858317,304.8900
1624374851299000,1,0.00255240,304.8900
1624374851299000,1,0.62744760,304.5500
1624374898023000,1,0.00351024,304.5500
1624374943832000,1,0.38408397,303.1700
1624374943861000,1,0.00783845,303.1700
1624374997610000,1,0.67000000,303.9700
1624375058666000,0,2.78000000,306.0400
1624375108561000,1,0.80479083,305.6100
1624375108561000,1,2.01281918,305.6100
1624375138210000,0,0.58000000,306.3400
1624375149542000,0,0.58000000,306.4100
1624375195252000,0,0.58000000,306.8600
1624375288337000,0,0.58000000,306.7700
1624375297054000,0,0.58000000,307.0600
1624375517922000,0,0.10319400,307.3800
1624375517928000,0,0.00210600,307.3800
1624375522063000,1,0.50109356,307.6100
1624375522063000,1,0.55140644,307.6100
1624375531907000,1,0.10520000,307.6600
1624375535778000,1,2.10120000,308.1800
1624375561822000,1,0.61927756,308.5900
1624375561822000,1,0.63962244,308.5900
1624375574678000,1,2.09460000,309.1400
1624375592155000,0,8.51000000,312.0000
1624375845949000,1,0.19900000,311.9700
1624375865192000,0,0.30000000,313.7900
1624375865192000,0,8.14407657,313.8200
1624375920140000,0,1.14357177,314.6300
1624375920140000,0,1.14357176,314.8100
1624375922964000,0,0.00000001,314.8100
1624375922964000,0,1.14357176,314.8100
1624375923109000,0,0.00000001,314.8100
1624376100378000,1,1.04000000,316.2300
1624376202118000,1,1.63000000,313.9600
1624376209840000,0,0.31655637,314.3200
1624376237974000,0,0.57000000,313.5900
1624376486363000,0,0.57000000,314.3500
1624376486390000,0,0.00233917,314.3500
1624376544477000,1,0.19000000,311.4800
1624376549129000,0,0.19963589,311.7800
1624376550728000,0,1.13868751,311.7800
1624376553937000,1,0.00982796,311.4800
1624376558066000,0,0.19976973,311.5100
1624376563781000,0,0.66247825,311.5000
1624376563781000,0,1.64752175,311.5000
1624376563812000,0,0.00781222,311.5000
1624376586588000,0,0.17334135,311.4900
1624376711350000,0,0.84000000,312.9300
1624376711471000,0,0.00106427,312.9300
1624376711471000,0,0.84103187,312.9400
1624376711471000,0,2.10290129,312.9600
1624376798866000,1,0.53330458,310.2200
1624376798979000,1,0.03483874,310.2200
1624376798979000,1,1.24169419,310.2200
1624376799034000,1,0.17866411,310.2200
1624376799034000,1,0.76285903,310.2100
1624376799105000,1,1.23857501,310.1900
1624376869004000,1,8.27000000,309.6700
1624376924261000,1,8.55000000,310.2500
1624376924275000,1,0.00484094,310.2500
1624377059668000,1,0.30000000,314.0800
1624377059845000,1,0.79405141,313.9600
1624377059975000,1,0.00000001,313.9600
1624377059975000,1,0.79358155,313.9500
1624377059975000,1,0.92999998,313.9300
1624377059977000,1,0.00000002,313.9300
1624377060076000,1,1.98395385,313.8100
1624377060144000,1,0.00000001,313.8100
1624377271382000,1,0.85659992,313.4100
1624377353990000,0,1.15034678,312.7100
1624377353990000,0,0.43665322,312.7100
1624377500951000,1,5.74000000,312.3500
1624377635581000,0,13.00000000,312.0000
1624377654291000,0,0.07210678,313.3200
1624377781342000,0,7.94000000,319.5400
1624377962730000,1,8.47165073,320.1100
1624378544616000,0,2.68000000,318.5700
1624378544936000,0,0.00586546,318.5700
1624378556551000,1,1.22370631,317.5800
1624378615471000,0,2.66000000,316.5800
1624378754240000,0,0.17562879,319.8000
1624378780639000,1,8.03820964,321.0200
1624378867258000,1,5.57485577,321.7100
1624378867258000,1,5.57335469,321.4100
1624378867258000,1,4.11812292,321.3500
1624378867258000,1,1.12469977,321.3400
1624378924796000,0,8.52000000,321.5800
1624379094607000,1,0.50000000,320.0000
1624379098312000,1,0.00075000,320.0000
1624379120279000,0,1.94000000,319.4400
1624379120344000,0,0.00957549,319.4400
1624379444605000,1,0.44342192,317.5300
1624380947445000,0,1.12000000,319.5300
1624381170438000,0,1.12000000,320.0300
1624381209975000,0,1.12000000,319.4800
1624381210445000,0,1.12000000,319.6300
1624381251830000,0,1.71295648,320.5800
1624381251830000,0,0.67704352,320.5800
1624381656256000,0,0.56000000,316.8600
1624381656335000,0,0.00695684,316.8600
1624382161888000,1,0.64774081,316.7900
1624382161913000,1,0.00000001,316.7900
1624382241826000,0,0.56787913,316.2700
1624382246101000,0,0.00000001,316.2700
1624382246101000,0,0.56787913,316.2700
1624382522034000,0,0.06507384,316.2900
1624382522034000,0,0.15492616,316.2900
1624382678252000,0,0.56585156,317.1700
1624382678252000,0,0.56623139,317.4000
1624382678252000,0,0.56609399,317.4800
1624382678252000,0,0.74452306,317.7700
1624383303478000,0,1.12621089,318.9600
1624383349818000,0,0.56000000,319.5400
1624383349899000,0,0.00184830,319.5400
1624383350039000,0,0.56000000,319.6500
1624383409214000,0,0.09070000,320.3400
1624383568488000,0,0.56000000,319.3400
1624383568611000,0,0.00201758,319.3400
1624383910433000,0,0.56000000,317.6000
1624384203888000,0,8.12000000,317.4300
1624384203996000,0,0.00639856,317.4300
1624384273821000,0,0.12000000,318.9500
1624384273938000,0,0.00059840,318.9500
1624384426843000,0,0.56000000,319.6200
1624384426894000,0,0.00201608,319.6200
1624384460176000,0,0.45839827,320.4300
1624384460176000,0,0.18335931,320.4300
1624384460176000,0,0.45869070,320.4300
1624384460176000,0,0.55955172,320.4400
1624384488363000,0,8.68000000,321.6300
1624384488580000,0,0.55858016,321.7100
1624384488580000,0,0.55141984,321.7600
1624384488586000,0,0.00743998,321.7600
1624384515192000,1,8.24000000,321.7700
1624384515328000,1,0.00712812,321.7700
1624384719834000,0,0.55000000,321.2400
1624384719954000,0,0.00900090,321.2400
1624384720093000,0,0.55900090,321.3700
1624384720300000,0,0.54782088,321.2400
1624384880526000,0,1.12000000,319.7500
1624384880664000,0,0.00392099,319.7500
1624384880906000,0,1.12000000,319.7500
1624384988820000,0,1.12000000,318.7100
1624385036810000,1,0.56387844,318.3500
1624385038824000,1,0.56387844,318.3500
1624385104557000,1,0.31000000,317.5700
1624385126538000,0,0.71910082,317.4300
1624385126538000,0,0.56089918,317.4400
1624385142989000,1,1.19671427,317.0800
1624385142989000,1,2.99185160,317.0800
1624385149894000,1,0.32149739,316.1900
1624385149894000,1,0.80374347,316.1800
1624385149949000,1,0.00000001,316.1800
1624385156508000,0,8.26400811,317.1600
1624385156508000,0,0.82128729,317.1700
1624385156508000,0,0.82046671,317.1700
1624385156508000,0,2.05116453,317.1700
1624385156508000,0,0.56307336,317.1800
1624385266186000,1,5.09000000,317.3100
1624385267117000,1,0.00407869,317.3100
1624385643356000,0,0.17747670,319.6600
1624385643356000,0,0.44358021,319.6600
1624385643356000,0,1.14894309,319.6600
1624385815731000,1,7.94000000,321.3500
1624385840386000,0,0.14632965,321.8300
1624385840411000,0,0.00000001,321.8300
1624385840697000,0,0.14636053,321.9400
1624385840697000,0,0.36588995,321.9400
1624385882415000,0,0.13000000,321.1400
1624385882469000,0,0.00139671,321.1400
1624385961872000,0,0.56000000,320.7700
1624386233355000,1,0.34000000,318.6900
1624386233470000,1,0.00533269,318.6900
1624386233470000,1,8.27166921,318.6800
1624386234875000,1,0.34533269,318.1100
1624386251507000,0,0.67941504,318.7300
1624386251507000,0,1.69856961,318.7300
1624386252112000,0,1.69827094,318.7400
1624386252112000,0,0.67172906,318.7400
1624386319419000,0,0.20000000,320.7000
1624386343096000,0,7.95000000,320.6400
1624386469902000,0,8.38462908,321.2500
1624386469902000,0,5.58537092,321.2600
1624386470327000,0,5.59000000,321.4200
1624386470392000,0,0.00023326,321.4200
1624386617387000,1,8.20371566,320.2700
1624386642380000,0,1.52358450,320.9200
1624386642380000,0,0.60641550,320.9200
1624386659269000,0,0.30100000,321.7300
1624386907705000,1,8.65787200,323.1900
1624386984066000,0,1.69056533,322.7100
1624386984066000,0,4.22627337,322.7100
1624387120622000,0,0.31000000,324.5500
1624387120693000,0,0.79593093,324.5500
1624388547750000,0,1.12000000,320.1300
1624388548028000,0,0.00121138,320.1300
1624388580556000,1,0.56135570,319.5200
1624388608905000,0,0.56000000,319.9700
1624388609036000,0,0.00051263,319.9700
1624388623739000,0,0.56000000,320.0700
1624388623902000,0,0.00047096,320.0700
1624388625810000,0,0.56000000,320.2300
1624388658534000,0,0.56000000,320.0300
1624388686221000,0,0.00044192,320.0300
1624388686221000,0,0.55955808,320.1000
1624388688816000,0,0.56000000,320.2600
1624388708755000,0,0.00004856,320.2600
1624388708755000,0,0.54995144,320.3300
1624388739419000,0,0.24180000,320.4300
1624389306912000,0,0.09100000,319.4200
1624389827373000,0,0.30670000,315.7800
1624389842766000,0,0.56000000,315.3000
1624389876510000,0,1.19122050,315.9500
1624389876510000,0,6.98877950,315.9500
1624389941352000,0,1.11023636,316.2600
1624389941352000,0,2.76976364,316.2600
1624390077506000,0,0.56000000,317.2300
1624390077556000,0,0.00543581,317.2300
1624390142897000,0,0.56000000,316.6100
1624390203124000,0,0.56000000,316.6300
1624390203235000,0,0.00684495,316.6300
1624390256799000,0,0.56000000,318.2900
1624390452687000,1,8.50000000,317.2600
1624391163791000,0,0.56000000,317.2600
1624391167494000,0,0.56000000,317.4900
1624391231264000,0,8.40000000,317.2800
1624391319385000,0,0.44000000,318.2100
1624391319409000,0,0.00809093,318.2100
1624391404103000,0,0.56000000,316.9100
1624391482835000,1,0.56487623,317.4000
1624391482838000,1,0.35189693,317.4000
1624391557735000,0,0.56349454,318.2900
1624391564013000,0,0.55220419,318.2000
1624391780839000,1,4.79000000,315.7200
1624392010978000,1,5.50000000,314.8400
1624392049407000,0,1.04999362,315.5000
1624392049407000,0,5.49998467,315.5000
1624393009920000,0,1.12000000,319.0000
1624393137367000,0,8.09000000,318.6600
1624393463612000,1,0.56445928,317.7500
1624393478569000,1,0.56438016,317.7600
1624393479810000,1,0.56438016,317.7600
1624393495926000,1,0.56476412,317.7500
1624393497116000,1,0.56478816,317.7500
1624393497130000,1,0.56476412,317.7500
1624393663396000,1,8.43000000,321.4200
1624394016478000,0,0.56000000,318.3500
1624394118680000,0,5.50000000,317.9400
1624394536024000,0,1.11000000,320.5800
1624394562376000,1,0.55999528,320.4600
1624394563809000,1,0.55999528,320.4600
1624394565294000,1,0.56000293,320.4600
1624394619144000,1,1.11935227,320.4600
1624394620812000,1,1.11982144,320.4600
1624394622108000,1,1.11982144,320.4600
1624394622108000,1,0.36101136,320.4600
1624395676379000,1,0.78528310,323.1800
1624395676379000,1,1.96321042,323.1800
1624395815039000,1,0.56813571,321.4200
1624396323150000,0,8.07644985,319.3200
1624396333142000,0,0.08500000,319.1700
1624396355655000,0,0.06900000,318.8200
1624396527574000,0,1.42211929,318.7800
1624396527574000,0,3.55519790,318.7800
1624396527574000,0,8.18484157,318.8000
1624396527574000,0,5.62784124,318.8200
1624396576497000,0,5.62000000,318.7900
1624397817826000,0,1.58958020,314.1300
1624397817874000,0,0.00000001,314.1300
1624397867741000,0,0.46098980,313.8700
1624397867799000,0,2.28304938,313.8700
1624397943632000,1,0.49616171,314.7500
1624398099735000,0,4.73929369,314.1100
1624398099792000,0,0.31449760,314.1100
1624398099815000,0,0.54620871,314.1100
1624398193149000,0,1.92954298,313.8400
1624398193149000,0,4.79885480,313.8500
1624398193149000,0,10.54160222,313.8700
1624398208274000,0,0.08800000,313.2900
1624398210690000,0,0.07900000,313.0700
1624398255082000,0,0.15460000,312.9000
1624398586530000,0,2.31000000,314.4900
1624398971735000,0,0.46763497,314.1300
1624399535748000,0,5.65000000,316.9100
1624399882993000,0,5.62000000,318.7800
1624399907138000,0,7.92512405,319.3700
1624400189532000,0,4.47000000,320.4200
1624400189662000,0,0.00747996,320.4200
1624400311592000,1,0.55523236,318.0900
1624400311592000,1,1.03198841,318.0800
1624400479843000,0,1.12000000,318.8800
1624400562011000,0,0.10376437,319.6800
1624400562161000,0,0.00211764,319.6800
1624400707726000,1,8.60611069,318.2100
1624400792100000,0,0.56000000,317.1300
1624400805422000,0,1.13000000,316.8400
1624400809361000,0,0.56000000,317.0200
1624400809468000,0,0.00585509,317.0200
1624400859929000,0,0.15000000,316.4200
1624400859956000,0,0.98349101,316.4200
1624400929303000,1,0.33256174,314.7200
1624400964589000,0,0.57000000,314.4600
1624401018234000,0,2.61000000,315.6300
1624401018290000,0,5.52941428,315.6300
1624401109064000,0,0.91000000,316.0300
1624401452429000,0,0.09200000,315.6900
1624401634889000,0,0.79000000,313.9600
1624401635921000,0,0.00916938,313.9600
1624402508730000,0,1.14000000,312.4700
1624402702351000,0,2.10184510,315.5900
1624402702351000,0,0.84074938,315.5900
1624402702351000,0,4.33740552,315.6800
1624402791629000,0,1.16000000,316.3300
1624402792360000,0,0.00245674,316.3300
1624402855621000,0,0.56516543,317.8400
1624402855621000,0,0.00483457,317.9700
1624402859224000,0,0.56479360,318.0900
1624403144485000,0,0.81000000,314.4900
1624403144557000,0,0.33075143,314.4900
1624403331605000,0,11.30000000,313.9900
1624404463808000,1,1.13794982,315.3700
1624404464048000,1,0.20197752,315.3700
1624404541169000,0,0.57000000,314.6600
1624404715495000,0,0.56000000,314.8800
1624404843531000,0,0.57000000,313.3500
1624404843571000,0,0.00249091,313.3500
1624404871640000,1,0.57296249,313.2600
1624404873295000,1,0.57296249,313.2600
1624404874811000,1,0.06877298,313.2600
1624404876842000,1,0.57345815,313.0700
1624404892818000,1,0.57326009,313.0700
1624404896801000,1,0.57343573,313.0700
1624405657248000,0,17.60000000,315.2200
1624405658255000,0,9.80000000,315.4000
1624406551837000,1,0.55519481,319.7400
1624406551837000,1,0.55560090,319.7400
1624406552866000,1,0.55519481,319.4800
1624406552866000,1,0.55560090,319.4800
1624406635531000,1,1.80000000,318.8500
1624406643509000,0,0.86000000,318.7200
1624406655225000,1,0.46038157,317.6700
1624406659749000,1,0.44369868,317.3300
1624406659749000,1,1.10924671,317.3300
1624406659749000,1,2.85146974,317.3300
1624406688909000,0,5.19000000,316.7800
1624406708233000,1,0.38948543,317.1600
1624406817578000,0,5.69000000,315.2900
1624406817610000,0,0.00544988,315.2900
1624406828143000,1,0.20635106,314.5000
1624406908014000,0,5.71000000,313.9700
1624407047664000,0,5.75000000,311.9800
1624407048193000,0,0.00461607,311.9800
1624407080034000,1,5.70000000,311.0200
1624407111576000,0,5.76000000,311.5000
1624407112028000,0,0.00256714,311.5000
1624407112953000,0,5.76000000,311.7700
1624407303804000,0,0.95099933,310.3500
1624407303804000,0,2.36900067,310.3500
1624407335963000,1,1.81291066,309.1800
1624407406156000,0,0.23940000,311.1500
1624407596144000,1,1.63189033,309.0000
1624407596144000,1,0.65275613,309.0000
1624407657184000,0,4.71000000,310.4200
1624407901560000,0,5.74000000,312.4600
1624407914718000,0,0.00249534,312.4600
1624407914718000,0,5.72750466,312.8300
1624407922745000,0,5.73526186,312.8900
1624407922745000,0,5.73803757,312.9000
1624407980937000,0,1.02290829,313.0300
1624408106505000,0,5.69000000,315.8100
1624408108358000,0,0.00309952,315.8100
1624408108358000,0,5.68690048,315.9500
1624408124430000,0,5.69000000,315.2300
1624408206748000,0,1.30328066,314.6100
1624408206748000,0,5.70287090,314.6200
1624408206748000,0,1.30257771,314.7500
1624408206748000,0,3.25630836,314.7500
1624408206748000,0,8.78647328,314.7600
1624408206748000,0,5.69848909,314.7900
1624408218325000,0,0.00246925,315.2300
1624408268332000,0,1.11297544,315.9200
1624408272287000,0,1.11000000,316.1900
1624408352528000,0,2.36000000,318.1300
1624408354556000,0,3.28000000,318.1300
1624408359069000,0,5.01000000,318.6900
1624408399341000,0,4.04000000,318.6800
1624408560694000,0,0.54880000,317.4200
1624408586127000,1,8.11756076,316.6600
1624408617056000,0,3.40000000,316.3500
1624408624582000,0,2.26000000,316.4000
1624408831236000,1,0.67522184,321.2900
1624408913440000,0,1.66000000,323.4700
1624408959734000,0,1.66000000,323.0400
1624408998881000,1,8.77840298,324.5900
1624409040226000,0,1.10000000,324.4300
1624409173897000,1,0.61215726,324.9600
1624409223115000,1,0.60494764,324.9500
1624409244533000,0,1.10000000,324.5200
1624409411803000,0,0.54000000,329.7900
1624409414276000,0,0.54000000,330.2100
1624409420942000,1,0.70686872,329.7200
1624409506717000,0,0.54000000,327.7100
1624409506795000,0,0.00768272,327.7100
1624409512426000,0,0.54000000,328.3700
1624409515049000,0,0.00716167,328.3700
1624409515049000,0,0.54283833,328.4800
1624409578030000,0,1.09000000,329.3200
1624409578255000,0,0.00002285,329.3200
1624409578255000,0,1.09002285,329.4700
1624409629348000,0,1.95000000,329.4100
1624409657389000,0,1.09000000,329.3000
1624409672508000,0,0.00019247,329.3000
1624409704639000,1,0.62737683,331.1000
1624409755758000,0,0.54000000,330.6700
1624409756241000,0,2.17157526,330.8500
1624409756241000,0,5.42852257,330.8500
1624409756241000,0,4.11990217,330.8500
1624409758258000,0,2.17266483,330.9300
1624409815221000,0,1.08735461,330.2000
1624409831060000,0,0.54400549,329.9600
1624409835885000,0,0.54000000,329.9000
1624409835912000,0,0.00395013,329.9000
1624409855030000,0,1.08000000,329.5000
1624409877848000,0,0.54000000,329.3300
1624409973347000,0,1.08000000,330.7000
1624409977931000,0,0.00557920,330.7000
1624409977931000,0,1.27442080,330.9500
1624409981901000,0,1.08000000,330.7900
1624410114450000,0,0.54000000,329.0100
1624410132872000,1,0.79000000,329.2500
1624410153811000,1,0.54491815,329.2500
1624410156453000,1,0.32075464,329.2500
1624410184224000,0,0.53468623,328.8000
1624410186356000,0,0.54000000,329.0300
1624410188852000,0,0.54000000,329.4700
1624410198194000,0,7.96574356,329.8500
1624410199647000,0,0.54000000,329.8700
1624410203542000,0,8.61326225,330.0400
1624410203542000,0,0.53673775,330.1500
1624410386571000,0,1.76632000,332.3100
1624410386571000,0,0.25239435,332.3100
1624410386571000,0,0.63110382,332.3100
1624410386571000,0,1.64086993,332.3100
1624410402538000,0,0.50364937,332.2800
1624410402599000,0,0.76689493,332.2800
1624410403757000,0,4.60409361,332.6900
1624410404054000,0,3.89045480,332.6900
1624410404199000,0,0.40312289,332.6900
1624410999336000,1,0.52202491,333.7700
1624410999347000,1,0.00000001,333.7700
1624411078379000,0,0.10200000,332.4200
1624413062352000,0,0.13767202,334.6500
1624413062352000,0,0.12667121,334.6500
1624413062414000,0,0.21749855,334.6500
1624413200998000,0,0.20238803,335.5100
1624413200998000,0,0.50595500,335.5100
1624413200998000,0,1.31165697,335.5100
1624413567244000,1,8.45000000,338.1300
1624413609503000,0,8.66000000,338.7300
1624413712802000,1,0.63324219,338.6400
1624413712802000,1,1.57675781,338.6400
1624413928060000,0,4.35000000,338.3200
1624413928117000,0,0.00634802,338.3200
1624414154900000,0,0.53000000,337.9800
1624414156644000,0,0.00164020,337.9800
1624414156644000,0,0.52835980,338.0700
1624414156829000,0,0.53000000,337.9800
1624414156895000,0,0.00339556,338.0700
1624414158234000,0,0.53000000,338.2100
1624414165046000,0,0.53000000,338.5900
1624414165119000,0,0.00099040,338.5900
1624414224511000,0,0.53000000,338.0100
1624415869099000,0,0.47388644,341.6800
1624415869099000,0,1.18409946,341.6800
1624415869099000,0,0.95201410,341.6800
1624416173237000,0,5.25000000,341.4100
1624416272811000,0,0.76370227,341.5200
1624416467374000,0,5.24678656,342.6100
1624416467374000,0,5.24324083,342.6400
1624416493552000,1,0.68233464,343.0400
1624416493602000,1,0.00000001,343.0400
1624416885342000,0,5.28000000,339.8300
1624416912366000,0,6.41606060,340.9300
1624416912366000,0,2.46801261,340.9300
1624417774135000,0,0.28690000,337.5800
1624418854489000,0,4.78000000,338.1900
1624418854617000,0,0.00264386,338.1900
1624419411084000,0,1.06000000,337.5500
1624419556229000,0,0.53000000,337.7900
1624419579012000,0,1.06000000,338.3400
1624419599537000,0,0.53000000,338.3800
1624419603992000,0,0.53000000,338.5700
1624419604411000,0,0.00038787,338.5700
1624419626331000,0,0.53000000,338.7300
1624419626464000,0,0.00038787,338.7300
1624419789454000,0,1.06000000,338.3800
1624419805888000,0,1.06000000,338.6100
1624419836687000,1,0.42000000,338.0400
1624419840453000,1,0.00779261,338.0400
1624419902652000,0,1.06000000,337.2500
1624419927615000,0,0.53000000,337.9800
1624419927691000,0,0.00178777,337.9800
1624419928197000,0,0.53000000,337.9800
1624419963879000,1,0.33000000,337.4500
1624420254521000,0,1.06000000,337.9800
1624420254566000,0,0.00266858,337.9800
1624420254837000,0,1.04141521,337.9800
1624420421703000,0,0.00053440,338.6100
1624420421703000,0,0.52946560,338.9900
1624420421922000,0,0.00073290,338.9900
1624420768367000,0,1.06000000,338.4500
1624420803751000,0,0.53000000,338.8600
1624420807515000,0,0.00010431,338.8600
1624420807515000,0,0.51989569,339.1900
1624420878455000,0,0.53000000,338.0200
1624421016989000,0,1.06000000,339.0000
1624421110872000,0,1.05000000,339.7800
1624421110914000,0,0.00828943,339.7800
1624421138660000,0,0.52000000,339.7600
1624421644630000,0,0.53000000,336.9100
1624421644631000,0,0.00298444,336.9100
1624421743054000,0,0.52180871,337.2600
1624421836498000,0,0.53000000,337.0900
1624422965485000,0,1.05000000,339.3500
1624423351182000,1,0.55006568,338.4800
1624423351182000,1,1.36993432,338.4800
1624423715691000,0,1.07000000,338.1600
1624423722997000,0,5.30000000,338.3000
1624423734179000,0,5.30000000,338.6800
1624423746444000,0,8.26577806,338.8600
1624423954616000,0,5.28000000,339.7200
1624423990327000,0,0.00486683,339.7200
1624424010624000,0,5.27000000,340.1200
1624424024982000,0,5.27000000,340.8400
1624424100955000,1,8.53000000,341.5200
1624424101041000,1,0.00151948,341.5200
1624424225978000,0,5.27000000,340.3300
1624424226289000,0,0.00619483,340.3300
1624424256483000,1,0.46000000,340.0100
1624424256487000,1,0.00567119,340.0100
1624424257562000,1,1.16417172,339.8500
1624424257562000,1,3.02693878,339.8500
1624424374305000,1,0.30932136,337.4400
1624424374305000,1,2.00936518,337.4200
1624424374645000,1,8.53033087,337.1900
1624424401925000,0,5.32000000,337.4100
1624424401978000,0,0.00382752,337.4100
1624424403642000,0,4.15000000,337.5600
1624424405936000,0,8.09000000,337.7700
1624424478577000,1,0.55462817,335.8600
1624424478577000,1,1.38657043,335.8600
1624424500868000,0,5.34000000,336.1300
1624424502876000,0,0.00332169,336.1300
1624424502876000,0,8.21667831,336.3500
1624424563793000,0,5.34000000,335.9500
1624424581768000,0,5.34000000,336.1100
1624424599435000,0,5.33000000,336.3600
1624424599513000,0,0.00971624,336.3600
1624425211822000,1,7.83683255,337.6800
1624425211822000,1,0.62013144,337.6700
1624425211822000,1,0.61303601,337.6700
1624425234737000,0,5.32000000,337.5400
1624425239026000,0,0.00005350,337.5400
1624425239026000,0,5.30994650,337.7400
1624425420025000,0,0.58000000,337.2300
1624425732662000,0,0.53000000,337.4600
1624425906903000,0,1.06000000,337.6600
1624425915443000,0,0.53000000,338.0300
1624426231903000,0,2.01000000,338.8500
1624426236033000,0,0.00734104,338.8500
1624426236033000,0,5.03265896,338.9400
1624426254016000,0,0.00935049,338.9400
1624426254016000,0,1.05064951,339.2400
1624426285321000,0,0.52000000,339.4300
1624426392647000,0,0.52000000,340.0600
1624426533876000,0,0.52000000,340.8700
1624426564404000,0,1.98439475,340.9000
1624426564404000,0,4.03560525,340.9100
1624426564430000,0,0.92518200,340.9100
1624426712106000,1,7.94000000,341.5300
1624426745646000,0,1.05000000,341.5500
1624426750712000,0,0.40000000,341.6800
1624426752732000,0,0.12000000,341.6800
1624427039726000,0,0.52000000,341.1700
1624427106711000,0,0.52000000,341.5300
1624427345793000,0,8.50648146,342.1400
1624427377681000,1,7.71433752,342.5200
1624427377685000,1,0.15743546,342.5200
1624427525387000,0,1.04000000,342.5000
1624427532002000,0,1.04000000,342.6100
1624427546488000,0,1.04000000,342.6300
1624427556497000,0,0.52000000,342.6400
1624427604989000,0,0.52000000,342.5200
1624427650501000,0,0.52000000,342.7900
1624427651019000,0,3.51407207,342.9400
1624427860350000,0,0.52000000,343.4400
1624427903612000,0,0.17000000,343.7200
1624427903651000,0,0.35228968,343.7200
1624427926304000,0,0.52000000,343.4300
1624427946073000,0,0.52000000,343.5300
1624427961836000,0,0.52000000,344.0400
1624428047040000,1,0.67000000,344.3100
1624428075515000,1,8.16000000,343.2700
1624428148660000,1,0.25000000,342.1200
1624428201549000,0,1.17000000,342.8300
1624428385658000,0,7.73000000,342.8500
1624429213756000,0,1.11000000,341.6200
1624429213941000,0,0.00938135,341.6200
1624429213941000,0,2.79061865,341.6200
1624429213958000,0,0.00632344,341.6200
1624429711997000,0,0.76452639,341.5000
1624429711997000,0,1.90547361,341.5000
1624429712079000,0,0.00571127,341.5000
1624429743622000,0,8.09000000,342.3100
1624429743669000,0,0.00686694,342.3100
1624429902866000,1,1.90000000,341.5200
1624429944549000,0,0.65490153,341.3300
1624429944549000,0,1.63509847,341.3400
1624429944662000,0,0.00225135,341.3400
1624430668331000,0,0.44000000,342.9300
1624430668785000,0,0.52000000,342.9800
1624430860945000,0,1.05000000,341.3300
1624430861972000,0,0.00033224,341.3300
1624430902750000,0,1.05000000,341.3700
1624430902886000,0,0.00042211,341.3700
1624430994735000,0,0.52000000,341.7600
1624431097489000,0,0.52000000,341.7000
1624431216321000,0,0.52000000,341.3400
1624431965163000,1,2.12000000,341.6000
1624432222722000,0,5.24000000,341.6900
1624432649929000,1,1.70000000,339.4500
1624433321712000,1,1.51000514,340.2900
1624434155891000,1,8.41000000,342.1100
1624434272831000,0,1.07000000,342.1800
1624434272860000,0,0.00379233,342.1800
1624434293913000,0,7.77000000,343.1300
1624434293946000,0,0.00850538,343.1300
1624434365342000,1,0.31000000,342.4400
1624434389578000,0,0.40087736,342.4500
1624434389578000,0,0.99912264,342.4600
1624434440827000,0,0.36026443,343.3200
1624434440827000,0,0.89973557,343.3200
1624434440993000,0,2.34170859,343.4000
1624435062667000,1,8.42000000,339.8600
1624435165783000,0,8.36000000,340.0400
1624435260874000,0,0.52000000,340.5800
1624435287851000,0,0.14000000,341.5300
1624435295287000,1,0.60493236,341.2900
1624435315792000,0,0.60724102,341.9800
1624435315792000,0,1.51810254,341.9800
1624435315792000,0,3.94465644,341.9800
1624435317026000,0,10.90000000,342.2200
1624435477756000,0,1.04000000,342.5200
1624435524602000,0,0.82000000,340.8200
1624435524606000,0,0.00877780,340.8200
1624435701324000,1,0.52000000,339.9200
1624435846319000,0,8.41000000,340.5300
1624435882131000,0,1.05000000,340.8200
1624435938486000,0,1.05000000,341.1200
1624435938575000,0,0.00070135,341.1200
1624435954053000,0,0.08583837,342.2300
1624435954053000,0,0.51416163,342.3100
1624435972296000,0,0.52000000,342.7400
1624436117997000,1,8.23000000,341.8400
1624436118275000,1,0.00688100,341.8400
1624436118544000,1,0.59000000,341.6400
1624436119526000,1,0.95000000,341.6300
1624436894163000,1,8.43694098,341.8700
1624436894163000,1,0.63305902,341.8700
1624436894476000,1,0.00485673,341.8700
1624436894476000,1,5.22978226,341.8600
1624436894490000,1,0.63812465,341.7500
1624436894490000,1,0.63817690,341.7300
1624436894490000,1,5.23131473,341.7100
1624436894490000,1,0.31000000,341.6000
1624437371213000,0,8.04000000,340.8300
1624437719204000,0,1.05000000,337.9600
1624437724574000,0,1.05000000,338.1900
1624437743487000,0,0.52000000,338.0800
1624437788036000,0,0.00970184,338.0800
1624437788036000,0,7.87029816,338.1800
1624437928017000,0,0.52000000,338.8300
1624437992302000,1,7.86000000,338.0600
1624437992362000,1,0.00524499,338.0600
1624438008880000,0,1.21953702,338.2000
1624438008880000,0,3.04046298,338.2000
1624438490937000,1,8.11000000,338.0700
1624438704186000,1,8.08000000,337.4500
1624438704281000,1,0.00214382,337.4500
1624438782232000,0,0.35280000,335.6500
1624438818819000,0,0.36000000,335.0100
1624438838365000,0,8.31000000,335.1000
1624438902415000,0,8.49000000,336.9400
1624439087296000,1,8.56497111,336.7100
1624439138989000,0,8.10000000,337.3400
1624439195045000,0,1.06000000,337.6700
1624439195086000,0,0.00102275,337.6700
1624439196165000,0,1.06000000,337.6700
1624439197914000,0,0.00102275,337.6700
1624439197914000,0,1.05897725,337.6700
1624439198044000,0,0.00204550,337.6700
1624439200677000,0,0.53000000,337.8100
1624439200762000,0,0.00021794,337.8100
1624439212452000,0,0.53000000,337.8100
1624439227930000,0,0.00021794,337.8100
1624439227930000,0,0.52978206,337.8400
1624439228004000,0,0.00037721,337.8400
1624439317211000,0,1.90961796,338.5100
1624439317211000,0,0.76384807,338.5100
1624439317211000,0,8.01663284,338.5200
1624439648647000,0,0.08540000,340.0300
1624439950291000,0,0.13100000,339.8800
1624439960941000,0,3.04000000,339.8900
1624439988147000,0,5.27000000,339.8200
1624439997941000,0,0.00114093,339.8200
1624439997941000,0,5.26885907,339.8200
1624439998050000,0,0.00228186,339.8200
1624440100549000,1,0.11842529,339.6600
1624440123986000,0,0.06900000,340.1600
1624440125137000,0,5.19000000,340.1600
1624440125146000,0,0.00758782,340.1600
1624440244139000,1,5.10000000,339.1800
1624440248374000,1,0.48057666,339.0200
1624440315699000,0,5.28000000,339.1000
1624440318488000,0,0.00407275,339.1000
1624440318488000,0,5.27592725,339.1000
1624440408590000,0,5.18605813,338.8500
1624440408744000,0,0.10583792,338.8500
1624440452994000,0,0.87000000,338.5000
1624440453013000,0,4.42222370,338.5000
1624440493924000,0,0.86000000,338.5700
1624440493995000,0,3.31000000,338.5700
1624440494540000,0,5.28814849,338.7400
1624440499425000,0,5.28000000,339.1300
1624440530565000,0,5.29000000,338.6400
1624440742654000,0,5.29000000,338.5500
1624440811904000,0,0.00115625,338.5500
1624440811904000,0,5.28884375,338.5900
1624440895042000,1,7.90000000,337.9600
1624440920637000,0,5.29000000,338.2300
1624441034772000,0,5.21000000,336.9700
1624441064624000,0,5.21783774,336.6000
1624441196080000,0,5.17075084,337.8700
1624441236992000,0,1.08640790,338.0000
1624441236992000,0,5.30359210,338.0100
1624441237256000,0,2.71595837,338.0000
1624441237256000,0,0.00094396,338.0100
1624441645983000,1,8.10000000,336.9800
1624441646265000,1,0.00509835,336.9800
1624441683789000,0,4.46000000,337.0100
1624441685805000,0,7.99036684,337.2200
1624441685805000,0,5.31774500,337.2300
1624441685805000,0,5.31188816,337.2400
1624441693926000,0,2.65000000,337.2800
1624441752991000,0,1.59000000,336.8700
1624441753167000,0,0.00618869,336.8700
1624441873059000,0,0.53000000,337.6300
1624441996426000,1,8.11000000,337.2600
1624441996461000,1,0.00203123,337.2600
1624442385870000,1,8.20600158,336.9000
1624443067515000,0,8.02000000,337.7100
1624443101888000,1,0.52831423,337.3700
1624443101888000,1,1.32078557,337.3700
1624443104752000,0,0.70756000,337.3700
1624443104769000,0,0.35476909,337.3700
1624443105840000,1,0.52831423,337.3400
1624443105840000,1,1.32078557,337.3400
1624443110475000,1,2.88270202,337.2800
1624443111187000,1,0.44348031,337.2800
1624443111187000,1,1.10870079,337.2800
1624443111794000,1,0.41084016,337.2700
1624443144642000,1,0.32988986,337.1100
1624443145148000,1,0.32988986,337.1000
1624443145148000,1,0.82472464,337.1000
1624443145778000,1,5.10000000,336.9500
1624443154591000,1,0.72638185,336.9200
1624443154591000,1,0.27059016,336.9200
1624443154591000,1,0.18819634,336.9200
1624443192561000,1,0.57615664,336.7100
1624443192561000,1,0.23046266,336.7100
1624443192561000,1,1.39661344,336.7100
1624443236474000,1,0.11970276,336.5800
1624443258828000,1,0.06022739,336.4900
1624443258828000,1,0.15659121,336.4300
1624443326694000,0,0.53000000,336.8000
1624443326750000,0,0.00192996,336.8000
1624443412908000,1,0.06211776,337.2400
1624443412908000,1,0.15529441,337.2400
1624443412908000,1,0.40376546,337.2400
1624443419792000,1,0.35837387,336.9500
1624443419792000,1,0.13783611,336.9500
1624443443658000,1,0.09215267,336.3500
1624443443658000,1,0.23784733,336.3500
1624443444664000,1,0.08283057,336.3500
1624443617183000,0,7.44000000,337.4300
1624443808372000,0,0.66086210,337.9800
1624443808372000,0,0.24913790,337.9800
1624444387445000,0,0.32554452,338.7400
1624444426222000,0,0.52000000,339.1300
1624444426287000,0,0.00907577,339.1300
1624444452922000,0,0.52000000,339.5300
1624444474835000,0,0.52000000,340.5700
1624444900473000,1,8.42000000,338.8300
1624445163527000,0,7.90000000,340.4400
1624445259238000,1,4.56000000,339.5700
1624445259684000,1,3.66466780,339.5700
1624445360910000,0,0.13000000,340.6600
1624445361075000,0,0.00160856,340.6600
1624445361075000,0,1.05205658,340.6700
1624445361075000,0,8.09689094,340.7300
1624445361075000,0,0.97540433,340.8200
1624445513341000,0,0.52000000,340.7500
1624445704619000,0,0.07604594,340.8400
1624445704658000,0,0.00000001,340.8400
1624445759454000,0,0.52000000,340.8000
1624445759461000,0,0.00537278,340.8000
1624445762992000,0,0.52000000,340.8000
1624446119494000,0,1.04000000,343.2400
1624446120490000,0,0.00392238,343.2400
1624446120490000,0,1.03607762,343.2600
1624446155989000,0,0.52000000,343.2300
1624446170334000,0,0.52000000,343.1300
1624446175347000,0,0.00226549,343.1300
1624446175347000,0,0.51773451,343.1700
1624446177480000,0,0.52000000,343.1300
1624446177892000,0,0.00226549,343.1300
1624446177892000,0,0.00448977,343.1700
1624446178303000,0,0.52000000,343.1300
1624446285080000,1,7.80000000,340.7200
1624446439604000,0,1.05000000,340.3800
1624446461374000,0,1.05000000,340.1000
1624446461540000,0,0.00356426,340.1000
1624446461540000,0,1.04643574,340.1400
1624446461615000,0,0.00752674,340.1400
1624446485846000,0,0.52000000,340.0600
1624446497011000,0,0.00689768,340.0600
1624446497011000,0,8.02310232,340.2100
1624446498831000,0,0.52000000,340.2500
1624446504562000,0,0.52000000,340.4200
1624446504600000,0,0.00660463,340.4200
1624446531947000,0,0.52000000,340.2700
1624446539027000,0,0.51607254,340.4200
1624446551465000,0,0.52000000,340.5900
1624446562704000,0,0.52000000,340.9900
1624446563057000,0,0.34000000,341.1500
1624447042480000,1,2.22000000,338.2800
1624447141047000,1,7.88000000,337.4700
1624447469992000,0,8.36000000,337.3500
1624447631289000,1,8.44000000,337.2200
1624448749262000,1,0.22283974,337.6400
1624448749293000,1,0.00000001,337.6400
1624448847126000,0,0.57420000,337.3400
1624449685889000,0,5.31000000,337.3400
1624449690012000,0,0.00201293,337.3400
1624449722543000,0,7.87000000,337.8500
1624449722743000,0,5.30000000,337.8700
1624449722744000,0,0.00768954,337.8700
1624449725915000,0,8.24887350,338.0800
1624449725915000,0,5.30112650,338.0900
1624449726045000,0,0.00420779,338.0900
1624449745737000,0,5.30283498,337.6300
1624449745737000,0,0.33365622,337.7900
1624449745737000,0,5.29350880,337.8000
1624449841408000,0,5.28000000,338.9100
1624449841436000,0,0.00195214,338.9100
1624449850065000,0,1.17000000,339.2300
1624449850172000,0,4.10719830,339.2300
1624450013892000,0,5.31000000,336.6700
1624450014031000,0,0.00679655,336.6700
1624450025473000,0,0.87000000,336.9000
1624450025479000,0,1.03000000,336.9000
1624450055743000,0,5.31000000,336.6300
1624450082432000,0,5.31000000,336.4800
1624450147144000,0,5.32000000,336.1000
1624450149397000,0,0.00355190,336.1000
1624450149397000,0,5.31644810,336.1000
1624450205028000,0,5.32000000,335.8500
1624450224391000,0,0.45000000,335.9900
1624450337805000,0,5.32000000,335.9500
1624450375422000,0,3.90000000,336.0500
1624450379610000,0,1.42000000,336.0500
1624450394486000,0,0.00321555,336.0500
1624450394486000,0,5.31678445,336.1100
1624450436700000,0,0.00508418,336.1100
1624450449008000,0,5.32000000,336.5500
1624450451986000,0,0.00143755,336.5500
1624450451986000,0,5.31856245,336.5500
1624450464807000,0,0.00287510,336.5500
1624450464807000,0,4.24712490,336.5700
1624450464864000,0,0.00459799,336.5700
1624450465458000,0,0.09946104,336.5700
1624450504969000,0,3.72000000,336.2600
1624450508855000,0,0.00310299,336.2600
1624450508855000,0,0.21249701,336.2600
1624450508855000,0,0.10780000,336.2600
1624450690141000,0,1.59000000,336.0200
1624450697931000,0,1.59000000,336.1600
1624450789023000,0,1.06000000,335.8700
1624450840394000,0,1.06000000,336.0500
1624450881453000,0,1.06000000,336.1900
1624450909274000,0,0.53000000,336.6800
1624451044298000,1,7.87000000,336.5900
1624451044378000,1,0.00417794,336.5900
1624451096930000,0,0.53000000,337.2800
1624451255388000,0,0.52000000,337.7400
1624451322518000,0,0.52000000,337.9600
1624451390175000,0,0.52000000,338.1300
1624451497081000,0,0.52000000,338.3000
1624451497511000,0,7.96677727,338.5100
1624451546086000,1,0.08556241,337.8300
1624451568856000,0,1.05000000,337.8200
1624451572046000,0,1.03686015,338.0800
1624451572074000,0,0.02116041,338.0800
1624451619894000,0,0.52000000,338.0500
1624451697957000,0,2.11630459,337.7600
1624451697957000,0,5.29035354,337.7700
1624451895134000,1,8.57000000,337.1400
1624452188987000,0,0.34000000,335.7300
1624452193783000,0,0.79000000,335.9500
1624452594473000,0,1.06000000,335.8700
1624452614628000,0,0.53000000,336.0400
1624453263796000,0,0.52000000,338.9700
1624453264976000,0,0.42220539,339.1000
1624453407363000,0,1.05000000,339.4300
1624453425934000,0,0.52000000,339.6400
1624453426059000,0,0.00671038,339.6400
1624453661757000,1,8.15000000,341.2400
1624454214030000,0,8.18759034,344.3900
1624454356092000,1,5.18785326,343.6900
1624454356092000,1,8.26989596,343.5200
1624454356092000,1,0.32669473,343.5100
1624454356092000,1,0.32667946,343.5000
1624454356092000,1,5.19322364,343.4900
1624454356183000,1,0.94000000,343.7600
1624454414377000,0,0.51000000,345.0200
1624454786409000,0,8.29000000,345.5400
1624454976488000,1,8.00000000,346.4300
1624455042297000,0,7.97000000,346.1400
1624455222285000,1,0.27499537,345.0800
1624455222473000,1,0.10999814,345.0800
1624455222492000,1,0.00000001,345.0800
1624455460306000,0,8.55036757,343.1500
1624455460306000,0,2.48963243,343.1500
1624455480455000,1,8.54000000,341.7900
1624455538224000,1,4.73000000,341.7600
1624455815291000,0,2.50000000,340.5800
1624455819808000,0,0.69000000,340.6300
1624455826396000,0,13.59000000,340.6300
1624455828364000,0,1.98294220,340.6300
1624455851248000,0,6.26402306,340.6700
1624455854059000,0,7.78000000,341.2300
1624455940013000,1,8.41686275,339.1900
1624455940013000,1,5.25313725,339.1800
1624456075324000,0,8.07000000,339.3900
1624456077954000,0,8.29000000,339.3900
1624456080847000,0,0.00263714,339.3900
1624456254192000,0,1.05000000,339.3900
1624456254409000,0,0.00326949,339.3900
1624456254409000,0,8.15239522,339.5200
1624456254409000,0,1.05326949,339.5300
1624456306945000,1,8.47000000,339.3500
1624456592111000,0,3.75000000,337.1700
1624456592124000,0,2.58761853,337.1700
1624456592124000,0,6.27238147,337.1700
1624456592191000,0,10.20317393,337.1700
1624456609258000,0,7.94000000,337.4700
1624456681063000,1,8.58892940,336.5500
1624456681063000,1,0.33883579,336.3900
1624456681063000,1,5.30223481,336.3600
1624456872316000,0,1.06000000,335.7400
1624456945874000,0,2.45145844,335.3200
1624456970690000,0,8.21000000,335.7900
1624456973238000,0,1.92000000,335.8000
1624457080528000,0,0.31000000,334.5800
1624457091196000,0,0.53000000,334.7700
1624457328729000,0,0.08700000,333.9900
1624457344096000,0,6.17000000,334.1900
1624457347828000,0,2.40000000,334.5300
1624457376092000,0,1.42000000,334.3000
1624457455390000,0,1.06000000,334.3700
1624457768212000,0,0.53000000,336.0900
1624457768316000,0,0.00237791,336.0900
1624458241611000,1,5.30481608,336.3700
1624458243788000,1,0.18209660,336.2500
1624458323032000,0,3.76541821,337.2400
1624458323032000,0,8.39600121,337.2500
1624458323247000,0,0.53065855,337.2700
1624458472634000,0,1.05858946,337.7200
1624458538499000,1,5.29000000,337.3800
1624458607990000,0,0.52000000,338.3700
1624458611357000,0,0.52000000,338.6200
1624458649951000,1,0.69000000,337.7600
1624458665077000,1,8.30211090,337.2500
1624458829514000,0,0.52000000,338.1800
1624458870455000,0,0.52000000,338.9100
1624459318057000,0,1.42000000,339.0300
1624459691686000,0,1.05000000,338.7100
1624459691948000,0,0.00681046,338.7100
1624459691948000,0,0.67162164,338.8500
1624459691948000,0,1.05618231,338.8800
1624459904436000,0,0.52000000,340.8400
1624459980884000,1,0.37000000,340.8800
1624460318060000,0,0.52000000,339.9700
1624460749461000,1,1.41000000,337.2800
1624460749466000,1,0.00683111,337.2800
1624461107827000,1,1.25177192,335.4400
1624461189266000,1,0.17000000,334.7500
1624461189447000,1,0.00039745,334.7500
1624461219292000,0,8.41000000,333.8600
1624461224474000,0,1.57656404,334.2400
1624461224474000,0,3.93950872,334.2400
1624461247872000,0,5.36000000,333.7200
1624461382176000,1,0.30033124,334.6400
1624461975298000,1,8.45000000,333.4700
1624462556882000,0,5.33000000,335.8400
1624462707376000,1,8.03000000,336.3900
1624462707636000,1,0.00422446,336.3900
1624463287488000,0,8.30000000,332.2300
1624463622344000,0,5.40000000,331.1000
1624464096569000,0,1.63348829,333.2900
1624464245949000,0,1.54000000,332.0600
1624464361632000,0,1.43573066,331.9100
1624464361632000,0,3.58920146,331.9100
1624464438438000,0,0.63000000,334.4600
1624464571696000,0,1.59000000,334.5300
1624464593336000,0,5.34000000,334.9100
1624464593366000,0,0.00864221,334.9100
1624464622978000,0,0.53996219,335.7100
1624464642890000,0,0.50744841,335.8500
1624464642890000,0,4.82255159,335.8600
1624464652925000,0,5.32000000,336.4700
1624465050687000,0,0.41000000,336.0500
1624465917596000,1,0.57201576,335.1200
1624466134713000,0,2.26000000,334.2800
1624466464053000,0,0.14000000,336.4100
1624466464099000,0,0.00319383,336.4100
1624466502764000,1,0.51106443,335.2900
1624466502764000,1,1.26893557,335.2800
1624466503338000,1,0.00867221,335.2800
1624466574500000,0,0.28860000,335.5800
1624468502894000,0,5.34000000,335.5400
1624468593858000,1,0.67439381,334.4600
1624468750985000,1,8.52000000,334.0300
1624468864337000,0,8.03000000,333.7300
1624468864368000,0,0.00250745,333.7300
1624469747025000,0,5.36000000,333.6000
1624469762105000,0,5.36000000,333.6200
1624469762186000,0,0.00819608,333.6200
1624470015500000,0,0.59786690,332.8500
1624470057216000,1,0.60826879,332.6800
1624470057216000,1,1.51173121,332.6800
1624470842165000,0,2.38000000,333.2100
1624471403438000,0,5.41000000,330.5700
1624471431449000,0,2.35294381,330.7100
1624471431523000,0,0.35000000,330.7000
1624471431525000,0,2.00331398,330.7000
1624471558773000,0,0.12000000,330.8200
1624471558866000,0,0.12400000,330.8200
1624471930960000,0,1.83000000,330.2900
1624471931048000,0,0.00446511,330.2900
1624472198476000,1,8.19413522,327.2600
1624472214363000,0,1.47000000,328.0400
1624472261510000,0,8.18513460,329.0500
1624472434719000,0,5.45000000,328.6300
1624472446733000,0,5.44000000,329.2300
1624472499233000,0,0.91528964,329.2000
1624472499692000,0,0.91551197,329.4100
1624472499692000,0,0.91528964,329.4100
1624472499692000,0,6.07919839,329.4300
1624472559188000,0,2.29713918,329.0000
1624472758370000,0,8.11000000,330.0800
1624472825052000,0,5.41000000,331.1200
1624474785413000,0,5.46000000,328.1800
1624474996667000,0,2.25000000,329.8400
1624474997397000,0,0.00060936,329.8400
1624475439358000,1,0.45000000,330.4600
1624475439462000,1,0.00495535,330.4600
1624475448479000,1,2.89706729,330.3000
1624475449970000,1,0.05912382,330.3000
1624475658858000,0,5.41000000,331.1500
1624475784758000,0,0.72970000,331.7800
1624475943064000,1,8.25000000,331.8600
1624476225962000,0,5.44000000,329.2400
1624476665477000,0,5.45000000,328.6600
1624476665591000,0,0.00414514,328.6600
1624477006557000,0,0.41847331,329.0000
1624477006557000,0,2.17152669,329.0200
1624477007013000,0,1.04600599,329.1600
1624477007013000,0,2.17831725,329.2000
1624477007877000,0,0.39000000,329.3500
1624477035472000,0,0.32478170,329.6000
1624477047391000,0,0.72000000,330.2400
1624477047434000,0,0.00982696,330.2400
1624477103597000,1,0.29474228,329.6100
1624478527488000,0,0.17720000,328.3500
1624478820905000,0,1.64000000,326.7700
1624478821015000,0,0.00490787,326.7700
1624478821268000,0,1.64608322,326.8700
1624478821268000,0,1.64615323,326.9800
1624478825631000,0,0.58845268,327.5000
1624478825631000,0,1.64154732,327.5100
1624478825889000,0,0.00162189,327.5100
1624478864727000,0,1.09000000,326.9300
1624478865351000,0,0.22794635,327.1500
1624478865351000,0,0.56986589,327.1500
1624478865351000,0,1.09218776,327.1700
1624478865373000,0,0.00320574,327.1700
1624478866234000,0,0.63688815,327.4000
1624478866812000,0,1.09000000,327.5800
1624478866891000,0,0.00541094,327.5800
1624478868011000,0,0.55924286,327.9300
1624478872991000,0,0.01141312,327.9300
1624478883609000,1,8.15814312,327.3800
1624478894828000,0,0.12128351,327.4900
1624479092489000,1,7.91262240,329.5000
1624479178896000,0,0.54000000,329.0000
1624479658696000,1,4.01828735,330.5700
1624479797045000,1,0.35424592,329.3200
1624479797054000,1,0.00000001,329.3200
1624479797151000,1,0.35424592,329.3300
1624479797175000,1,0.00004518,329.3300
1624479917432000,0,0.84523171,328.8300
1624479917899000,0,0.01724963,328.8300
1624480119338000,0,0.12000000,329.7900
1624480119347000,0,0.97000000,329.7900
1624480119360000,0,7.17628380,329.7900
1624480199687000,0,0.14000000,330.5200
1624480785539000,0,7.96000000,331.2600
1624480841508000,0,0.54000000,331.1600
1624480841554000,0,0.00111706,331.1600
1624481092895000,0,1.07971481,331.8400
1624481190525000,0,5.30000000,330.7200
1624481190934000,0,2.51745386,330.9400
1624481191582000,1,5.40000000,330.6500
1624481192587000,1,0.22168835,330.1800
1624481192587000,1,0.55418732,330.0800
1624481192587000,1,0.55417054,330.0800
1624481194033000,0,5.20000000,330.8500
1624481195106000,1,5.20000000,330.3600
1624481195106000,1,1.75288000,330.2500
1624481356148000,0,1.08000000,330.4600
1624481356148000,0,0.00445170,330.4600
1624481499968000,0,1.08000000,329.3600
1624481500054000,0,0.00800712,329.3600
1624481561714000,0,1.74140000,330.0700
1624481561714000,0,1.94530000,330.0900
1624481885515000,0,0.54000000,329.3600
1624481945257000,0,0.54000000,329.9200
1624482650378000,0,1.01709142,331.6700
1624482650378000,0,1.76945729,331.6900
1624482976699000,0,8.10000000,334.2100
1624482981170000,0,0.53684028,334.6600
1624482986929000,1,1.16070000,334.0400
1624482989475000,1,0.09670000,334.0500
1624482990759000,1,0.09670000,334.0600
1624482991828000,1,0.09670000,334.0700
1624482992919000,1,0.09670000,334.0700
1624482993305000,1,0.09324184,334.0700
1624482993305000,1,0.00345816,334.0700
1624483007737000,1,0.09650000,334.8400
1624483581180000,0,1.08000000,331.4100
1624483615307000,0,0.40915670,331.3500
1624483615307000,0,1.02298439,331.3600
1624483615307000,0,1.02285461,331.3700
1624483615307000,0,0.54063142,331.3800
1624483617940000,0,0.35376736,331.3700
1624483617940000,0,0.54063141,331.3800
1624483619903000,0,0.86448344,331.3700
1624483619903000,0,0.00000001,331.3800
1624483619903000,0,0.54063141,331.3800
1624483624032000,0,0.31840551,331.3700
1624483624032000,0,0.79598011,331.3700
1624483624032000,0,0.00000001,331.3800
1624483624032000,0,0.54063141,331.3800
1624483626689000,0,0.00000001,331.3800
1624483626689000,0,0.54063142,331.3800
1624483627005000,0,0.54063141,331.3800
1624483627096000,0,0.00000001,331.3800
1624483904442000,0,1.74913000,330.7100
1624483904442000,0,0.12176832,330.7100
1624483904442000,0,0.48514352,330.7100
1624483960446000,1,4.49821479,330.2300
1624484040020000,0,0.10558396,329.4200
1624484040321000,0,0.00000001,329.4200
1624484040454000,0,0.53597231,329.4300
1624484040659000,0,0.55245964,329.4300
1624484040701000,0,0.00000001,329.4300
1624484040701000,0,0.10558397,329.4300
1624484433660000,0,0.08679676,330.4300
1624484433660000,0,0.11190778,330.4300
1624484433768000,0,0.10510048,330.4300
1624484433768000,0,0.21702136,330.4400
1624484433780000,0,0.00000001,330.4400
1624484452739000,0,0.06823345,330.7800
1624484452739000,0,0.17058361,330.7800
1624484452782000,0,0.00000001,330.7800
1624484453820000,0,0.06819717,331.1800
1624484453820000,0,0.17049292,331.1800
1624484732515000,0,0.08740000,332.3600
1624486289351000,0,1.20000000,334.5300
1624486505318000,0,7.46000000,334.9500
1624486538285000,0,0.00010748,335.5400
1624486684740000,0,5.36000000,333.9200
1624486777689000,0,0.13000000,333.0700
1624487011953000,0,0.11000000,332.3700
1624487053512000,0,0.13766213,332.4200
1624487090550000,0,0.11000000,333.2900
1624487090612000,0,0.00288796,333.2900
1624487214384000,0,8.08093903,333.8200
1624487214384000,0,5.36707923,333.8300
1624487252814000,0,5.36000000,334.0000
1624487266501000,0,0.00405317,334.0000
1624487266501000,0,5.35594683,334.0200
1624487310935000,0,5.36000000,334.3500
1624487311000000,0,0.00434685,334.3500
1624487642285000,0,5.36000000,333.7400
1624487642771000,0,0.00751819,333.7400
1624487680444000,0,5.35000000,334.5500
1624487909975000,0,2.77000000,334.0500
1624488167476000,0,5.24720744,335.0300
1624488656536000,0,0.61753541,334.1000
1624488656536000,0,1.54246459,334.1000
1624489086817000,0,0.54138537,334.9700
1624489086817000,0,1.34861463,334.9800
1624489087072000,0,0.00512378,334.9800
1624489087072000,0,5.34772788,334.9900
1624489317192000,0,0.49863911,334.8300
1624489317192000,0,5.34136089,334.8400
1624489317198000,0,0.00850025,334.8400
1624490885905000,0,5.32000000,336.7500
1624490899362000,0,0.00166521,336.7500
1624490899362000,0,5.31833479,336.9300
1624490904725000,0,0.00045525,336.9300
1624490904725000,0,0.79445888,337.1100
1624490904725000,0,1.98508587,337.1100
1624490909919000,0,5.31000000,337.1400
1624491244836000,0,5.33000000,336.2400
1624491551479000,0,5.16000000,337.7700
1624491605052000,1,7.79425820,337.5100
1624491762449000,0,8.33000000,338.4800
1624491845125000,0,3.71000000,337.4400
