timestamp ms,type,amount,price
1624320068338000,1,0.31653155,327.4800
1624320069517000,1,0.00000001,327.4800
1624320312666000,1,0.39868844,324.2500
1624320312680000,1,0.00000001,324.2500
1624320779421000,1,0.42589121,322.4800
1624320779421000,1,0.42556979,322.4800
1624320779421000,1,1.02377444,322.4400
1624320788799000,1,0.03827011,322.4400
1624321179702000,1,0.44531222,317.5200
1624321287978000,1,2.42543371,316.7700
1624321386057000,1,0.21657397,315.0000
1624321386174000,1,0.28342603,315.0000
1624321576326000,0,0.11061764,314.2600
1624321576326000,0,1.47660313,314.2600
1624321763772000,1,0.20639907,317.2200
1624322060742000,0,2.06115393,321.2800
1624322104036000,0,7.74673068,322.1400
1624322104059000,0,0.15809654,322.1400
1624322111368000,0,0.54616199,322.6700
1624322111656000,0,0.01114616,322.6700
1624322336037000,0,0.54787165,321.8200
1624322336139000,0,0.01118105,321.8200
1624322990863000,0,0.15091945,325.0100
1624322990863000,0,1.34172940,325.0200
1624322994594000,0,0.15083296,325.0200
1624322994594000,0,0.37726604,325.0700
1624322994594000,0,0.95827899,325.0800
1624322994594000,0,0.30000000,325.0900
1624322994594000,0,0.99189997,325.1000
1624323212488000,0,0.08061468,326.3800
1624323212488000,0,0.20158120,326.3800
1624323212488000,0,0.20179530,326.3900
1624323601187000,1,1.72866699,327.3100
1624323601316000,1,0.61843500,327.3100
1624323601578000,1,0.94353986,327.3100
1624324481096000,0,7.60758283,337.5200
1624324555555000,0,0.46689000,342.4100
1624324563281000,0,3.31640000,342.6200
1624324565405000,1,1.89560000,341.8200
1624324625720000,1,0.52719865,341.3600
1624324639638000,1,2.30592378,341.3600
1624324639963000,1,4.06687756,341.3600
1624324647161000,1,0.00000001,341.3600
1624329014066000,0,0.13734710,333.0100
1624329014070000,0,0.00000001,333.0100
1624329014201000,0,0.35713469,333.0300
1624329172936000,0,0.10953695,334.3600
1624329172960000,0,0.00000001,334.3600
1624329606271000,0,0.13711254,335.0700
1624329606271000,0,0.35643506,335.0700
1624329606402000,0,0.00000001,335.0700
1624329734314000,0,0.09848899,334.5400
1624329734314000,0,0.03333229,334.5400
1624329847736000,0,0.09105335,334.2700
1624329847736000,0,0.01349821,334.2700
1624329848118000,0,0.22307464,334.2700
1624329888745000,1,2.13560073,333.4800
1624330254982000,0,0.08499171,336.6200
1624330254982000,0,0.22097844,336.6200
1624332002488000,0,0.14400000,336.3700
1624332583069000,0,0.11648002,337.3300
1624332583200000,0,0.00000001,337.3300
1624333296892000,0,0.52578858,341.9200
1624333296900000,0,0.00000001,341.9200
1624333319650000,0,0.52593736,341.7400
1624333319658000,0,0.00000001,341.7400
1624333331627000,0,0.52592541,341.7500
1624333336053000,0,0.00000001,341.7500
1624333336053000,0,0.13497746,341.9800
1624333336141000,0,0.39065072,341.9800
1624334523496000,1,0.38630230,338.8100
1624334641081000,0,0.11890089,337.8600
1624334712853000,0,0.11300000,338.1700
1624336192238000,0,0.43290000,335.5300
1624337143294000,0,0.10070000,336.5900
1624338073474000,0,0.70000000,338.5000
1624338827583000,0,0.41149258,335.7500
1624339006921000,0,0.52607490,335.2000
1624339034764000,0,0.52600266,335.2300
1624341485277000,0,0.74878866,330.2300
1624341485277000,0,1.81886805,330.2300
1624341485657000,0,0.05240116,330.2300
1624343849692000,0,1.00669319,331.4900
1624343849692000,0,0.04500681,331.4900
1624343909565000,0,6.52680000,332.2700
1624344044306000,0,0.06800000,331.2700
1624344641147000,0,1.09209093,329.6000
1624344641147000,0,0.32827984,329.7200
1624344641147000,0,1.59770243,329.7400
1624345347598000,0,0.52807724,334.1600
1624345843184000,1,0.34504889,330.6800
1624345843337000,1,2.15495110,330.6800
1624345871737000,1,0.00000001,330.6800
1624347110131000,0,1.05975619,333.3400
1624347157370000,0,0.53083580,332.5900
1624347444195000,0,0.52834180,334.0000
1624347733793000,0,0.54076911,333.4400
1624347742421000,0,0.52908709,333.6000
1624347833280000,0,0.52970059,333.0600
1624347833304000,0,0.01081022,333.0600
1624347896221000,0,0.52931736,333.2900
1624348097817000,0,0.53019591,333.0100
1624348330064000,0,0.10210000,332.2200
1624349193994000,1,0.14540496,325.3000
1624349194402000,1,1.33013708,325.3000
1624350555923000,0,0.10040000,320.1200
1624350570401000,0,1.10406237,320.3900
1624350682054000,0,0.20290778,321.3100
1624350872663000,0,0.56529781,319.1300
1624350873177000,1,0.56493657,319.3000
1624350874473000,1,0.88436561,319.3000
1624350874474000,1,0.00000001,319.3000
1624351027770000,0,0.10100000,318.0100
1624351029369000,0,0.07147818,318.0000
1624351029369000,0,0.46615103,318.0100
1624351029369000,0,1.13442912,318.1300
1624351029526000,1,0.34964167,318.1700
1624351052152000,1,0.34510266,317.3400
1624351067731000,1,0.22401918,317.2300
1624351067736000,1,0.23951158,317.2300
1624351083219000,0,1.14068311,316.7200
1624351083219000,0,0.16895214,316.7800
1624351084383000,1,0.03666475,316.7800
1624351153728000,0,0.18543942,316.7400
1624351156275000,0,0.00378448,316.7400
1624351156836000,0,0.18898999,317.2400
1624351156836000,0,0.55424033,317.2500
1624351298405000,0,0.42532980,318.0300
1624351299182000,0,0.23618000,318.0300
1624351299224000,0,0.45893206,318.0300
1624351902212000,0,0.20772894,316.2600
1624351907794000,0,0.00423937,316.2600
1624351908537000,0,0.08022552,316.4800
1624351908876000,0,1.29761210,316.4800
1624352153132000,0,0.31910052,316.2600
1624352153349000,0,0.00000001,316.2600
1624352486217000,1,7.88470612,318.3800
1624352564151000,1,0.62247490,317.3800
1624353326878000,1,0.70000000,316.2500
1624353429151000,0,7.74931408,315.7100
1624353582212000,0,1.11842976,316.0000
1624353772042000,1,8.32638310,316.0700
1624353783030000,1,0.39910634,315.8100
1624353783030000,1,0.17766178,315.8000
1624354144072000,1,2.42637393,315.2600
1624354940098000,1,0.06774501,311.9600
1624355135040000,1,2.80000000,311.1400
1624355396125000,1,0.60000000,313.4600
1624355479368000,1,2.40000000,313.4800
1624355560492000,1,0.89120708,310.9100
1624355622468000,1,0.26344196,308.8900
1624355629472000,1,0.49951599,308.4300
1624355930285000,1,1.74488263,310.9900
1624356496921000,0,0.44192326,308.8800
1624356496921000,0,0.30000000,308.8800
1624356496921000,0,8.53229886,308.8900
1624356496921000,0,1.10507303,308.9100
1624356496921000,0,0.58451490,308.9200
1624356618028000,1,0.12500000,307.5000
1624357091171000,1,0.09899665,304.9400
1624357093817000,1,0.00202034,304.9400
1624357445919000,0,0.86112100,307.9000
1624357445919000,0,0.28036666,307.9100
1624357633237000,1,3.61877261,308.1700
1624357648722000,0,1.17311479,307.7300
1624357648741000,0,0.00000001,307.7300
1624357886226000,0,0.07256379,310.0000
1624357886226000,0,0.18140362,310.0000
1624357886226000,0,0.47167984,310.0000
1624358295369000,0,0.23618000,312.0300
1624358444594000,0,1.13154813,312.6100
1624358643540000,1,5.55316472,317.8900
1624358643776000,1,0.11332989,317.8900
1624359525890000,1,0.28738679,312.1100
1624360063057000,1,4.73047920,308.2900
1624360063165000,1,0.09654039,308.2900
1624360137706000,1,0.14643351,307.6200
1624360141359000,1,0.59724512,307.6200
1624360142837000,1,0.00000001,307.6200
1624360834595000,0,2.49968060,308.7500
1624360834639000,0,0.05101389,308.7500
1624360887601000,0,0.07880963,307.5500
1624360894106000,0,0.50737571,307.5500
1624361117664000,0,0.57740495,305.9100
1624361117680000,0,0.01178377,305.9100
1624361119593000,0,0.14512293,305.9100
1624361126305000,0,0.11640322,306.0800
1624361126321000,0,0.11640322,306.0800
1624361126333000,0,0.11638480,306.0800
1624361137844000,0,0.58918359,305.8200
1624361137844000,0,0.56561625,305.8300
1624361137869000,0,0.02356734,305.8300
1624361138824000,0,0.57739992,305.8200
1624361140613000,0,0.01178367,305.8200
1624361140613000,0,0.11685192,305.8300
1624361141367000,1,0.47315207,305.5800
1624361142840000,0,0.11376725,305.5800
1624361146395000,1,0.47337809,305.5300
1624361595942000,1,0.92356049,303.0200
1624361744812000,1,0.50156950,302.2800
1624361753936000,0,0.09417745,302.2700
1624361832410000,0,0.59580185,302.1600
1624361832410000,0,0.57196978,302.2200
1624361941106000,0,0.58370367,302.4000
1624361942093000,0,0.01191232,302.4000
1624362009043000,0,0.58249759,303.1100
1624362125011000,0,0.58362225,302.4300
1624362126058000,0,0.58362225,302.5500
1624362126608000,0,0.01191066,302.5500
1624362333736000,0,0.14608776,303.5300
1624362452191000,0,1.15952476,304.1300
1624362452260000,0,0.02366377,304.1300
1624362471050000,0,1.15897545,304.2500
1624362487348000,0,0.57948755,304.6200
1624362487564000,0,0.01182628,304.6200
1624362510066000,0,0.58952198,305.3200
1624362510066000,0,7.78970259,305.3500
1624362884335000,0,0.59715926,301.3800
1624362890625000,0,0.58501262,301.5000
1624362899432000,0,0.58463734,301.7000
1624362899860000,0,0.01193137,301.7000
1624362911728000,0,0.59593982,302.2100
1624363196234000,1,8.46000000,299.9000
1624363196794000,1,8.58787820,299.6700
1624363196794000,1,0.26499383,299.6200
1624363196794000,1,0.25712797,299.5900
1624363197227000,1,5.90000000,299.3000
1624363197227000,1,1.52399855,299.2400
1624363207833000,0,0.11005503,299.8000
1624363265487000,0,1.04000000,298.5600
1624363269030000,0,8.93000000,298.5700
1624363295700000,1,0.30006610,296.8500
1624363406648000,0,0.60802076,296.7900
1624363406648000,0,0.20777924,296.9300
1624363642862000,1,8.64329821,294.3800
1624363967489000,0,8.43000000,295.8300
1624364046937000,0,4.63613840,294.8200
1624364165527000,0,0.77850429,295.2400
1624364236896000,0,0.60000000,298.0800
1624364260387000,0,0.60000000,298.5600
1624364261423000,0,0.60000000,298.8300
1624364282803000,0,3.27000000,299.5200
1624364323873000,0,0.59000000,300.0600
1624364388520000,0,0.59000000,300.5100
1624364449568000,1,8.37687612,299.2500
1624364639274000,1,0.48000000,296.7900
1624364639367000,1,0.00933413,296.7900
1624364639367000,1,0.48933413,296.7800
1624364639367000,1,1.22371427,296.7700
1624364885175000,0,1.24000000,288.5300
1624364890387000,0,1.94000000,289.0800
1624364972799000,0,0.23498192,290.2500
1624364973594000,0,0.87295063,290.3400
1624364976498000,0,5.95829697,290.3400
1624364978249000,0,5.22703553,290.7700
1624365037850000,0,7.82783271,293.2500
1624365055507000,0,0.30006610,296.0500
1624365177322000,1,5.91140188,297.7100
1624365400708000,0,6.18000000,291.3600
1624365400738000,0,0.00226923,291.3600
1624365412031000,0,4.23133250,292.2100
1624365471224000,0,3.08000000,291.6700
1624365604311000,0,1.86000000,289.7900
1624365616929000,0,1.45000000,290.1600
1624365617681000,0,0.00252019,290.1600
1624365617681000,0,3.63108511,290.4000
1624365617681000,0,9.17611919,290.4100
1624365733591000,1,6.21195677,289.2600
1624365742527000,0,6.11769340,290.4300
1624365778559000,0,1.23000000,291.1900
1624365808777000,1,1.03449162,289.5600
1624365813300000,1,0.30679502,288.7500
1624366005075000,0,0.62000000,286.3200
1624366167933000,0,0.25400909,292.0700
1624366168050000,0,1.48739091,292.0700
1624366379145000,0,0.61755428,292.0100
1624366417928000,0,0.30000000,293.2200
1624366575773000,0,0.61000000,293.7900
1624366601486000,0,1.19697114,295.7800
1624366641049000,0,1.21000000,296.2200
1624366679755000,1,0.61132167,297.5600
1624366696078000,0,1.20000000,298.2900
1624366704716000,0,0.60000000,298.7000
1624366704775000,0,0.00385666,298.7000
1624366743368000,1,0.76772864,299.0600
1624366743511000,1,7.52328746,299.0600
1624366804712000,1,1.68971067,295.4600
1624366827867000,0,1.69790866,296.7800
1624366828738000,0,1.41313442,296.7900
1624366830379000,0,1.20112000,296.9400
1624366971419000,0,0.60000000,296.9400
1624367003556000,0,0.60868361,296.3400
1624367003556000,0,8.61131639,296.4000
1624367014792000,0,0.60000000,296.3400
1624367053392000,0,1.21000000,297.2100
1624367098455000,1,0.71000000,297.1100
1624367098490000,1,0.00190195,297.1100
1624367209400000,0,1.21000000,297.7600
1624367244933000,1,8.28000000,297.2200
1624367270311000,0,1.21000000,296.9000
1624367270322000,0,0.00391923,296.9000
1624367296217000,0,1.21465902,296.6700
1624367296217000,0,2.45181647,296.8400
1624367296217000,0,1.21352451,296.8500
1624367302363000,0,0.00057327,296.8500
1624367302363000,0,0.59942673,297.0700
1624367369855000,0,2.39465254,296.3000
1624367464298000,0,8.60000000,293.2200
1624367632954000,0,1.23000000,293.0200
1624367633292000,0,0.00070516,293.0200
1624367645700000,0,1.68000000,293.8100
1624367698904000,0,1.23000000,292.1600
1624367699742000,0,1.20819452,292.3100
1624367700187000,0,0.02465703,292.3100
1624367721462000,0,0.61000000,292.1000
1624367721478000,0,0.00741537,292.1000
1624367772208000,0,1.17359438,294.3400
1624367772208000,0,0.60640562,294.3400
1624367874045000,0,0.61000000,292.1400
1624367874172000,0,0.00633901,292.1400
1624367894327000,0,0.61000000,292.7400
1624368188430000,0,0.62000000,288.9000
1624368205729000,0,0.62000000,289.4400
1624368205732000,0,0.00227302,289.4400
1624368205794000,0,8.48011582,289.4600
1624368308245000,0,0.51948303,289.3000
1624368308245000,0,0.51051697,289.3000
1624368308515000,0,0.78814572,289.3000
1624368387290000,1,1.30937389,289.5000
1624368419850000,0,1.23000000,291.8900
1624368557740000,0,0.61000000,293.2200
1624368761497000,0,0.40305332,291.2900
1624368761497000,0,1.03694668,291.2900
1624368933138000,0,1.03602676,289.8600
1624368951423000,0,0.38000000,290.6400
1624368951656000,0,0.00167699,290.6400
1624368951656000,0,1.24206409,290.6700
1624368977998000,0,0.32000000,291.8300
1624369062047000,0,0.30000000,291.4100
1624369062213000,0,0.00472025,291.4100
1624369209965000,0,0.24191674,288.7700
1624369209983000,0,0.00000001,288.7700
1624369232115000,0,0.17000000,288.6200
1624369232304000,0,0.00645567,288.6200
1624369338772000,0,0.19126668,288.3700
1624369338772000,0,1.53840220,288.3800
1624369457335000,0,0.09443279,288.6800
1624369457335000,0,0.09443606,288.6900
1624369457335000,0,1.53841579,288.6900
1624369457401000,0,0.00000001,288.6900
1624369517393000,0,0.32470457,289.2400
1624369517393000,0,0.81145382,289.2400
1624369637810000,1,0.15000000,285.7300
1624369669177000,0,0.38000000,285.9900
1624369670672000,0,0.00225616,285.9900
1624369670672000,0,0.37774384,286.0000
1624369695073000,0,0.63000000,285.7600
1624369695085000,0,0.00073393,285.7600
1624369711234000,1,0.19010215,285.2300
1624369806659000,0,0.31216115,283.9100
1624369806659000,0,0.61506633,283.9200
1624369855803000,0,0.25543147,284.6700
1624369855803000,0,0.63857867,284.6700
1624369855803000,0,1.65726449,284.6800
1624370152129000,0,0.64342614,279.9400
1624370161839000,0,0.00000001,279.9400
1624370161839000,0,0.64342614,279.9400
1624370162947000,0,0.64342614,280.1200
1624370163006000,0,0.00000001,280.1200
1624370168259000,0,0.64132169,281.2400
1624370168260000,0,0.00000001,281.2400
1624370316109000,0,0.94026746,285.9700
1624370316133000,0,0.32040058,285.9700
1624370362690000,1,8.77260661,285.5500
1624370744312000,1,0.30000000,281.4600
1624370744873000,1,0.20334707,281.4400
1624370973639000,0,0.64089304,284.2200
1624370973639000,0,1.31694238,284.2400
1624370973853000,0,0.28542559,284.2400
1624370987370000,0,0.42007583,285.5900
1624370987370000,0,1.04992417,285.5900
1624370987384000,0,0.00026540,285.5900
1624371002313000,0,0.36881021,285.1300
1624371101419000,0,8.65404577,287.3800
1624371271061000,0,0.31000000,287.5900
1624371271160000,0,0.00389992,287.5900
1624371298168000,0,1.74000000,288.6900
1624371298338000,0,0.62000000,288.7000
1624371298363000,0,0.00395986,288.7000
1624371347655000,0,0.18000000,289.9600
1624371396512000,0,0.21020881,290.3100
1624371410011000,1,0.62135769,289.6600
1624371411632000,1,0.62139591,289.6600
1624371412813000,1,0.62139591,289.6600
1624371416810000,1,0.62143891,289.6600
1624371443866000,1,1.24767582,288.5600
1624371461680000,0,0.62511867,287.9500
1624371461681000,0,0.00000001,287.9500
1624371714502000,0,0.34362191,289.1100
1624371714502000,0,0.85853725,289.1100
1624371722436000,0,0.29000000,289.4400
1624371792363000,0,1.24097752,290.0000
1624371826116000,0,1.23000000,290.0800
1624371830621000,0,0.61000000,290.1800
1624371852375000,0,0.60739587,290.5300
1624372044432000,0,8.24000000,293.8800
1624372074444000,0,0.61000000,293.4200
1624372105077000,1,0.61364024,293.1400
1624372122132000,0,0.13274745,292.8600
1624372122132000,0,0.33176653,292.8600
1624372122132000,0,0.86259298,292.8600
1624372159021000,1,8.09000000,292.9500
1624372381037000,0,1.21000000,294.9900
1624372443329000,0,1.22000000,294.5900
1624372455463000,0,1.22000000,295.1100
1624372760267000,0,0.39763541,294.8400
1624372760267000,0,0.15236459,294.8400
1624372794430000,0,0.60000000,295.4400
1624372797914000,0,0.60000000,295.3900
1624373068190000,0,0.60000000,296.6000
1624373181443000,0,0.60000000,295.3200
1624373269447000,0,0.61033356,294.6100
1624373269447000,0,0.60966644,294.6700
1624373275286000,0,0.59786084,294.7400
1624373295110000,0,0.22000000,295.5100
1624373298566000,0,0.00603586,295.5100
1624373669624000,0,0.59000000,302.0100
1624373669650000,0,0.00608394,302.0100
1624373816064000,0,0.28690271,303.5100
1624373816064000,0,0.11476108,303.5100
1624373861395000,0,0.59070773,304.5700
1624373861395000,0,0.58929227,304.6000
1624373882976000,0,0.59000000,304.3400
1624374086744000,0,0.20286852,301.8600
1624374099888000,1,0.22000000,301.0900
1624374103097000,1,0.00773615,301.0900
1624374103097000,1,0.55655795,300.9700
1624374113815000,1,0.01151621,300.9700
1624374140053000,0,0.52200609,300.9100
1624374152000000,1,0.09301773,299.9700
1624374345995000,0,0.22775271,301.8600
1624374345995000,0,0.07369988,301.8700
1624374346125000,0,0.49567817,301.8700
1624374371323000,1,8.18153753,300.9400
1624374423095000,0,0.20000000,302.1500
1624374423400000,0,0.00644413,302.1500
1624374423400000,0,0.51355587,302.1500
1624374423401000,0,0.00221943,302.1500
1624374498863000,0,0.20000000,303.6400
1624374517840000,1,0.78478195,303.8000
1624374517841000,1,0.00000001,303.8000
1624374566947000,0,0.09108190,304.7700
1624374633745000,0,0.30000000,309.7700
1624374633745000,0,0.57477806,309.7700
1624374645915000,1,7.02000000,306.8200
1624374786800000,1,1.72966888,305.2600
1624374802070000,1,0.63000000,305.4400
1624374817566000,1,0.50000000,305.1200
1624374833940000,1,0.63000000,304.9000
1624374846628000,1,0.00141683,304.9000
1624374846628000,1,0.62858317,304.8900
1624374851299000,1,0.00255240,304.8900
1624374851299000,1,0.62744760,304.5500
1624374898023000,1,0.00351024,304.5500
1624374943832000,1,0.38408397,303.1700
1624374943861000,1,0.00783845,303.1700
1624374997610000,1,0.67000000,303.9700
1624375058666000,0,2.78000000,306.0400
1624375108561000,1,0.80479083,305.6100
1624375108561000,1,2.01281918,305.6100
1624375138210000,0,0.58000000,306.3400
1624375149542000,0,0.58000000,306.4100
1624375195252000,0,0.58000000,306.8600
1624375288337000,0,0.58000000,306.7700
1624375297054000,0,0.58000000,307.0600
1624375517922000,0,0.10319400,307.3800
1624375517928000,0,0.00210600,307.3800
1624375522063000,1,0.50109356,307.6100
1624375522063000,1,0.55140644,307.6100
1624375531907000,1,0.10520000,307.6600
1624375535778000,1,2.10120000,308.1800
1624375561822000,1,0.61927756,308.5900
1624375561822000,1,0.63962244,308.5900
1624375574678000,1,2.09460000,309.1400
1624375592155000,0,8.51000000,312.0000
1624375845949000,1,0.19900000,311.9700
1624375865192000,0,0.30000000,313.7900
1624375865192000,0,8.14407657,313.8200
1624375920140000,0,1.14357177,314.6300
1624375920140000,0,1.14357176,314.8100
1624375922964000,0,0.00000001,314.8100
1624375922964000,0,1.14357176,314.8100
1624375923109000,0,0.00000001,314.8100
1624376100378000,1,1.04000000,316.2300
1624376202118000,1,1.63000000,313.9600
1624376209840000,0,0.31655637,314.3200
1624376237974000,0,0.57000000,313.5900
1624376486363000,0,0.57000000,314.3500
1624376486390000,0,0.00233917,314.3500
1624376544477000,1,0.19000000,311.4800
1624376549129000,0,0.19963589,311.7800
1624376550728000,0,1.13868751,311.7800
1624376553937000,1,0.00982796,311.4800
1624376558066000,0,0.19976973,311.5100
1624376563781000,0,0.66247825,311.5000
1624376563781000,0,1.64752175,311.5000
1624376563812000,0,0.00781222,311.5000
1624376586588000,0,0.17334135,311.4900
1624376711350000,0,0.84000000,312.9300
1624376711471000,0,0.00106427,312.9300
1624376711471000,0,0.84103187,312.9400
1624376711471000,0,2.10290129,312.9600
1624376798866000,1,0.53330458,310.2200
1624376798979000,1,0.03483874,310.2200
1624376798979000,1,1.24169419,310.2200
1624376799034000,1,0.17866411,310.2200
1624376799034000,1,0.76285903,310.2100
1624376799105000,1,1.23857501,310.1900
1624376869004000,1,8.27000000,309.6700
1624376924261000,1,8.55000000,310.2500
1624376924275000,1,0.00484094,310.2500
1624377059668000,1,0.30000000,314.0800
1624377059845000,1,0.79405141,313.9600
1624377059975000,1,0.00000001,313.9600
1624377059975000,1,0.79358155,313.9500
1624377059975000,1,0.92999998,313.9300
1624377059977000,1,0.00000002,313.9300
1624377060076000,1,1.98395385,313.8100
1624377060144000,1,0.00000001,313.8100
1624377271382000,1,0.85659992,313.4100
1624377353990000,0,1.15034678,312.7100
1624377353990000,0,0.43665322,312.7100
1624377500951000,1,5.74000000,312.3500
1624377635581000,0,13.00000000,312.0000
1624377654291000,0,0.07210678,313.3200
1624377781342000,0,7.94000000,319.5400
1624377962730000,1,8.47165073,320.1100
1624378544616000,0,2.68000000,318.5700
1624378544936000,0,0.00586546,318.5700
1624378556551000,1,1.22370631,317.5800
1624378615471000,0,2.66000000,316.5800
1624378754240000,0,0.17562879,319.8000
1624378780639000,1,8.03820964,321.0200
1624378867258000,1,5.57485577,321.7100
1624378867258000,1,5.57335469,321.4100
1624378867258000,1,4.11812292,321.3500
1624378867258000,1,1.12469977,321.3400
1624378924796000,0,8.52000000,321.5800
1624379094607000,1,0.50000000,320.0000
1624379098312000,1,0.00075000,320.0000
1624379120279000,0,1.94000000,319.4400
1624379120344000,0,0.00957549,319.4400
1624379444605000,1,0.44342192,317.5300
1624380947445000,0,1.12000000,319.5300
1624381170438000,0,1.12000000,320.0300
1624381209975000,0,1.12000000,319.4800
1624381210445000,0,1.12000000,319.6300
1624381251830000,0,1.71295648,320.5800
1624381251830000,0,0.67704352,320.5800
1624381656256000,0,0.56000000,316.8600
1624381656335000,0,0.00695684,316.8600
1624382161888000,1,0.64774081,316.7900
1624382161913000,1,0.00000001,316.7900
1624382241826000,0,0.56787913,316.2700
1624382246101000,0,0.00000001,316.2700
1624382246101000,0,0.56787913,316.2700
1624382522034000,0,0.06507384,316.2900
1624382522034000,0,0.15492616,316.2900
1624382678252000,0,0.56585156,317.1700
1624382678252000,0,0.56623139,317.4000
1624382678252000,0,0.56609399,317.4800
1624382678252000,0,0.74452306,317.7700
1624383303478000,0,1.12621089,318.9600
1624383349818000,0,0.56000000,319.5400
1624383349899000,0,0.00184830,319.5400
1624383350039000,0,0.56000000,319.6500
1624383409214000,0,0.09070000,320.3400
1624383568488000,0,0.56000000,319.3400
1624383568611000,0,0.00201758,319.3400
1624383910433000,0,0.56000000,317.6000
1624384203888000,0,8.12000000,317.4300
1624384203996000,0,0.00639856,317.4300
1624384273821000,0,0.12000000,318.9500
1624384273938000,0,0.00059840,318.9500
1624384426843000,0,0.56000000,319.6200
1624384426894000,0,0.00201608,319.6200
1624384460176000,0,0.45839827,320.4300
1624384460176000,0,0.18335931,320.4300
1624384460176000,0,0.45869070,320.4300
1624384460176000,0,0.55955172,320.4400
1624384488363000,0,8.68000000,321.6300
1624384488580000,0,0.55858016,321.7100
1624384488580000,0,0.55141984,321.7600
1624384488586000,0,0.00743998,321.7600
1624384515192000,1,8.24000000,321.7700
1624384515328000,1,0.00712812,321.7700
1624384719834000,0,0.55000000,321.2400
1624384719954000,0,0.00900090,321.2400
1624384720093000,0,0.55900090,321.3700
1624384720300000,0,0.54782088,321.2400
1624384880526000,0,1.12000000,319.7500
1624384880664000,0,0.00392099,319.7500
1624384880906000,0,1.12000000,319.7500
1624384988820000,0,1.12000000,318.7100
1624385036810000,1,0.56387844,318.3500
1624385038824000,1,0.56387844,318.3500
1624385104557000,1,0.31000000,317.5700
1624385126538000,0,0.71910082,317.4300
1624385126538000,0,0.56089918,317.4400
1624385142989000,1,1.19671427,317.0800
1624385142989000,1,2.99185160,317.0800
1624385149894000,1,0.32149739,316.1900
1624385149894000,1,0.80374347,316.1800
1624385149949000,1,0.00000001,316.1800
1624385156508000,0,8.26400811,317.1600
1624385156508000,0,0.82128729,317.1700
1624385156508000,0,0.82046671,317.1700
1624385156508000,0,2.05116453,317.1700
1624385156508000,0,0.56307336,317.1800
1624385266186000,1,5.09000000,317.3100
1624385267117000,1,0.00407869,317.3100
1624385643356000,0,0.17747670,319.6600
1624385643356000,0,0.44358021,319.6600
1624385643356000,0,1.14894309,319.6600
1624385815731000,1,7.94000000,321.3500
1624385840386000,0,0.14632965,321.8300
1624385840411000,0,0.00000001,321.8300
1624385840697000,0,0.14636053,321.9400
1624385840697000,0,0.36588995,321.9400
1624385882415000,0,0.13000000,321.1400
1624385882469000,0,0.00139671,321.1400
1624385961872000,0,0.56000000,320.7700
1624386233355000,1,0.34000000,318.6900
1624386233470000,1,0.00533269,318.6900
1624386233470000,1,8.27166921,318.6800
1624386234875000,1,0.34533269,318.1100
1624386251507000,0,0.67941504,318.7300
1624386251507000,0,1.69856961,318.7300
1624386252112000,0,1.69827094,318.7400
1624386252112000,0,0.67172906,318.7400
1624386319419000,0,0.20000000,320.7000
1624386343096000,0,7.95000000,320.6400
1624386469902000,0,8.38462908,321.2500
1624386469902000,0,5.58537092,321.2600
1624386470327000,0,5.59000000,321.4200
1624386470392000,0,0.00023326,321.4200
1624386617387000,1,8.20371566,320.2700
1624386642380000,0,1.52358450,320.9200
1624386642380000,0,0.60641550,320.9200
1624386659269000,0,0.30100000,321.7300
1624386907705000,1,8.65787200,323.1900
1624386984066000,0,1.69056533,322.7100
1624386984066000,0,4.22627337,322.7100
1624387120622000,0,0.31000000,324.5500
1624387120693000,0,0.79593093,324.5500
1624388547750000,0,1.12000000,320.1300
1624388548028000,0,0.00121138,320.1300
1624388580556000,1,0.56135570,319.5200
1624388608905000,0,0.56000000,319.9700
1624388609036000,0,0.00051263,319.9700
1624388623739000,0,0.56000000,320.0700
1624388623902000,0,0.00047096,320.0700
1624388625810000,0,0.56000000,320.2300
1624388658534000,0,0.56000000,320.0300
1624388686221000,0,0.00044192,320.0300
1624388686221000,0,0.55955808,320.1000
1624388688816000,0,0.56000000,320.2600
1624388708755000,0,0.00004856,320.2600
1624388708755000,0,0.54995144,320.3300
1624388739419000,0,0.24180000,320.4300
1624389306912000,0,0.09100000,319.4200
1624389827373000,0,0.30670000,315.7800
1624389842766000,0,0.56000000,315.3000
1624389876510000,0,1.19122050,315.9500
1624389876510000,0,6.98877950,315.9500
1624389941352000,0,1.11023636,316.2600
1624389941352000,0,2.76976364,316.2600
1624390077506000,0,0.56000000,317.2300
1624390077556000,0,0.00543581,317.2300
1624390142897000,0,0.56000000,316.6100
1624390203124000,0,0.56000000,316.6300
1624390203235000,0,0.00684495,316.6300
1624390256799000,0,0.56000000,318.2900
1624390452687000,1,8.50000000,317.2600
1624391163791000,0,0.56000000,317.2600
1624391167494000,0,0.56000000,317.4900
1624391231264000,0,8.40000000,317.2800
1624391319385000,0,0.44000000,318.2100
1624391319409000,0,0.00809093,318.2100
1624391404103000,0,0.56000000,316.9100
1624391482835000,1,0.56487623,317.4000
1624391482838000,1,0.35189693,317.4000
1624391557735000,0,0.56349454,318.2900
1624391564013000,0,0.55220419,318.2000
1624391780839000,1,4.79000000,315.7200
1624392010978000,1,5.50000000,314.8400
1624392049407000,0,1.04999362,315.5000
1624392049407000,0,5.49998467,315.5000
1624393009920000,0,1.12000000,319.0000
1624393137367000,0,8.09000000,318.6600
1624393463612000,1,0.56445928,317.7500
1624393478569000,1,0.56438016,317.7600
1624393479810000,1,0.56438016,317.7600
1624393495926000,1,0.56476412,317.7500
1624393497116000,1,0.56478816,317.7500
1624393497130000,1,0.56476412,317.7500
1624393663396000,1,8.43000000,321.4200
1624394016478000,0,0.56000000,318.3500
1624394118680000,0,5.50000000,317.9400
1624394536024000,0,1.11000000,320.5800
1624394562376000,1,0.55999528,320.4600
1624394563809000,1,0.55999528,320.4600
1624394565294000,1,0.56000293,320.4600
1624394619144000,1,1.11935227,320.4600
1624394620812000,1,1.11982144,320.4600
1624394622108000,1,1.11982144,320.4600
1624394622108000,1,0.36101136,320.4600
1624395676379000,1,0.78528310,323.1800
1624395676379000,1,1.96321042,323.1800
1624395815039000,1,0.56813571,321.4200
1624396323150000,0,8.07644985,319.3200
1624396333142000,0,0.08500000,319.1700
1624396355655000,0,0.06900000,318.8200
1624396527574000,0,1.42211929,318.7800
1624396527574000,0,3.55519790,318.7800
1624396527574000,0,8.18484157,318.8000
1624396527574000,0,5.62784124,318.8200
1624396576497000,0,5.62000000,318.7900
1624397817826000,0,1.58958020,314.1300
1624397817874000,0,0.00000001,314.1300
1624397867741000,0,0.46098980,313.8700
1624397867799000,0,2.28304938,313.8700
1624397943632000,1,0.49616171,314.7500
1624398099735000,0,4.73929369,314.1100
1624398099792000,0,0.31449760,314.1100
1624398099815000,0,0.54620871,314.1100
1624398193149000,0,1.92954298,313.8400
1624398193149000,0,4.79885480,313.8500
1624398193149000,0,10.54160222,313.8700
1624398208274000,0,0.08800000,313.2900
1624398210690000,0,0.07900000,313.0700
1624398255082000,0,0.15460000,312.9000
1624398586530000,0,2.31000000,314.4900
1624398971735000,0,0.46763497,314.1300
1624399535748000,0,5.65000000,316.9100
1624399882993000,0,5.62000000,318.7800
1624399907138000,0,7.92512405,319.3700
1624400189532000,0,4.47000000,320.4200
1624400189662000,0,0.00747996,320.4200
1624400311592000,1,0.55523236,318.0900
1624400311592000,1,1.03198841,318.0800
1624400479843000,0,1.12000000,318.8800
1624400562011000,0,0.10376437,319.6800
1624400562161000,0,0.00211764,319.6800
1624400707726000,1,8.60611069,318.2100
1624400792100000,0,0.56000000,317.1300
1624400805422000,0,1.13000000,316.8400
1624400809361000,0,0.56000000,317.0200
1624400809468000,0,0.00585509,317.0200
1624400859929000,0,0.15000000,316.4200
1624400859956000,0,0.98349101,316.4200
1624400929303000,1,0.33256174,314.7200
1624400964589000,0,0.57000000,314.4600
1624401018234000,0,2.61000000,315.6300
1624401018290000,0,5.52941428,315.6300
1624401109064000,0,0.91000000,316.0300
1624401452429000,0,0.09200000,315.6900
1624401634889000,0,0.79000000,313.9600
1624401635921000,0,0.00916938,313.9600
1624402508730000,0,1.14000000,312.4700
1624402702351000,0,2.10184510,315.5900
1624402702351000,0,0.84074938,315.5900
1624402702351000,0,4.33740552,315.6800
1624402791629000,0,1.16000000,316.3300
1624402792360000,0,0.00245674,316.3300
1624402855621000,0,0.56516543,317.8400
1624402855621000,0,0.00483457,317.9700
1624402859224000,0,0.56479360,318.0900
1624403144485000,0,0.81000000,314.4900
1624403144557000,0,0.33075143,314.4900
1624403331605000,0,11.30000000,313.9900
1624404463808000,1,1.13794982,315.3700
1624404464048000,1,0.20197752,315.3700
1624404541169000,0,0.57000000,314.6600
1624404715495000,0,0.56000000,314.8800
1624404843531000,0,0.57000000,313.3500
1624404843571000,0,0.00249091,313.3500
1624404871640000,1,0.57296249,313.2600
1624404873295000,1,0.57296249,313.2600
1624404874811000,1,0.06877298,313.2600
1624404876842000,1,0.57345815,313.0700
1624404892818000,1,0.57326009,313.0700
1624404896801000,1,0.57343573,313.0700
1624405657248000,0,17.60000000,315.2200
