timestamp ms,type,amount,price
1626998468023000,0,2.26116751,321.4300
1626998804256000,1,4.82000000,320.7700
1626998804547000,1,3.82000000,320.7700
1626998804559000,1,0.00075194,320.7700
1626999505237000,0,8.31000000,320.0500
1626999805795000,0,8.54000000,321.3700
1627000029225000,1,7.93000000,321.1200
1627000029291000,1,0.00973684,321.1200
1627002119392000,1,8.66268368,323.1200
1627002119392000,1,5.32876778,323.1100
1627004283234000,0,5.60000000,325.3700
1627004357250000,0,0.70000000,325.6800
1627004874849000,1,5.45909576,325.7100
1627004875447000,1,0.10918192,325.7100
1627004877375000,1,0.00222820,325.7100
1627004877375000,1,5.45905120,325.7100
1627004878308000,1,0.10922559,325.7100
1627004879730000,1,0.00222909,325.7100
1627005774235000,1,5.48550351,324.2100
1627006040681000,0,8.43620056,326.0900
1627006300198000,1,5.55000000,326.5000
1627006300256000,1,0.00962947,326.5000
1627006309378000,1,5.56000000,326.3800
1627006309420000,1,0.00084935,326.3800
1627006710136000,1,1.80651000,325.1500
1627006710136000,1,5.57597142,325.1400
1627006710136000,1,5.58203486,325.0300
1627006710507000,1,5.58000000,324.7800
1627006710929000,1,0.00259508,324.7800
1627006710929000,1,0.82000000,323.9200
1627006710929000,1,0.26000000,323.9200
1627006710929000,1,2.60000000,323.9100
1627006922324000,1,5.58000000,324.8100
1627006922504000,1,0.00949844,324.8100
1627006922611000,1,5.58586021,324.6800
1627006922611000,1,5.58791899,324.5300
1627006922611000,1,0.75427081,324.3700
1627006922611000,1,0.30173432,324.3700
1627006922611000,1,9.40000000,324.3600
1627006923095000,1,5.58000000,324.8100
1627006923110000,1,0.00949844,324.8100
1627007007455000,0,0.98000000,325.0300
1627007007457000,0,0.98000000,325.0300
1627007024275000,0,5.59000000,324.9100
1627007025727000,0,0.00443981,324.9100
1627007025727000,0,5.58556019,324.9100
1627007036494000,1,5.59342797,324.5300
1627007036494000,1,8.38863703,324.4300
1627007036494000,1,5.59134215,324.4100
1627007036494000,1,5.59324694,324.2000
1627007036494000,1,15.00000000,324.0500
1627007036494000,1,1.81334591,323.8400
1627007051183000,0,8.11000000,324.8800
1627007051213000,0,0.00626168,324.8800
1627007051224000,0,5.59544021,324.8900
1627007056172000,0,0.15000000,325.0300
1627007056331000,0,3.48304667,325.0300
1627007059735000,0,4.64000000,325.1700
1627007059750000,0,0.95112737,325.1700
1627007060979000,0,5.59000000,325.1700
1627007068881000,0,8.42000000,325.1600
1627007068913000,0,0.00477978,325.1600
1627007068913000,0,0.00112737,325.1700
1627007068913000,0,5.59112737,325.1700
1627007069427000,0,1.36000000,325.1700
1627007069453000,0,2.41000000,325.1700
1627007076186000,0,1.82000000,325.1700
1627007076211000,0,0.00112737,325.1700
1627007077588000,0,5.59000000,325.1700
1627007160650000,0,5.59000000,324.6900
1627007160654000,0,0.00994724,324.6900
1627007162707000,0,5.59000000,324.6900
1627007162888000,0,0.00994724,324.6900
1627007165676000,0,5.59000000,324.6900
1627007165719000,0,0.00994724,324.6900
1627007166138000,0,5.59000000,324.6900
1627007166185000,0,0.00994724,324.6900
1627007169038000,0,5.59000000,324.6900
1627007169083000,0,0.00994724,324.6900
1627007169469000,0,5.59000000,324.6900
1627007247842000,0,5.59000000,324.8400
1627007739964000,0,5.60438318,324.4100
1627007739964000,0,5.50000000,324.4200
1627007739964000,0,0.00804096,324.5100
1627007745168000,0,5.60438318,324.4100
1627007745168000,0,8.68731304,324.5100
1627007745168000,0,5.59830378,324.5200
1627007745440000,0,0.00495169,324.5200
1627007954500000,0,0.00112737,325.1700
1627007954500000,0,0.20577180,325.2400
1627007954948000,0,0.20577180,325.2400
1627008050616000,0,1.47178794,325.2500
1627008080015000,1,8.10677302,324.8200
1627019068429000,1,7.94000000,323.8700
1627021445052000,0,0.57637000,322.4100
1627023693424000,0,0.06900000,322.8500
1627023941962000,0,2.38000000,322.5000
1627023941972000,0,3.26325763,322.5000
1627024624682000,0,0.27700000,321.2800
1627024636386000,0,8.52000000,321.2800
1627025498154000,1,8.41000000,320.5300
1627027199100000,0,13.10000000,322.4300
1627027303698000,1,4.24286207,322.2400
1627028640752000,0,5.68615971,320.4000
1627028684971000,0,5.68000000,320.5300
1627028685007000,0,0.00417651,320.5300
1627029615332000,0,2.03000000,320.5600
1627030516614000,1,5.60000000,320.3900
1627030772522000,0,0.62460000,319.4100
1627030824347000,1,0.13000000,318.2500
1627030824382000,1,6.17000000,318.2500
1627030824398000,1,1.99352847,318.2500
1627030858303000,0,1.74000000,318.5000
1627031129149000,0,0.14000000,320.0200
1627031129867000,0,8.69000000,320.1300
1627031131230000,0,0.09451606,320.1200
1627031152288000,0,8.79000000,320.5300
1627031369796000,1,2.93000000,320.3300
1627031370019000,1,4.32868263,320.3300
1627033560498000,0,0.07757571,320.5900
1627033913781000,0,0.22010000,320.0400
1627034983215000,0,0.10430000,320.0200
1627036909089000,0,8.17000000,320.6400
1627036953528000,1,8.05000000,320.2700
1627038122711000,0,0.70120000,321.3500
1627040799143000,0,3.06000000,321.7700
1627040799158000,0,2.60369299,321.7700
1627040876805000,0,5.66000000,321.7900
1627040876812000,0,0.00380789,321.7900
1627041075296000,0,4.53000000,321.3000
1627042852979000,0,0.10006569,320.5300
1627042917801000,0,0.07709143,320.6700
1627042949169000,1,2.12000000,320.5300
1627045172562000,0,3.95126169,321.9800
1627046804993000,0,8.50909030,323.0900
1627047262382000,0,2.24000000,323.8100
1627047970189000,0,0.56199445,323.6100
1627047971190000,0,0.26000000,323.7600
1627048124261000,1,8.60000000,324.1800
1627049236549000,1,5.49780000,323.1900
1627049334613000,1,5.62000000,323.0600
1627049672895000,1,2.89000000,322.9500
1627049673061000,1,2.73000000,322.9500
1627049673694000,1,5.62000000,322.8400
1627049673826000,1,0.00815734,322.8400
1627049674792000,1,5.62000000,322.8400
1627053221370000,0,0.09329000,320.4300
1627054075154000,1,5.66917744,320.4300
1627054339234000,1,5.68058955,319.6500
1627057196107000,0,0.62010000,315.3800
1627057251856000,1,5.60000000,314.6300
1627057251856000,1,1.80627067,314.6100
1627058083646000,1,5.60000000,314.2800
1627058083646000,1,0.64781900,314.1900
1627058125734000,0,5.77945323,314.7500
1627058125734000,0,0.39675010,314.7500
1627058665575000,0,0.85840000,314.8700
1627059317538000,1,0.11118637,314.6800
1627060384767000,1,1.80000000,313.9400
1627060385016000,1,3.98000000,313.9400
1627060519799000,0,5.78000000,314.1100
1627062443170000,0,5.78000000,314.3100
1627062443267000,0,0.00447103,314.3100
1627064724068000,0,0.10978527,316.7300
1627065906145000,0,0.26000000,316.4100
1627067661613000,0,1.14000000,317.0600
1627067688810000,0,0.26000000,317.1400
1627067731505000,0,0.26000000,317.4000
1627068170867000,1,2.09000000,316.3200
1627068171011000,1,6.09000000,316.3200
1627068322114000,0,8.55000000,317.0600
1627068322160000,0,0.00382526,317.0600
1627070541577000,1,2.73000000,317.5900
1627071104058000,0,1.14000000,319.0800
1627071154139000,0,0.00086647,319.0800
1627071154139000,0,0.56913353,319.1400
1627071154212000,0,0.00122027,319.1400
1627071154212000,0,8.46519988,319.1700
1627071211903000,0,0.57000000,319.4400
1627071242709000,1,2.16000000,319.2000
1627071244843000,1,6.54000000,319.2000
1627071244964000,1,0.00053845,319.2000
1627073845353000,0,0.50179155,320.9500
1627074746784000,0,0.69000000,320.9000
1627074748870000,0,0.44000000,320.9000
1627074748927000,0,0.00453852,320.9000
1627074749920000,0,1.13000000,320.9000
1627076942463000,0,5.16000000,321.8700
1627080067679000,0,1.11000000,326.4300
1627080068056000,0,1.11000000,326.5700
1627080076333000,1,8.17000000,326.1300
1627080127946000,1,3.03000000,326.1200
1627080127952000,1,2.32000000,326.1200
1627080128203000,1,0.21000000,326.1200
1627080338294000,1,5.56000000,326.3700
1627080370267000,1,5.56000000,326.4300
1627080385688000,1,5.56000000,326.4300
1627080407791000,0,0.75000000,326.6200
1627080408850000,0,0.19000000,326.8700
1627080408900000,0,11.31000000,326.8700
1627080792259000,0,1.11394541,326.8300
1627080993723000,0,9.20000000,328.2100
1627081032970000,0,8.66000000,328.4800
1627081033055000,0,0.00450113,328.4800
1627081119372000,1,8.43000000,327.5300
1627081695385000,0,6.51000000,328.0400
1627081695639000,0,2.27000000,328.0400
1627081695681000,0,0.00493033,328.0400
1627082026710000,0,0.55000000,328.8400
1627082026817000,0,0.00355586,328.8400
1627082599169000,1,8.53000000,329.9600
1627082666545000,1,8.28000000,329.4900
1627082875408000,0,8.48000000,329.5100
1627082875447000,0,0.00507905,329.5100
1627083201102000,0,8.06000000,330.0500
1627083201104000,0,0.00869936,330.0500
1627083360066000,0,1.10000000,330.9300
1627083360117000,0,0.00023859,330.9300
1627083649268000,1,8.27000000,331.0200
1627083981102000,0,1.09000000,331.2400
1627084583311000,0,0.54000000,331.5300
1627084583349000,0,0.00901405,331.5300
1627084663569000,0,0.55000000,330.8700
1627084663595000,0,0.00024165,330.8700
1627084679351000,0,0.54000000,331.0500
1627084679426000,0,0.00998142,331.0500
1627084836299000,0,8.70211028,331.6100
1627084893384000,1,0.25000000,330.6500
1627084893474000,1,7.90618416,330.6500
1627084917746000,1,0.85508475,329.9500
1627085206498000,1,8.82000000,330.3700
1627087016667000,0,8.60000000,333.3600
1627087016716000,0,0.00170560,333.3600
1627087016716000,0,5.45814307,333.4000
1627088113614000,1,5.40000000,332.0600
1627088113892000,1,0.85000000,331.9500
1627088113904000,1,0.00889084,331.9500
1627088113904000,1,2.14692163,331.8600
1627088133013000,1,8.12000000,330.9800
1627088386517000,0,0.26000000,331.8500
1627088386572000,0,0.26000000,331.8500
1627088387099000,0,2.39000000,331.8500
1627089534210000,0,0.07155351,331.1600
1627089534210000,0,8.25844649,331.2200
1627089915422000,1,2.59000000,330.4000
1627089915436000,1,6.05344390,330.4000
1627090664119000,0,5.48000000,331.5900
1627090664161000,0,0.00853583,331.5900
1627091506758000,1,3.53000000,332.3100
1627091506815000,1,1.93995973,332.3100
1627091523768000,1,3.83000000,332.1800
1627091523801000,1,1.64212140,332.1800
1627091524044000,1,4.65000000,332.1800
1627091524387000,1,0.82000000,332.1800
1627091524462000,1,0.00212140,332.1800
1627091885973000,1,5.46000000,332.6400
1627093659717000,0,8.26389124,333.4500
1627093659717000,0,5.45847026,333.5900
1627099027734000,0,3.69000000,334.4000
1627101212863000,1,8.09000000,333.8600
1627102087485000,0,8.17000000,334.6600
1627103060000000,1,8.03000000,333.2100
1627103879299000,0,2.63000000,333.0000
1627103879330000,0,4.68000000,333.0000
1627104121767000,1,7.81000000,332.7900
1627104610856000,0,8.10000000,333.1700
1627106886139000,0,5.45487592,333.9000
1627106886139000,0,1.76330000,334.0100
1627106886139000,0,13.60000000,334.0200
1627106886139000,0,5.17971454,334.0900
1627106886393000,0,0.27056919,334.0900
1627106886393000,0,0.26000000,334.1400
1627106886398000,0,5.44906673,334.2000
1627106980478000,0,1.76000000,334.1700
1627106980546000,0,0.26000000,334.1800
1627106980599000,0,5.45138515,334.2100
1627108199561000,0,5.45000000,333.9800
1627108199695000,0,0.00449021,333.9800
1627108199695000,0,12.50000000,334.0600
1627108393547000,1,2.77000000,333.9800
1627108393615000,1,2.77000000,333.9800
1627108393672000,1,2.77000000,333.9800
1627108759462000,0,1.82000000,334.4300
1627108766176000,0,2.65000000,334.4300
1627109352850000,0,5.44000000,334.9000
1627109693737000,0,8.44000000,334.8300
1627109693899000,0,4.35041466,334.8400
1627109694214000,0,0.25000000,334.8400
1627109694416000,0,4.10000000,334.8400
1627109776585000,0,2.17000000,334.6600
1627110104376000,1,0.63000000,334.4700
1627110118668000,1,0.00538572,334.4700
1627110118668000,1,7.93461428,334.3100
1627114132569000,0,1.09000000,332.3100
1627114614295000,0,0.54000000,331.8000
1627114687905000,0,5.47000000,332.3800
1627114688108000,0,0.00880910,332.3800
1627115009372000,0,5.47000000,332.8000
1627115009494000,0,0.00242079,332.8000
1627115443800000,0,0.56000000,332.5200
1627115443815000,0,3.27296109,332.5200
1627116033673000,1,0.80000000,331.5500
1627116033789000,1,5.13000000,331.5400
1627116033791000,1,2.95970258,331.5400
1627116033791000,1,2.00602908,331.4900
1627116082552000,0,7.97000000,331.7100
1627116083111000,0,3.84305070,331.7200
1627116093564000,0,3.29000000,331.8500
1627116093604000,0,0.00376462,331.8500
1627116470747000,1,0.76239141,331.2600
1627116470747000,1,1.90597996,331.2500
1627116529088000,0,1.64000000,331.3700
1627116598483000,0,0.41000000,331.6100
1627116598566000,0,0.68893878,331.6100
1627116598566000,0,0.26000000,331.6900
1627116598566000,0,10.80000000,331.7200
1627117258959000,0,0.54000000,332.0300
1627117258983000,0,0.00838433,332.0300
1627117289796000,0,0.54000000,332.1200
1627117289866000,0,0.00815002,332.1200
1627117290753000,0,0.53718702,332.1200
1627117305168000,0,0.54000000,332.2300
1627124157153000,0,1.00000000,332.6600
1627124163704000,0,5.36324390,332.7100
1627124164725000,0,0.10945396,332.7100
1627124185590000,0,3.75410869,332.8100
1627124186884000,0,0.07508217,332.8100
1627124188214000,0,0.00153229,332.8100
1627124188214000,0,3.75407804,332.8100
1627124189477000,0,0.07664511,332.8100
1627124189477000,0,2.25022559,332.9500
1627124190673000,0,6.25297278,332.9500
1627124190673000,0,3.62904923,332.9500
1627124194389000,0,2.14456368,332.9500
1627124208371000,0,1.09406366,332.9900
1627124208371000,0,14.67811873,333.0400
1627124223369000,0,1.09406366,332.9900
1627124223369000,0,9.58414781,333.0400
1627124286560000,0,1.07416090,332.4600
1627124408992000,0,1.07471468,332.2400
1627124451922000,0,0.54874402,332.0300
1627124451922000,0,0.52679426,332.1700
1627124486397000,0,9.70200000,332.1600
1627124487640000,0,0.19800000,332.1600
1627124492891000,0,0.53753721,332.1900
1627124494074000,0,0.54850736,332.3300
1627124494074000,0,9.00502985,332.3300
1627124495035000,0,0.19497015,332.3300
1627124495035000,0,0.53363781,332.3300
1627124558492000,0,0.53753721,332.5400
1627124972081000,1,8.46000000,332.6700
1627124972154000,1,0.00488122,332.6700
1627125385629000,1,1.76000000,333.9700
1627125385651000,1,0.00084000,333.9700
1627125401208000,1,0.44000000,333.7000
1627126024814000,0,0.08740000,332.4500
1627126874732000,0,10.00000000,332.2800
1627128384219000,0,0.54000000,331.4900
1627128384275000,0,0.00950120,331.4900
1627128435086000,0,0.54000000,331.5900
1627128435086000,0,0.00950120,331.5900
1627128437127000,0,0.54000000,331.5900
1627128437795000,0,0.00950120,331.5900
1627128535538000,0,0.54000000,331.7000
1627130423548000,0,1.09000000,331.9500
1627130423549000,0,0.00687893,331.9500
1627130472012000,0,1.09000000,332.0900
1627130472069000,0,0.00687893,332.0900
1627130655558000,0,0.54000000,332.3800
1627130655676000,0,0.00798886,332.3800
1627130674309000,0,0.54000000,332.4600
1627130674318000,0,0.00764544,332.4600
1627130731060000,0,0.54000000,332.9200
1627130731244000,0,0.00746097,332.9200
1627131058029000,1,8.58000000,332.3700
1627132685753000,0,0.84000000,333.0200
1627132763909000,0,0.54000000,333.5600
1627134143548000,0,0.08710000,333.5900
1627137871188000,0,1.09000000,333.1000
1627137871303000,0,0.00415006,333.1000
1627138028171000,0,6.18000000,333.5900
1627140625975000,0,1.57200000,332.6800
1627140937664000,0,0.65000000,332.5000
1627140937688000,0,0.65000000,332.5000
1627140937696000,0,0.65000000,332.5000
1627141025634000,0,0.30000000,332.3000
1627141288873000,0,5.49000000,331.4900
1627141289424000,0,0.00350714,331.4900
1627141289542000,0,0.41062000,331.4900
1627141322395000,0,5.08000000,331.4900
1627141371480000,0,3.93960000,331.8600
1627141385644000,0,0.85000000,332.2900
1627141387193000,0,4.62000000,332.2900
1627141387249000,0,0.01709526,332.2900
1627143348560000,0,3.96000000,337.2700
1627143863506000,0,4.32000000,336.8600
1627144027272000,0,2.70000000,336.6500
1627144088476000,0,2.16000000,336.9800
1627144088488000,0,0.00222503,336.9800
1627144089068000,0,2.16000000,336.9800
1627144108923000,0,0.31000000,336.9300
1627144119345000,1,8.28000000,336.3700
1627144202810000,0,1.08000000,336.3500
1627145384712000,0,5.82000000,337.0600
1627145384728000,0,2.31038124,337.0600
1627145963502000,0,0.14350000,337.4400
1627145970850000,0,0.28700000,337.4400
1627146071807000,0,0.08620000,336.8900
1627146536826000,1,8.40223426,336.2100
1627146536896000,1,0.17147417,336.2100
1627147040258000,1,8.80982050,336.7500
1627147040258000,1,5.39851926,336.7400
1627147040258000,1,1.51063985,336.6200
1627147040258000,1,0.60420932,336.6200
1627147040258000,1,4.96629841,336.6100
1627147136132000,1,5.29038417,336.7700
1627154540089000,0,8.18000000,330.3900
1627155989565000,1,5.52234995,329.1600
1627155989565000,1,5.30145595,329.1000
1627157295917000,1,5.52000000,329.2700
1627160680124000,0,8.45000000,328.8700
1627160857397000,0,5.53000000,329.5100
1627160857475000,0,0.00322322,329.5100
1627160881033000,0,5.53000000,329.5100
1627160881076000,0,0.00322322,329.5100
1627162025927000,1,0.48000000,329.4300
1627162027139000,1,5.52000000,329.3200
1627162027163000,1,0.00260150,329.3200
1627162621745000,0,0.28615542,330.3100
1627163298465000,0,0.07874484,332.9300
1627164746103000,1,5.48000000,331.6500
1627164746205000,1,0.00320404,331.6500
1627164781149000,1,8.18197953,330.8200
1627164917561000,0,8.25000000,332.3500
1627164917942000,0,0.00547636,332.3500
1627164989325000,1,8.06000000,331.6700
1627165681755000,0,5.37660763,331.9500
1627165704215000,0,0.10753216,331.9500
