timestamp ms,type,amount,price
1625097678127000,1,1000.00000000,0.7835
1625098031372000,0,810.07498507,0.7812
1625098058846000,1,830.10131219,0.7796
1625098229837000,1,1000.00000000,0.7753
1625098581851000,0,65.32003000,0.7737
1625098583426000,0,65.32003000,0.7737
1625098585447000,0,65.32003000,0.7737
1625098592071000,0,135.11775000,0.7739
1625100277334000,1,403.28275460,0.7715
1625100277334000,1,413.62128413,0.7714
1625100277334000,1,409.51173866,0.7712
1625100277334000,1,395.61929989,0.7712
1625100277334000,1,402.20092272,0.7712
1625100356172000,1,1000.00000000,0.7735
1625101542261000,0,891.88507000,0.7750
1625101956653000,0,860.93308071,0.7717
1625101956653000,0,410.30898345,0.7717
1625102103109000,1,803.28327574,0.7716
1625102430092000,0,1000.00000000,0.7752
1625102611946000,1,202.00000000,0.7736
1625102611946000,1,250.00000000,0.7734
1625102617491000,0,206.41494000,0.7713
1625102647902000,0,1000.00000000,0.7702
1625103116251000,0,66.38537000,0.7641
1625103116549000,1,250.00000000,0.7634
1625103116549000,1,22.18896152,0.7630
1625103116671000,0,66.38318000,0.7641
1625103117489000,0,66.34305000,0.7641
1625103118763000,0,66.34305000,0.7641
1625105426292000,0,46.41136000,0.7615
1625105568098000,0,39.35399000,0.7608
1625105652098000,0,31.36090000,0.7595
1625105770758000,1,250.00000000,0.7554
1625105771422000,1,824.11380667,0.7550
1625105771422000,1,175.88619333,0.7550
1625105772405000,1,1000.00000000,0.7550
1625105773566000,0,128.42106000,0.7550
1625105774141000,1,1000.00000000,0.7550
1625105800215000,0,825.79620967,0.7551
1625106050054000,0,1000.00000000,0.7561
1625106626898000,0,66.44945000,0.7542
1625107229955000,0,69.19547000,0.7486
1625107297309000,1,250.00000000,0.7465
1625107297309000,1,750.00000000,0.7464
1625107692441000,0,70.88589000,0.7477
1625107693037000,0,71.06776000,0.7477
1625107917703000,0,67.33363000,0.7475
1625107918633000,0,67.12958000,0.7475
1625107979280000,0,67.47005000,0.7472
1625107981554000,0,72.29106000,0.7472
1625107983062000,0,87.13507000,0.7472
1625107984042000,0,90.25196000,0.7472
1625107987121000,0,67.34249000,0.7474
1625109741017000,0,831.85137204,0.7476
1625109741017000,0,126.22836916,0.7477
1625109749968000,1,815.61740952,0.7477
1625112003081000,0,73.14389000,0.7426
1625112004040000,0,75.22429000,0.7426
1625112323067000,1,1000.00000000,0.7408
1625113207976000,0,410.06707149,0.7461
1625113207976000,0,395.62939305,0.7463
1625113207976000,0,406.27560064,0.7465
1625113208363000,0,250.00000000,0.7465
1625113208363000,0,28.31552735,0.7469
1625113246055000,1,2039.33402993,0.7465
1625113328791000,0,1000.00000000,0.7470
1625113339874000,0,799.06635954,0.7484
1625113348642000,0,1000.00000000,0.7494
1625113350055000,0,958.58791000,0.7513
1625113448109000,0,992.83147000,0.7540
1625113500468000,1,1000.00000000,0.7619
1625113500893000,1,249.99997375,0.7619
1625113501510000,1,1000.00000000,0.7619
1625113512929000,1,853.96295710,0.7627
1625113577373000,0,619.06273999,0.7676
1625113578470000,0,0.00000001,0.7676
1625113579019000,0,955.43959000,0.7679
1625113634568000,0,405.42384743,0.7726
1625113635082000,0,1000.00000000,0.7726
1625113635082000,0,394.52794793,0.7728
1625113635602000,0,250.00000000,0.7729
1625113637983000,0,385.71678461,0.7731
1625113637983000,0,250.00000000,0.7735
1625113641733000,0,389.33908444,0.7727
1625113642089000,0,196.00000000,0.7731
1625113642089000,0,250.00000000,0.7734
1625113642311000,0,908.68169000,0.7743
1625113644381000,0,250.00000000,0.7737
1625113644977000,1,855.98721352,0.7733
1625113657494000,0,250.00000000,0.7739
1625113672003000,0,870.97515309,0.7660
1625113673410000,0,686.97847000,0.7659
1625113674324000,1,202.00000000,0.7644
1625113674324000,1,411.82935859,0.7643
1625113674324000,1,343.83701141,0.7641
1625113677521000,0,955.65238000,0.7641
1625113678611000,0,1000.00000000,0.7667
1625113685575000,0,894.97524000,0.7665
1625113688496000,1,834.49773523,0.7659
1625113702522000,1,277.77264954,0.7668
1625113714603000,0,86.16208000,0.7640
1625113716220000,0,845.75128092,0.7643
1625113719924000,0,1690.76551407,0.7650
1625113725185000,1,1000.00000000,0.7642
1625113726232000,1,249.08005767,0.7641
1625113726232000,1,250.00000000,0.7640
1625113727574000,0,986.31239831,0.7619
1625113742919000,0,64.58740000,0.7605
1625113756421000,1,221.60816000,0.7597
1625113758049000,1,838.10674988,0.7601
1625113772657000,0,858.44949321,0.7584
1625113793384000,0,781.17907000,0.7555
1625113824096000,1,326.41336989,0.7522
1625113827778000,0,819.85977852,0.7530
1625113834538000,1,811.23686006,0.7518
1625113835886000,1,1000.00000000,0.7504
1625113837370000,1,1000.00000000,0.7504
1625113840358000,0,797.87490821,0.7511
1625113946518000,0,333.16009008,0.7491
1625113946518000,0,666.83990992,0.7491
1625113949142000,0,1000.00000000,0.7491
1625114064197000,1,333.72490388,0.7471
1625114424287000,1,250.00000000,0.7465
1625114544396000,1,250.00000000,0.7442
1625114664456000,1,126.88902100,0.7441
1625114740631000,0,334.63170434,0.7472
1625114740631000,0,202.00000000,0.7472
1625114753813000,0,250.00000000,0.7511
1625114778285000,0,115.66152000,0.7510
1625114778972000,0,114.12246000,0.7510
1625114779702000,0,262.70740000,0.7510
1625114786997000,0,75.71086000,0.7529
1625114787771000,0,75.72108000,0.7529
1625114788633000,0,75.72020000,0.7529
1625114789583000,0,75.72869000,0.7529
1625114790385000,0,75.74109000,0.7529
1625114790959000,0,20.46427025,0.7529
1625114790959000,0,125.90042975,0.7529
1625114791783000,0,146.37979000,0.7530
1625114797485000,0,71.65297000,0.7544
1625114802373000,0,92.35688000,0.7546
1625114802882000,0,93.53493000,0.7546
1625114812960000,0,393.51221254,0.7573
1625114813088000,0,660.28815551,0.7572
1625114813481000,0,339.71184449,0.7572
1625114819543000,1,839.74761098,0.7565
1625114841749000,0,755.39473000,0.7562
1625114845800000,0,853.68446000,0.7563
1625114856903000,0,413.39918834,0.7573
1625114866106000,0,250.00000000,0.7596
1625114868373000,0,250.00000000,0.7593
1625114884750000,0,67.48925000,0.7581
1625114981518000,1,202.00000000,0.7555
1625114981626000,1,703.00000000,0.7536
1625114981626000,1,250.00000000,0.7534
1625115049920000,0,1000.00000000,0.7484
1625115064881000,0,789.27946277,0.7494
1625115084570000,1,331.90393372,0.7482
1625115096401000,0,823.73261204,0.7496
1625115096401000,0,176.26738796,0.7496
1625115178545000,0,801.00880684,0.7497
1625115924841000,1,144.09309200,0.7451
1625116199059000,0,202.00000000,0.7480
1625116199661000,1,703.00000000,0.7484
1625116201360000,0,879.11881000,0.7508
1625116222778000,0,70.50326000,0.7514
1625116226034000,0,73.62058000,0.7517
1625116226720000,0,73.62048000,0.7517
1625116227258000,0,72.68398000,0.7517
1625116227763000,0,70.35767000,0.7517
1625116253509000,1,530.04295657,0.7542
1625116253773000,0,391.86188293,0.7539
1625116254295000,0,469.95704343,0.7542
1625116263615000,1,828.90121387,0.7574
1625116268737000,0,250.00000000,0.7623
1625116270158000,0,985.41266000,0.7636
1625116272209000,0,662.04593000,0.7638
1625116279808000,1,679.25323435,0.7631
1625116279808000,1,320.74676565,0.7631
1625116291226000,0,797.56096275,0.7627
1625116292831000,0,250.00000000,0.7650
1625116302567000,0,250.00000000,0.7671
1625116304040000,0,387.74851396,0.7681
1625116305002000,0,250.00000000,0.7671
1625116305567000,0,1000.00000000,0.7677
1625116307397000,1,195.83490842,0.7671
1625116309385000,0,804.16509158,0.7668
1625116309385000,0,405.40743980,0.7668
1625116309896000,0,250.00000000,0.7676
1625116316588000,0,250.00000000,0.7676
1625116319199000,1,796.02158045,0.7676
1625116344989000,1,259.07369097,0.7654
1625116416453000,0,761.58737000,0.7642
1625116531610000,0,796.80918438,0.7628
1625116535077000,1,179.98907168,0.7624
1625116535077000,1,445.43101660,0.7624
1625116535295000,1,0.00000001,0.7624
1625116573886000,0,834.44388500,0.7589
1625116585065000,1,203.93901294,0.7572
1625116705161000,1,209.96715000,0.7551
1625116825209000,1,209.97073200,0.7551
1625117053619000,0,793.57792555,0.7552
1625117725598000,1,101.75564057,0.7538
1625118175842000,0,102.30266300,0.7550
1625118175842000,0,0.07550700,0.7550
1625118734130000,0,929.02017000,0.7571
1625118735854000,1,394.59610888,0.7608
1625118735854000,1,302.45516112,0.7606
1625118752683000,1,250.34157085,0.7628
1625118755569000,0,376.53018000,0.7626
1625118756722000,0,376.51743000,0.7624
1625118756982000,1,249.99997377,0.7622
1625118757229000,0,1300.94120000,0.7628
1625118761200000,0,251.11743000,0.7658
1625118761833000,0,141.26355173,0.7658
1625118762484000,0,406.53441744,0.7654
1625118762484000,0,246.59846019,0.7658
1625118762484000,0,258.75802059,0.7658
1625118762484000,0,10.60488178,0.7658
1625118763543000,0,384.79859935,0.7648
1625118763543000,0,249.99997387,0.7651
1625118763543000,0,286.85261678,0.7653
1625118774934000,1,1000.00000000,0.7729
1625118777071000,1,829.69027896,0.7729
1625118777071000,1,170.30972104,0.7729
1625118787735000,1,253.46005038,0.7704
1625118787865000,1,110.70690100,0.7704
1625118788025000,1,42.40891660,0.7704
1625118788025000,1,241.21709301,0.7704
1625118790038000,1,1000.00000000,0.7700
1625118806020000,1,76.50497479,0.7676
1625118806020000,1,250.16430523,0.7673
1625119046156000,1,100.16859400,0.7699
1625119101590000,1,388.64041401,0.7696
1625119101657000,0,1000.00000000,0.7696
1625119108734000,0,811.69957000,0.7696
1625119111432000,0,701.22295000,0.7696
1625119112614000,0,703.00000000,0.7671
1625119120210000,0,853.18090179,0.7636
1625119123930000,0,1000.00000000,0.7644
1625119125814000,0,1636.66778494,0.7644
1625119128620000,1,250.00000000,0.7646
1625119226191000,1,1000.00000000,0.7670
1625119275890000,0,393.39542760,0.7677
1625119646298000,1,100.67637400,0.7676
1625119766389000,1,250.00000000,0.7664
1625119891975000,1,1000.00000000,0.7654
1625119944078000,1,250.00000000,0.7647
1625119944164000,0,750.00000000,0.7647
1625119987051000,1,412.55309480,0.7632
1625119987547000,1,1000.00000000,0.7632
1625119988053000,1,406.89922914,0.7632
1625119988674000,1,1000.00000000,0.7633
1625120006432000,1,125.80829756,0.7619
1625120126569000,1,124.19167700,0.7599
1625120791544000,0,99.83218000,0.7616
1625121484500000,1,1000.00000000,0.7596
1625121951511000,1,250.00000000,0.7576
1625121951768000,0,750.00000000,0.7574
1625121951768000,0,403.27879841,0.7574
1625121951768000,0,401.42952554,0.7577
1625121993507000,1,917.37073072,0.7568
1625122251775000,1,1000.00000000,0.7536
1625122435176000,1,654.04186720,0.7545
1625122527998000,0,84.31238000,0.7529
1625122528759000,0,86.68014000,0.7529
1625122643248000,1,833.69242264,0.7516
1625122707375000,1,332.53967198,0.7515
1625122723387000,0,1000.00000000,0.7510
1625122947696000,1,163.46266100,0.7514
1625123564542000,0,787.04719951,0.7511
1625125042882000,0,1000.00000000,0.7504
1625125079580000,1,1000.00000000,0.7506
1625125184328000,1,798.96798119,0.7485
1625125327792000,0,405.52117110,0.7486
1625125327985000,0,0.00003664,0.7486
1625125327985000,0,387.15069965,0.7489
1625125958308000,0,398.27732669,0.7467
1625126393864000,1,633.84255637,0.7470
1625126626009000,0,810.51940400,0.7470
1625128296611000,0,401.17795603,0.7467
1625128299513000,0,407.40895106,0.7462
1625128301375000,0,393.32267975,0.7455
1625128301948000,0,792.43643604,0.7454
1625128302088000,0,207.56356396,0.7454
1625128348505000,1,870.42401737,0.7443
1625128348505000,1,2385.63709133,0.7443
1625129030946000,1,104.87654000,0.7472
1625129999685000,1,410.78968493,0.7441
1625130033858000,1,107.92976400,0.7440
1625130684667000,0,1000.00000000,0.7475
1625130736010000,0,249.99994629,0.7471
1625130736161000,1,750.00005371,0.7475
1625131099863000,1,1000.00000000,0.7445
1625131100771000,0,390.19344884,0.7448
1625131101358000,0,1000.00000000,0.7446
1625132531637000,0,175.00000000,0.7441
1625132820896000,0,33.00000000,0.7367
1625132827174000,0,44.00000000,0.7367
1625133053666000,0,1000.00000000,0.7361
1625133054755000,1,1000.00000000,0.7368
1625133055959000,1,1000.00000000,0.7384
1625133193326000,0,202.00000000,0.7409
1625133193326000,0,250.00000000,0.7409
1625133492344000,0,824.07309051,0.7428
1625134161361000,1,1000.00000000,0.7455
1625134182159000,1,1000.00000000,0.7452
1625134196076000,1,1000.00000000,0.7449
1625134208583000,0,1000.00000000,0.7418
1625134217169000,0,1000.00000000,0.7394
1625134219866000,0,801.36358169,0.7411
1625134224342000,1,198.26482513,0.7400
1625134229370000,0,96.49057000,0.7415
1625134454166000,1,1000.00000000,0.7398
1625134455060000,0,1000.00000000,0.7399
1625134456473000,1,822.86987097,0.7389
1625134456473000,1,395.52690195,0.7389
1625134456999000,1,386.86108973,0.7390
1625134457557000,1,1000.00000000,0.7390
1625134641983000,0,396.18506879,0.7413
1625134642646000,0,411.76793601,0.7413
1625134991837000,1,1000.00000000,0.7405
1625134993278000,1,1000.00000000,0.7405
1625134999659000,0,406.41437620,0.7398
1625135016606000,1,1000.00000000,0.7393
1625135619641000,0,250.00000000,0.7419
1625135719971000,0,1000.00000000,0.7440
1625135721763000,1,1000.00000000,0.7454
1625136223379000,0,1000.00000000,0.7455
1625136814897000,0,100.00000000,0.7462
1625137776996000,1,250.00002700,0.7446
1625138071586000,0,1000.00000000,0.7472
1625138072587000,0,1000.00000000,0.7475
1625138121610000,0,674.26426000,0.7515
1625138412547000,0,958.32989000,0.7552
1625140020621000,0,767.65341000,0.7630
1625140474238000,0,663.02310000,0.7683
1625140867030000,0,848.29136000,0.7698
1625140869575000,0,672.96298000,0.7697
1625140891536000,0,993.21813000,0.7705
1625140907174000,0,415.46350165,0.7708
1625140907684000,0,1000.00000000,0.7706
1625140909631000,0,410.84274426,0.7712
1625141099195000,0,918.75818000,0.7732
1625141100914000,0,955.23247000,0.7730
1625141141491000,1,1000.00000000,0.7738
1625141142516000,1,934.09615291,0.7738
1625141142516000,1,65.90384709,0.7736
1625141143722000,1,1000.00000000,0.7738
1625141144374000,0,403.58766267,0.7741
1625141145348000,0,66.79645000,0.7741
1625141145435000,0,324.55295045,0.7741
1625141329314000,0,879.35634000,0.7729
1625141329314000,0,120.64366000,0.7731
1625141370874000,0,202.00000000,0.7768
1625141371930000,0,1000.00000000,0.7800
1625141372134000,0,2610.11538461,0.7800
1625141372953000,0,969.54124000,0.7809
1625141374034000,1,804.38058000,0.7812
1625141374132000,1,21.53295348,0.7812
1625141374132000,1,250.00000000,0.7812
1625141414739000,1,815.62334036,0.7848
1625141419892000,0,69.35190000,0.7870
1625141424386000,0,71.94210000,0.7872
1625141425547000,0,69.30550000,0.7872
1625141441706000,0,403.96971683,0.7872
1625141442285000,0,1000.00000000,0.7870
1625141442285000,0,395.13349512,0.7872
1625141447984000,0,250.00000000,0.7876
1625141449921000,1,1000.00000000,0.7873
1625141521204000,0,857.62768000,0.7852
1625141539700000,0,677.92415000,0.7850
1625141540774000,0,649.93259000,0.7845
1625141550920000,0,1000.00000000,0.7848
1625141560772000,0,392.12788316,0.7845
1625141561301000,0,1000.00000000,0.7845
1625141561707000,0,1000.00000000,0.7855
1625141741889000,1,1000.00000000,0.7867
1625141742930000,1,903.13390424,0.7867
1625141742930000,1,96.86609576,0.7865
1625141886267000,1,1000.00000000,0.7807
1625142452718000,1,252.00000000,0.7784
1625143035830000,0,249.99997427,0.7788
1625143035830000,0,750.00002573,0.7788
1625143221045000,0,1000.00000000,0.7800
1625143304752000,0,1000.00000000,0.7836
1625143313563000,0,685.50239000,0.7862
1625143328860000,0,1000.00000000,0.7893
1625143337332000,0,567.56079141,0.7887
1625143350774000,0,854.59170362,0.7886
1625143380499000,1,805.36254701,0.7953
1625143382188000,1,1000.00000000,0.7949
1625143383286000,1,1000.00000000,0.7949
1625143400608000,1,250.00000000,0.7919
1625143400779000,1,202.00000000,0.7910
1625143400779000,1,48.00000000,0.7908
1625143402547000,0,84.76807000,0.7904
1625143403627000,0,84.44924000,0.7891
1625143403628000,0,628.66009246,0.7891
1625143403830000,0,102.83470995,0.7891
1625143403830000,0,276.34539005,0.7893
1625143426894000,1,202.00000000,0.7849
1625143426894000,1,703.00000000,0.7845
1625143427501000,1,278.31552735,0.7824
1625143447432000,1,395.62866447,0.7811
1625143447432000,1,15.34364386,0.7808
1625143447495000,1,155.41374600,0.7807
1625143456816000,1,812.87844304,0.7819
1625143464751000,1,386.56903659,0.7812
1625143464757000,1,0.00538225,0.7812
1625143464757000,1,401.54421115,0.7809
1625143507089000,0,66.79645000,0.7863
1625143508016000,0,68.26550000,0.7860
1625143508654000,0,109.76684000,0.7860
1625143509276000,0,109.76654000,0.7863
1625143510100000,0,90.31521000,0.7863
1625143511321000,0,92.26610000,0.7864
1625143513542000,0,137.33028000,0.7865
1625143514463000,0,82.66369000,0.7865
1625143515395000,0,167.70545000,0.7865
1625143516329000,0,164.46242000,0.7865
1625143517161000,0,1000.00000000,0.7865
1625143517246000,0,259.44175000,0.7865
1625143518441000,0,98.47818537,0.7865
1625143518441000,0,145.66461463,0.7866
1625143563781000,1,816.09981287,0.7823
1625143563781000,1,183.90018713,0.7823
1625143588726000,1,824.02411168,0.7808
1625143588726000,1,161.56341832,0.7806
1625143635223000,0,882.58137000,0.7806
1625143713401000,1,1000.00000000,0.7800
1625143713544000,1,2610.11538461,0.7800
1625144078839000,1,249.99998200,0.7778
1625144559048000,1,194.93436200,0.7741
1625144653880000,0,195.44884285,0.7763
1625144653880000,0,202.00000000,0.7766
1625144653880000,0,250.00000000,0.7766
1625144656438000,0,1000.00000000,0.7780
1625144666927000,0,250.00000000,0.7823
1625144666927000,0,750.00000000,0.7824
1625144709561000,0,250.00000000,0.8000
1625144709632000,0,3360.11538461,0.8000
1625144720718000,1,250.00000000,0.7971
1625144720829000,0,750.00000000,0.7967
1625144721357000,1,249.99997038,0.7967
1625144727623000,1,620.78569044,0.7914
1625144728153000,0,68.19264000,0.7935
1625144728965000,0,97.73797000,0.7927
1625144729064000,0,314.17195833,0.7927
1625144729064000,0,340.58433167,0.7931
1625144729827000,1,620.78566408,0.7913
1625144737547000,1,249.99997500,0.7922
1625144744744000,0,840.98031000,0.7950
1625144744744000,0,159.01969000,0.7952
1625144749138000,1,144.48764897,0.7947
1625144749139000,1,267.95797863,0.7947
1625144749142000,1,0.00433025,0.7947
1625144749142000,1,286.10999875,0.7944
1625144749846000,0,1000.00000000,0.7954
1625144751183000,0,250.00000000,0.7954
1625144754473000,1,202.00000000,0.7913
1625144754473000,1,0.00000001,0.7913
1625144754473000,1,250.00000000,0.7910
1625144769079000,0,80.77531000,0.7927
1625144770371000,0,80.92877000,0.7927
1625144770839000,0,80.89567000,0.7927
1625144771420000,0,80.88599000,0.7927
1625144772381000,0,80.95761000,0.7927
1625144772939000,0,142.61570000,0.7927
1625144773370000,0,142.69136000,0.7927
1625144805562000,1,1000.00000000,0.7947
1625144810572000,0,1000.00000000,0.7937
1625144834571000,0,1000.00000000,0.7911
1625144852949000,1,250.00000000,0.7900
1625144853209000,1,250.00000000,0.7900
1625144853582000,1,1000.00000000,0.7900
1625144855061000,1,249.99997469,0.7900
1625144921925000,1,1651.42288240,0.7900
1625144933327000,1,208.69106696,0.7900
1625144978909000,0,842.10324575,0.7871
1625144978909000,0,157.89675425,0.7871
1625144983245000,1,803.81589916,0.7856
1625145251168000,1,3656.39743589,0.7800
1625145251337000,1,250.00000000,0.7760
1625145399414000,1,321.99067515,0.7764
1625145639729000,1,321.99067515,0.7760
1625145759838000,1,322.17740376,0.7753
1625145879973000,1,288.06218000,0.7756
1625146461757000,0,150.53533200,0.7706
1625146461757000,0,99.73156800,0.7709
1625146542697000,0,33.00000000,0.7722
1625146610650000,0,395.03822167,0.7707
1625146613399000,0,410.11257065,0.7704
1625146613520000,0,154.97682370,0.7707
1625147050167000,0,195.14013978,0.7697
1625147050258000,1,195.07666772,0.7701
1625147050358000,1,54.92333228,0.7701
1625147138559000,1,1000.00000000,0.7701
1625148078714000,1,28.00000000,0.7663
1625148094693000,1,812.41506825,0.7671
1625148247542000,0,859.40195783,0.7696
1625148264369000,0,250.00000000,0.7775
1625148265393000,0,1000.00000000,0.7804
1625148266443000,0,627.67220000,0.7806
1625148268159000,1,372.32780000,0.7810
1625148298208000,1,869.51883983,0.7894
1625148298208000,1,130.48116017,0.7894
1625148298300000,1,509.53254661,0.7894
1625148298332000,0,414.87261061,0.7831
1625148298453000,0,317.24952886,0.7831
1625148300699000,0,571.95864845,0.7798
1625148300810000,0,250.00000000,0.7798
1625148300928000,0,41.09997271,0.7798
1625148300928000,0,364.98590429,0.7802
1625148300957000,0,911.41169997,0.7802
1625148300970000,0,59.67991973,0.7802
1625148300970000,0,407.19703327,0.7809
1625148300970000,0,250.00000000,0.7818
1625148303125000,1,602.71610402,0.7809
1625148303125000,1,276.71584464,0.7809
1625148303125000,1,120.56805134,0.7806
1625148306881000,0,397.72947340,0.7828
1625148306881000,0,52.32282397,0.7830
1625148306881000,0,414.86016263,0.7830
1625148314453000,1,812.31657566,0.7789
1625148323633000,1,388.76466656,0.7786
1625148323633000,1,11.29187127,0.7782
1625148335690000,0,249.82169668,0.7793
1625148402499000,1,320.80483517,0.7787
1625148570583000,0,771.38624000,0.7772
1625148632003000,0,863.79296000,0.7778
1625148633006000,0,776.45220000,0.7777
1625148639144000,0,823.62837000,0.7785
1625148639144000,0,176.37163000,0.7787
1625148642548000,1,321.47311841,0.7774
1625148762702000,1,321.57236021,0.7772
1625148882674000,1,321.57236021,0.7764
1625148996934000,0,251.30286097,0.7749
1625149002786000,1,322.00311699,0.7738
1625149117777000,0,403.39639747,0.7711
1625149122813000,1,323.06837419,0.7705
1625149242902000,1,117.35221100,0.7696
1625149483073000,1,116.95298568,0.7706
1625149845640000,1,1000.00000000,0.7699
1625149846777000,0,412.31814272,0.7706
1625149847327000,0,1000.00000000,0.7705
1625149870687000,1,1000.00000000,0.7689
1625150673864000,0,117.51463700,0.7685
1625150673864000,0,867.44562632,0.7685
1625151634720000,0,586.16306235,0.7689
1625151634790000,1,413.83693765,0.7693
1625151634795000,0,172.32612470,0.7689
1625151634964000,1,215.92314410,0.7693
1625151634964000,1,249.99998458,0.7689
1625151731016000,1,385.34287000,0.7697
1625151841907000,1,1000.00000000,0.7724
1625151844701000,1,1000.00000000,0.7724
1625151864150000,0,939.58614000,0.7750
1625151866723000,0,389.76974682,0.7750
1625151866792000,0,226.15938318,0.7750
1625153179642000,0,842.98705640,0.7765
1625154000420000,0,674.07534999,0.7757
1625155343762000,1,1000.00000000,0.7735
1625155344179000,0,404.13653458,0.7739
1625155354180000,0,406.60270364,0.7731
1625155354756000,0,1000.00000000,0.7730
1625155505155000,0,856.72444081,0.7740
1625156150819000,1,212.00000000,0.7752
1625156160443000,1,823.31062336,0.7759
1625156161541000,1,428.57932711,0.7755
1625157170536000,0,581.52638724,0.7753
1625157458242000,0,0.00000001,0.7753
1625157757522000,1,1000.00000000,0.7761
1625158430947000,0,846.04462680,0.7754
1625158431163000,1,153.95537320,0.7754
1625158526498000,0,250.00000000,0.7764
1625158526498000,0,580.68266588,0.7765
1625158526498000,0,169.31733412,0.7765
1625158825591000,1,1000.00000000,0.7748
1625158832449000,0,403.63573840,0.7733
1625158832538000,1,1000.00000000,0.7729
1625158854077000,0,698.75650000,0.7733
1625158858381000,0,651.22454000,0.7736
1625159967709000,1,1000.00000000,0.7731
1625160016466000,0,249.99998470,0.7743
1625160763274000,0,212.00000000,0.7752
1625160763872000,1,788.00000000,0.7753
1625160782213000,0,756.54463000,0.7774
1625161651636000,0,936.54540000,0.7792
1625162140556000,0,3656.39743589,0.7800
1625162894238000,0,819.81688000,0.7807
1625163524046000,0,852.65659000,0.7818
1625164293426000,0,398.11255036,0.7914
1625164500817000,1,1000.00000000,0.7888
1625164977773000,0,913.08766000,0.7905
1625165184169000,1,1000.00000000,0.7889
1625165941359000,1,1000.00000000,0.7861
1625166193702000,0,1000.00000000,0.7855
1625166194675000,1,753.03108465,0.7855
1625167014992000,1,125.13118900,0.7794
1625167135108000,1,124.62336000,0.7799
1625167615250000,1,149.85464500,0.7748
1625167735363000,1,100.39079000,0.7761
1625167852379000,1,394.03765834,0.7745
1625167852379000,1,402.16450684,0.7745
1625167852930000,1,1000.00000000,0.7748
1625167882982000,0,860.39743539,0.7720
1625167882982000,0,139.60256461,0.7720
1625167975420000,1,180.59245700,0.7672
1625168156440000,0,222.30793122,0.7664
1625168157704000,0,69.37604000,0.7664
1625168250670000,0,981.06177234,0.7656
1625168251042000,1,28.00000000,0.7643
1625168251042000,1,632.28815551,0.7640
1625169082833000,0,66.41072000,0.7608
1625169083780000,0,66.03718000,0.7608
1625169084646000,0,65.96296000,0.7608
1625169223735000,0,51.58914000,0.7608
1625169393669000,1,817.19253271,0.7618
1625169393669000,1,182.80746729,0.7617
1625169409642000,1,1000.00000000,0.7615
1625169635391000,0,856.94623350,0.7633
1625169848143000,0,983.17573101,0.7642
1625170133103000,1,1000.00000000,0.7668
1625170198799000,0,1000.00000000,0.7658
1625170416056000,0,844.75818582,0.7654
1625170540112000,1,1000.00000000,0.7610
1625170541158000,1,933.76494024,0.7610
1625170555126000,0,834.23565354,0.7619
1625170698281000,1,28.00000000,0.7593
1625170706695000,0,814.86858539,0.7585
1625170860871000,1,399.63091122,0.7578
1625170861378000,1,401.86050855,0.7573
1625170861378000,1,401.31197122,0.7572
1625170862661000,1,249.99998437,0.7572
1625170877307000,1,28.00000000,0.7569
1625170912596000,1,29.00000000,0.7547
1625170912596000,1,423.72711110,0.7547
1625171006634000,1,845.89938853,0.7540
1625171130813000,0,994.52229205,0.7547
1625171165996000,0,994.25475522,0.7550
1625171313371000,0,212.00000000,0.7594
1625171434722000,0,395.25930434,0.7761
1625171437582000,0,790.41741000,0.7779
1625171438815000,1,701.11426000,0.7776
1625171444436000,1,250.00000000,0.7719
1625171864681000,1,250.00000000,0.7746
1625171864790000,0,409.43346034,0.7745
1625171864790000,0,412.66797514,0.7746
1625171884374000,0,1000.00000000,0.7742
1625171999312000,0,949.30929000,0.7755
1625172061489000,0,403.44646424,0.7759
1625172062157000,0,391.68178803,0.7761
1625172131104000,0,639.13435000,0.7771
1625172605749000,1,1000.00000000,0.7769
1625172652755000,1,1000.00000000,0.7766
1625173510117000,0,1000.00000000,0.7781
1625173571422000,1,822.84913897,0.7762
1625173800122000,0,289.87911752,0.7740
1625173982948000,1,398.70737677,0.7703
1625173984625000,1,1000.00000000,0.7703
1625174462702000,0,974.90604481,0.7700
1625174966170000,0,1000.00000000,0.7700
1625175499288000,1,973.35445435,0.7718
1625175718147000,1,125.23432300,0.7705
1625175784943000,0,972.74580697,0.7718
1625175838171000,1,124.76567200,0.7735
1625176048442000,1,1000.00000000,0.7728
1625178412398000,1,1000.00000000,0.7700
1625178619085000,0,836.56219756,0.7713
1625179475889000,0,397.76300330,0.7703
1625179480815000,0,350.33207223,0.7705
1625180159753000,1,100.33207200,0.7703
1625180708626000,0,395.49022494,0.7648
1625180737657000,0,249.99998450,0.7643
1625180741568000,0,1000.00000000,0.7624
1625180937283000,0,984.76001934,0.7622
1625180970310000,1,397.02332447,0.7616
1625181022855000,0,395.20526899,0.7596
1625181144557000,1,414.95372104,0.7583
1625181158634000,1,859.20778747,0.7583
1625181540218000,1,124.74934400,0.7580
1625181750957000,0,125.25064100,0.7593
1625182875671000,0,386.36389024,0.7587
1625182876072000,0,521.06463440,0.7584
1625183146859000,1,413.26045460,0.7594
1625183694896000,0,384.48757600,0.7599
1625184118786000,1,821.71794651,0.7566
1625184118786000,1,178.28205349,0.7565
1625184241944000,0,1000.00000000,0.7575
1625184257894000,1,826.13671411,0.7588
1625184260088000,1,1000.00000000,0.7580
1625184356162000,1,391.28819855,0.7605
1625184356662000,1,1000.00000000,0.7605
1625184434365000,1,400.46915561,0.7608
1625184451470000,0,964.73618000,0.7628
1625184462717000,0,2066.82715106,0.7635
1625184529467000,1,851.98169414,0.7651
1625184530474000,1,1000.00000000,0.7645
1625184532053000,1,1000.00000000,0.7645
1625184568154000,0,935.46518000,0.7659
1625184569946000,0,679.38419000,0.7661
1625184670797000,0,835.29836474,0.7673
1625184827201000,1,850.30145419,0.7694
1625184828263000,1,1000.00000000,0.7688
1625184829263000,1,835.73727213,0.7687
1625184829263000,1,164.26272787,0.7684
1625184914514000,0,869.91350000,0.7718
1625184916593000,0,1000.00000000,0.7714
1625184983173000,0,174.00000000,0.7702
1625185067868000,0,972.58134000,0.7688
1625185078563000,0,858.40692820,0.7684
1625185149285000,0,821.75446641,0.7690
1625188383417000,1,1000.00000000,0.7733
1625188384227000,0,390.58018681,0.7736
1625188497830000,0,1000.00000000,0.7729
1625188793568000,0,1000.00000000,0.7687
1625188809641000,0,185.28600683,0.7672
1625188809641000,0,414.43433006,0.7672
1625189080169000,0,249.99996912,0.7669
1625189439956000,1,411.91509946,0.7628
1625189440534000,1,1000.00000000,0.7631
1625189485014000,1,808.97621494,0.7626
1625189515066000,1,423.26827690,0.7615
1625189542427000,0,824.13515149,0.7592
1625189542427000,0,91.06448120,0.7592
1625189591008000,1,863.88512083,0.7627
1625189986865000,0,858.05975026,0.7596
1625189986865000,0,60.65013491,0.7598
1625189998614000,0,865.72751000,0.7605
1625190011587000,1,403.30046023,0.7605
1625190011590000,1,0.00240008,0.7605
1625190011590000,1,386.36691445,0.7605
1625190019576000,0,1019.57724000,0.7593
1625190026572000,0,903.51010000,0.7593
1625190366166000,1,1000.00000000,0.7598
1625190463921000,1,970.16936657,0.7598
1625190470778000,0,870.64375806,0.7603
1625191099934000,1,789.86195828,0.7623
1625192924039000,0,27.00000000,0.7625
1625193254221000,0,66.00000000,0.7702
1625193274084000,0,27.00000000,0.7702
1625193410462000,1,1000.00000000,0.7686
1625193411975000,1,824.79640991,0.7645
1625193412144000,0,175.20359009,0.7644
1625193412735000,0,474.48437000,0.7658
1625193421871000,0,350.32903787,0.7658
1625193422987000,0,867.79745000,0.7667
1625193423119000,1,132.20255000,0.7670
1625193423119000,1,43.00098833,0.7670
1625193425464000,1,812.41987213,0.7662
1625193425464000,1,187.58012787,0.7662
1625193431527000,1,200.17319300,0.7653
1625193568656000,0,952.57171000,0.7631
1625195061293000,0,27.00000000,0.7638
1625195537119000,1,27.00000000,0.7625
1625195538623000,0,244.68863245,0.7613
1625195538995000,0,411.02493988,0.7611
1625195539591000,0,1000.00000000,0.7611
1625195544117000,1,1000.00000000,0.7603
1625195545777000,0,786.41470207,0.7605
1625195690573000,0,33.00000000,0.7611
1625196266638000,1,1000.00000000,0.7608
1625197739164000,0,815.01605162,0.7612
1625197986256000,0,808.28044646,0.7614
1625198232963000,0,853.90884201,0.7608
1625198234587000,0,728.50193000,0.7633
1625198259581000,1,855.48940138,0.7638
1625198275526000,1,787.33788378,0.7622
1625198309241000,0,1000.00000000,0.7617
1625198666701000,0,212.00000000,0.7625
1625198666701000,0,197.03833615,0.7625
1625198666767000,1,423.95124351,0.7625
1625198667907000,0,907.72266000,0.7639
1625198670258000,0,868.93488000,0.7638
1625199125616000,1,424.96813563,0.7660
1625199188546000,0,859.40568000,0.7659
1625199629668000,0,789.44382000,0.7757
1625199632577000,0,772.55936000,0.7756
1625199635767000,0,987.82192000,0.7756
1625199689901000,0,415.73366593,0.7757
1625200449850000,1,1000.00000000,0.7668
1625200450204000,0,388.43435511,0.7681
1625200451259000,0,834.57055691,0.7677
1625200740053000,0,212.00000000,0.7689
1625200740600000,0,726.36054000,0.7690
1625200742324000,1,391.10468822,0.7704
1625200742324000,1,250.00000000,0.7703
1625200742324000,1,350.94234178,0.7702
1625200750576000,0,250.00000000,0.7716
1625200789580000,0,67.45274000,0.7761
1625200791507000,0,86.25496000,0.7761
1625200792169000,0,200.56334000,0.7761
1625200792948000,0,200.57196000,0.7761
1625200796750000,0,154.37722000,0.7768
1625200798107000,0,140.41270000,0.7766
1625200798791000,0,165.19394000,0.7766
1625200879991000,0,1000.00000000,0.7753
1625200956217000,0,999.99996942,0.7739
1625200990923000,0,751.56072000,0.7729
1625200993851000,0,955.79980000,0.7728
1625201606543000,1,814.79410703,0.7750
1625201606688000,0,185.20589297,0.7749
1625201607628000,1,814.79407648,0.7749
1625201705947000,1,262.25233900,0.7743
1625201946143000,1,130.89471400,0.7757
1625202136191000,0,131.35755700,0.7759
1625202139188000,0,909.79781000,0.7766
1625202172809000,0,714.09623000,0.7769
1625202174716000,0,763.40583000,0.7776
1625202192904000,0,250.04695948,0.7805
1625202225083000,1,250.00000000,0.7804
1625202225083000,1,750.00000000,0.7804
1625202228856000,0,69.25993000,0.7808
1625202230730000,0,90.89820000,0.7808
1625202231910000,0,92.00372000,0.7808
1625202232462000,0,92.08371000,0.7808
1625202322481000,0,124.52355401,0.7804
1625202322481000,0,875.47644599,0.7804
1625202433144000,1,837.94849439,0.7793
1625202468445000,1,1000.00000000,0.7787
1625202481264000,0,801.04642153,0.7755
1625202498976000,0,1000.00000000,0.7729
1625202529278000,0,783.87082000,0.7759
1625203009420000,1,1000.00000000,0.7726
1625203484686000,0,125.52342100,0.7740
1625203484686000,0,812.36310841,0.7743
1625203518020000,0,416.67820937,0.7749
1625203518020000,0,581.54218012,0.7749
1625203605549000,1,1000.00000000,0.7767
1625203605780000,0,385.38283291,0.7770
1625203606769000,0,413.74847363,0.7770
1625203607326000,0,1000.00000000,0.7770
1625203623375000,0,1000.00000000,0.7769
1625204599398000,1,856.11730917,0.7657
1625205017337000,0,855.89076843,0.7621
1625205020901000,0,275.97976662,0.7626
1625205021162000,1,590.21982694,0.7630
1625205060210000,0,589.18075791,0.7644
1625205092328000,0,823.57701297,0.7643
1625205094282000,0,842.74839000,0.7665
1625205097022000,1,250.00000000,0.7664
1625205988940000,1,250.00000000,0.7640
1625205989174000,0,750.00000000,0.7640
1625205989174000,0,414.14610455,0.7640
1625206409466000,1,785.83878138,0.7616
1625206488785000,1,1000.00000000,0.7603
1625207419472000,0,593.24181132,0.7593
1625207562996000,0,593.22837931,0.7593
1625207705867000,0,819.81406113,0.7587
1625207705867000,0,180.18593887,0.7591
1625207706865000,0,1000.00000000,0.7597
1625207939999000,0,78.68509000,0.7558
1625207940733000,0,78.68426000,0.7560
1625207941195000,0,78.64716000,0.7557
1625207941870000,0,160.38992000,0.7557
1625207942784000,0,814.64415835,0.7557
1625207959037000,1,778.48184994,0.7559
1625207988279000,1,827.16093836,0.7545
1625208006192000,1,828.51054391,0.7541
1625208006192000,1,171.48945609,0.7539
1625208031944000,0,176.28270000,0.7535
1625208039292000,0,69.36327000,0.7537
1625208073574000,0,70.54012000,0.7538
1625208074549000,0,69.66454000,0.7538
1625208075312000,0,69.65737000,0.7538
1625208076241000,0,72.92069000,0.7537
1625208076952000,0,52.93732585,0.7537
1625208076952000,0,20.10918415,0.7538
1625208077531000,0,68.39798000,0.7537
1625208078121000,0,68.39798000,0.7537
1625208158494000,0,67.26235000,0.7538
1625208159216000,0,67.22143000,0.7538
1625208160066000,0,67.97091000,0.7538
1625208160619000,0,67.79606000,0.7538
1625208161970000,0,68.93251000,0.7538
1625208162466000,0,68.93251000,0.7538
1625208163237000,0,67.52906000,0.7538
1625208164263000,0,67.54222000,0.7538
1625208196995000,0,596.73064703,0.7547
1625208200157000,1,413.93701084,0.7546
1625208200799000,1,407.17748404,0.7546
1625208332954000,1,848.26907661,0.7523
1625208982396000,0,250.00000000,0.7522
1625209001793000,0,867.71530172,0.7552
1625209270199000,1,124.74117700,0.7517
1625209649158000,0,125.25882300,0.7554
1625209653005000,0,703.60110000,0.7579
1625209663530000,0,98.11153000,0.7584
1625209706415000,0,81.80015000,0.7609
1625209706945000,0,81.81664000,0.7609
1625209707473000,0,87.75081000,0.7609
1625209707971000,0,87.75078000,0.7609
1625209708528000,0,87.13341000,0.7609
1625209709406000,0,87.76128000,0.7609
1625209710095000,0,80.99519000,0.7609
1625209710743000,0,81.00415000,0.7609
1625209711377000,0,123.93557000,0.7609
1625209931964000,0,678.62507000,0.7603
1625209932025000,0,250.00000000,0.7612
1625209932458000,0,647.62182000,0.7612
1625209934007000,1,856.25237230,0.7628
1625209934007000,1,48.71858770,0.7628
1625209961553000,1,789.55229218,0.7742
1625209962636000,1,1000.00000000,0.7739
1625209964034000,1,840.02825124,0.7735
1625209990736000,0,212.00000000,0.7800
1625209990736000,0,788.00000000,0.7800
1625209991767000,0,1000.00000000,0.7800
1625209991881000,0,1822.11392405,0.7800
1625209994788000,1,865.10037021,0.7827
1625209994788000,1,134.89962979,0.7825
1625210005406000,0,132.25076000,0.7780
1625210005825000,0,583.87618000,0.7779
1625210006074000,0,1000.00000000,0.7779
1625210011928000,1,411.60142456,0.7818
1625210011928000,1,392.74852544,0.7818
1625210025070000,1,790.34276727,0.7817
1625210025070000,1,209.65723273,0.7817
1625210026842000,1,397.05837805,0.7809
1625210026842000,1,404.99620195,0.7806
1625210031694000,0,935.14160000,0.7827
1625210032476000,1,249.99360990,0.7831
1625210033174000,0,936.63691000,0.7826
1625210033781000,0,858.23541269,0.7827
1625210061684000,0,2009.17350016,0.7861
1625210073056000,0,397.65362671,0.7869
1625210074884000,0,410.85370718,0.7865
1625210096104000,1,869.15999040,0.7898
1625210096789000,1,1323.27799890,0.7893
1625210104714000,0,725.67975000,0.7901
1625210107325000,0,1000.00000000,0.7912
1625210111518000,0,616.88167000,0.7910
1625210113183000,0,706.20188911,0.7892
1625210116845000,0,822.95524506,0.7896
1625210117371000,0,1000.00000000,0.7895
1625210117761000,0,1000.00000000,0.7903
1625210119795000,0,918.98491051,0.7903
1625210120769000,0,706.20186411,0.7907
1625210121386000,0,1000.00000000,0.7903
1625210121386000,0,409.10917083,0.7909
1625210121386000,0,378.40322848,0.7911
1625210131524000,1,790.17805899,0.7900
1625210145341000,0,963.49113000,0.7935
1625210149539000,0,890.79275000,0.7945
1625210167143000,1,851.46942621,0.7956
1625210169457000,0,1000.00000000,0.7963
1625210173477000,1,806.73486324,0.7961
1625210193314000,0,414.72729609,0.7984
1625210197622000,1,845.75022925,0.7934
1625210199877000,1,241.81565327,0.7933
1625210203059000,1,1000.00000000,0.7899
1625210206248000,1,521.24348497,0.7895
1625210223131000,0,250.19369779,0.7794
1625210224520000,0,748.39024221,0.7794
1625210226865000,0,950.78944000,0.7796
1625210227637000,1,389.59954384,0.7796
1625210227637000,1,411.02226616,0.7796
1625210227837000,0,773.96521000,0.7802
1625210229698000,0,834.42477074,0.7835
1625210229698000,0,165.57522926,0.7835
1625210230781000,0,821.15321758,0.7835
1625210230781000,0,178.84678242,0.7835
1625210239447000,0,250.00000000,0.7802
1625210240867000,0,128.17062073,0.7802
1625210241426000,0,115.91912281,0.7802
1625210241644000,0,250.00000000,0.7802
1625210242066000,0,42.37288137,0.7811
1625210258283000,1,250.38758804,0.7794
1625210258283000,1,554.31391380,0.7794
1625210258286000,0,401.58569697,0.7800
1625210259334000,0,388.61848485,0.7797
1625210259361000,0,0.00002074,0.7797
1625210259361000,0,218.13603499,0.7798
1625210260997000,0,632.56865066,0.7798
1625210262918000,0,965.21388000,0.7793
1625210264134000,0,932.28043000,0.7793
1625210273107000,0,752.91604000,0.7801
1625210350400000,1,320.48405912,0.7778
1625210470455000,1,165.96259600,0.7737
1625211310854000,1,165.52663000,0.7692
1625211933372000,0,409.77037708,0.7834
1625211935139000,0,412.22884418,0.7833
1625212004697000,0,784.38686091,0.7856
1625212004697000,0,215.61313909,0.7856
1625212122130000,0,667.00041000,0.7856
1625212123771000,0,784.19993000,0.7854
1625212298574000,0,1014.51025000,0.7863
1625212514373000,0,227.79634000,0.7890
1625212630809000,1,1000.00000000,0.7883
1625212791134000,0,742.13244000,0.7890
1625212912443000,0,214.63200000,0.7914
1625212912713000,0,250.00000000,0.7914
1625212913082000,0,383.54081000,0.7914
1625212913082000,0,1192.53873000,0.7951
1625212913615000,0,2236.51460000,0.7954
1625212913615000,0,1702.11370000,0.7964
1625212915702000,1,1000.00000000,0.7945
1625212918617000,0,1000.00000000,0.7948
1625212926222000,1,792.38051221,0.7977
1625212949357000,0,95.42854000,0.8052
1625212950442000,0,92.40287000,0.8050
1625212951780000,0,250.00000000,0.8043
1625212951780000,0,827.22593880,0.8054
1625212953544000,0,149.00000000,0.8039
1625212953544000,0,401.66066295,0.8054
1625212953544000,0,412.94880135,0.8056
1625212953544000,0,336.07008570,0.8056
1625212954338000,0,250.00000000,0.8050
1625212955107000,0,1000.00000000,0.8046
1625212955107000,0,314.93681000,0.8061
1625212961861000,0,511.33403000,0.8100
1625212962855000,0,364.13894000,0.8100
1625212963311000,0,259.44145000,0.8100
1625212963708000,0,266.55846000,0.8100
1625212964218000,0,259.83092000,0.8100
1625212964901000,0,1020.96776000,0.8100
1625212964932000,0,1000.00000000,0.8100
1625212965373000,0,997.93717000,0.8100
1625212965861000,1,310.52858000,0.8089
1625212965945000,0,1000.00000000,0.8100
1625212966206000,0,948.89787000,0.8100
1625212969606000,0,52.81315308,0.8100
1625212973923000,0,892.61857000,0.8125
1625212981021000,1,819.01576480,0.8151
1625212981021000,1,180.98423520,0.8151
1625212982847000,1,1000.00000000,0.8185
1625212982847000,1,724.61812159,0.8156
1625212995044000,1,839.70694416,0.8103
1625212996234000,1,1000.00000000,0.8100
1625212998830000,0,250.00000000,0.8042
1625213002592000,0,250.00000000,0.8054
1625213002592000,0,1064.93681000,0.8054
1625213003627000,0,394.91942776,0.8050
1625213003627000,0,920.01738224,0.8051
1625213004214000,0,79.98261776,0.8051
1625213007335000,0,79.59653000,0.8088
1625213008745000,0,79.71574000,0.8092
1625213009304000,0,208.19351000,0.8088
1625213012064000,0,249.99997531,0.8118
1625213012616000,1,211.99998761,0.8122
1625213020039000,1,812.26198277,0.8181
1625213063956000,1,849.21003010,0.8243
1625213063956000,1,413.96129565,0.8243
1625213064228000,0,676.73267999,0.8247
1625213066016000,0,772.68451000,0.8246
1625213066016000,0,0.00000001,0.8247
1625213078277000,1,786.24586505,0.8208
1625213089242000,0,386.90592535,0.8223
1625213089307000,0,480.87745465,0.8223
1625213089698000,1,386.90592535,0.8227
1625213094180000,1,1000.00000000,0.8234
1625213094828000,1,831.30161305,0.8234
1625213125609000,0,1000.00000000,0.8199
1625213150784000,1,33.00000000,0.8175
1625213155970000,0,1000.00000000,0.8171
1625213158837000,0,951.13581000,0.8181
1625213161171000,0,717.08642000,0.8178
1625213163982000,1,388.27950435,0.8182
1625213163982000,1,386.81005643,0.8179
1625213163982000,1,174.15613922,0.8178
1625213171292000,0,717.44457000,0.8188
1625213183149000,1,33.00000000,0.8178
1625213255174000,0,616.55268000,0.8179
1625213306005000,0,917.76515000,0.8129
1625213308461000,0,777.52098000,0.8132
1625213308461000,0,913.45715000,0.8133
1625213692047000,0,116.69901481,0.8141
1625213874849000,0,25.00000000,0.8236
1625213878180000,0,632.81790000,0.8261
1625213889491000,0,868.52961154,0.8304
1625213889491000,0,2924.53587670,0.8304
1625213899180000,0,25.00000000,0.8336
1625213963818000,0,841.27245180,0.8341
1625214010502000,1,856.43399414,0.8343
1625214010593000,0,143.56600586,0.8341
1625214020663000,0,814.64999572,0.8325
1625214111415000,0,789.89640083,0.8255
1625214131633000,1,280.72491000,0.8245
1625214236943000,1,41.00000000,0.8234
1625214329768000,1,250.00000000,0.8228
1625214329768000,1,750.00000000,0.8225
1625214426333000,0,640.14394637,0.8195
1625214618522000,0,648.10581000,0.8197
1625214646927000,1,376.74066429,0.8174
1625214647171000,0,623.25933571,0.8173
1625214647171000,0,402.12047176,0.8174
1625214731836000,1,147.11320600,0.8146
1625214851993000,1,146.64995900,0.8113
1625215065909000,1,1000.00000000,0.8034
1625215069284000,1,240.89365781,0.8037
1625215077972000,1,785.80673299,0.8037
1625215213026000,0,1000.00000000,0.8036
1625215309256000,0,1000.00000000,0.8034
1625215355016000,0,168.95992924,0.8018
1625215358025000,0,78.06772000,0.8018
1625215410366000,1,1000.00000000,0.8024
1625215665222000,1,212.00000000,0.8030
1625215665222000,1,250.00000000,0.8030
1625215665366000,0,538.00000000,0.8030
1625215665366000,0,402.30620844,0.8031
1625215720574000,0,812.99493071,0.8012
1625215742177000,0,745.81313000,0.8020
1625215792796000,1,824.53533314,0.8014
1625215797079000,1,853.54633838,0.8009
1625216175989000,0,1000.00000000,0.8025
1625216227074000,0,1000.00000000,0.8025
1625217265030000,1,1000.00000000,0.8000
1625217333762000,1,1000.00000000,0.8000
1625217335429000,1,1000.00000000,0.8000
1625217336917000,1,462.57187500,0.8000
1625217469765000,1,411.27817131,0.7948
1625217534721000,0,175.63043317,0.7927
1625217565573000,0,62.76203147,0.7897
1625217593282000,0,698.48861987,0.7880
1625217643234000,1,1000.00000000,0.7861
1625217714035000,0,820.38958711,0.7867
1625217770993000,0,65.74684000,0.7867
1625217772093000,0,69.08692000,0.7863
1625217773066000,0,65.74684000,0.7863
1625217773762000,0,65.74684000,0.7863
1625217774464000,0,65.74684000,0.7863
1625217775398000,0,65.74684000,0.7863
1625218095118000,0,1000.00000000,0.7861
1625218183656000,0,811.58415225,0.7847
1625218367404000,1,825.05751265,0.7829
1625218367404000,1,174.94248735,0.7829
1625218372262000,0,97.23806000,0.7838
1625218620670000,1,823.46297657,0.7836
1625218702003000,1,403.88631319,0.7871
1625218715152000,1,403.67966822,0.7873
1625218715222000,0,1000.00000000,0.7877
1625218822232000,0,1000.00000000,0.7876
1625219293634000,1,1000.00000000,0.7896
1625219294650000,1,1000.00000000,0.7896
1625219963705000,0,821.85410155,0.7863
1625219963705000,0,178.14589845,0.7863
1625220293593000,0,818.85591753,0.7887
1625221048866000,1,1000.00000000,0.7874
1625221164342000,0,406.32993215,0.7899
1625221164342000,0,397.76342610,0.7901
1625221164342000,0,394.87459507,0.7903
1625221164342000,0,228.45783668,0.7903
1625221453653000,0,1000.00000000,0.7940
1625221475091000,0,1000.00000000,0.7943
1625221552770000,0,790.36092854,0.7936
1625221631024000,0,108.72182869,0.7948
1625221736444000,0,649.13265000,0.7974
1625221829818000,0,618.46948000,0.7983
1625221833307000,1,817.83807595,0.7983
1625221848715000,1,808.98010478,0.7989
1625221864643000,1,1000.00000000,0.7979
1625221885369000,0,982.76235999,0.7990
1625221925432000,1,1000.00000000,0.7976
1625222045423000,0,643.40364999,0.7995
1625222066974000,0,410.10864121,0.7979
1625222077767000,0,407.22862115,0.7981
1625222078313000,0,1000.00000000,0.7980
1625222293602000,0,874.39551000,0.7965
1625223135508000,0,845.24199139,0.7855
1625223170751000,1,784.64396994,0.7858
1625223881346000,0,65.37189000,0.7897
1625223913413000,0,785.89000326,0.7897
1625223913413000,0,214.10999674,0.7898
1625224217172000,1,816.88668894,0.7885
1625224328427000,0,1000.00000000,0.7892
1625224365356000,0,790.51206650,0.7887
1625224720114000,0,798.13501901,0.7882
1625224752827000,1,817.63269825,0.7873
1625224819535000,1,166.91453066,0.7876
1625224897943000,0,63.16800160,0.7891
1625225139942000,0,1000.00000000,0.7900
1625225515520000,1,1000.00000000,0.7886
1625225516716000,1,898.73303450,0.7886
1625225516966000,0,404.72373843,0.7887
1625225517498000,0,807.73278819,0.7889
1625225517498000,0,387.21317315,0.7889
1625225522669000,1,1000.00000000,0.7886
1625225524199000,1,250.00000000,0.7883
1625225567592000,1,420.26033666,0.7848
1625225567592000,1,811.51962961,0.7844
1625225567592000,1,792.45603373,0.7843
1625225989938000,0,259.10631800,0.7849
1625225989938000,0,740.89368200,0.7849
1625226188858000,0,1000.00000000,0.7841
1625227291445000,0,1000.00000000,0.7857
1625228016373000,1,801.63427142,0.7841
1625228272562000,0,1000.00000000,0.7846
1625228588227000,0,63.40993252,0.7843
1625229206457000,0,996.72993000,0.7880
1625230283973000,0,401.69940414,0.7894
1625230284489000,0,1000.00000000,0.7894
1625230285166000,0,413.10432622,0.7894
1625230943189000,0,398.37747565,0.7900
1625231444832000,0,873.91635000,0.7917
1625231445626000,0,1684.70656000,0.7953
1625231445856000,0,1000.00000000,0.7988
1625231445874000,0,250.00000000,0.7988
1625231446934000,1,970.05378000,0.7949
1625231447406000,1,863.14732292,0.7956
1625231447406000,1,111.49003917,0.7954
1625231448834000,0,1113.16320000,0.7957
1625231463621000,1,845.70317457,0.8015
1625231463621000,1,154.29682543,0.8014
1625231465430000,0,848.19172630,0.8029
1625231468797000,0,329.10188000,0.8038
1625231469617000,0,324.98634000,0.8038
1625231470062000,0,329.31901000,0.8038
1625231470778000,0,1257.59029000,0.8038
1625231471966000,0,870.27038269,0.8035
1625231471966000,0,366.51412190,0.8038
1625231471966000,0,20.80578541,0.8039
1625231475729000,0,825.87563214,0.8044
1625231475729000,0,431.71465786,0.8048
1625231476603000,0,1257.59029000,0.8048
1625231477215000,0,1094.85090374,0.8048
1625231477215000,0,162.73938626,0.8049
1625231478694000,0,3462.57187500,0.8100
1625231484009000,1,63.40993252,0.8113
1625231492730000,1,854.35371276,0.8122
1625231492730000,1,145.64628724,0.8122
1625231505346000,0,619.03403000,0.8144
1625231507178000,0,1000.00000000,0.8146
1625231509743000,0,250.00000000,0.8146
1625231591367000,1,62.76203147,0.8266
1625231591392000,1,63.16800160,0.8266
1625231596461000,0,400.00000000,0.8315
1625231599402000,0,401.14887602,0.8325
1625231600004000,0,1000.00000000,0.8323
1625231600004000,0,405.79839800,0.8325
1625231600004000,0,399.28691818,0.8328
1625231600004000,0,861.08167000,0.8329
1625231601116000,1,1000.00000000,0.8310
1625231601732000,1,855.26022759,0.8310
1625231601732000,1,2133.44281656,0.8310
1625231617386000,1,840.30727895,0.8203
1625231632904000,0,861.41462326,0.8171
1625231636771000,0,647.32943000,0.8174
1625231648112000,0,921.26683000,0.8185
1625231649584000,1,392.91499136,0.8181
1625231649584000,1,337.68406864,0.8179
1625231693570000,0,703.06160000,0.8187
1625231801583000,0,666.61809000,0.8202
1625231804418000,0,879.90396000,0.8201
1625231809394000,0,971.46389000,0.8203
1625231882353000,1,1000.00000000,0.8181
1625231890191000,0,831.37042543,0.8163
1625231891314000,0,250.35925000,0.8167
1625231921223000,0,913.74516046,0.8165
1625232121374000,0,1000.00000000,0.8132
1625232127945000,1,407.87146788,0.8129
1625232130332000,1,1000.00000000,0.8100
1625232131341000,1,1000.00000000,0.8100
1625232135730000,1,1000.00000000,0.8100
1625232138606000,1,430.51234567,0.8100
1625232148542000,0,876.53366310,0.8097
1625232167952000,0,918.04090000,0.8098
1625232171358000,0,848.69187000,0.8094
1625232294413000,0,865.54743256,0.8095
1625232331616000,1,829.16668425,0.8072
1625232345595000,0,1000.00000000,0.8090
1625232360966000,1,800.86858956,0.8086
1625233003952000,1,409.84135066,0.8091
1625233852344000,1,843.09948804,0.8074
1625233896680000,0,1000.00000000,0.8090
1625233897778000,0,766.86910000,0.8091
1625233973463000,0,250.00000000,0.8274
1625233974583000,0,1000.00000000,0.8274
1625233979705000,1,841.70695914,0.8269
1625233980708000,1,1000.00000000,0.8266
1625234181350000,0,670.73379000,0.8167
1625234311235000,0,760.36211000,0.8152
1625234425738000,0,842.22509300,0.8116
1625234777307000,0,125.29011900,0.8110
1625234777307000,0,841.98957549,0.8110
1625234977336000,1,250.00000000,0.8089
1625234990918000,0,72.38269000,0.8070
1625235374330000,0,68.58371000,0.8046
1625235857188000,0,816.65846554,0.8119
1625236261824000,0,1000.00000000,0.8143
1625236333352000,1,853.62420414,0.8192
1625236333352000,1,146.37579586,0.8192
1625236384717000,1,836.70921456,0.8214
1625236560943000,0,865.70092919,0.8204
1625236560998000,0,134.29907081,0.8204
1625236563374000,0,415.31235829,0.8203
1625236565136000,0,829.35326967,0.8204
1625236566252000,0,642.24223000,0.8215
1625236566252000,0,357.75777000,0.8216
1625236568154000,1,384.62942392,0.8216
1625236568154000,1,298.60834608,0.8216
1625237388446000,0,1000.00000000,0.8186
1625237631480000,1,867.93661824,0.8152
1625237631527000,0,132.06338176,0.8149
1625237631535000,1,384.94036114,0.8151
1625237631567000,0,416.05916953,0.8154
1625237992225000,0,791.61712064,0.8173
1625238018848000,0,121.85165779,0.8207
1625238041872000,0,1000.00000000,0.8217
1625238210800000,1,795.43748018,0.8191
1625238671176000,0,1000.00000000,0.8171
1625238684193000,0,866.05908216,0.8175
1625239119998000,1,832.45393220,0.8139
1625239121073000,1,1000.00000000,0.8135
1625239128481000,1,1000.00000000,0.8135
1625239324684000,0,789.23567732,0.8128
1625239429239000,0,863.86178824,0.8127
1625239880682000,0,1000.00000000,0.8124
1625240167504000,0,1000.00000000,0.8127
1625240313636000,0,413.12250000,0.8158
1625240313652000,0,0.00000540,0.8158
1625240313652000,0,818.78474660,0.8158
1625240313767000,0,389.93095200,0.8156
1625240313773000,0,428.85379460,0.8156
1625240313773000,0,406.54141323,0.8158
1625240313773000,0,389.93095786,0.8160
1625240313773000,0,1027.32415867,0.8162
1625240596170000,1,793.65650150,0.8159
1625241431224000,0,250.00000000,0.8149
1625241432427000,1,750.00000000,0.8153
1625241432427000,1,402.31771679,0.8153
1625241433070000,1,1000.00000000,0.8154
1625243188165000,0,1000.00000000,0.8117
1625243191178000,0,1000.00000000,0.8106
1625244241037000,0,821.48833128,0.8101
1625244589468000,1,393.04721644,0.8109
1625245287562000,0,1000.00000000,0.8123
1625246224530000,0,999.99997072,0.8092
1625246224584000,0,0.00002928,0.8092
1625246298713000,0,912.59966000,0.8104
1625246336389000,0,391.66513969,0.8162
1625246414220000,0,816.28801000,0.8254
1625246415315000,0,961.16674000,0.8259
1625246424038000,0,385.32835854,0.8284
1625246439926000,1,807.62141081,0.8300
1625246439926000,1,192.37858919,0.8300
1625246444642000,0,415.68563532,0.8311
1625246444642000,0,870.90228476,0.8314
1625246444642000,0,397.13312606,0.8314
1625246445713000,0,205.00000000,0.8325
1625246445713000,0,2779.86676895,0.8325
1625246447173000,0,402.81005300,0.8324
1625246447767000,0,1000.00000000,0.8324
1625246449995000,0,250.00000000,0.8335
1625246449995000,0,364.06159005,0.8338
1625246449995000,0,385.93840995,0.8338
1625246451145000,0,1000.00000000,0.8338
1625246452393000,0,640.46310178,0.8338
1625246453984000,0,858.38942909,0.8339
1625246459693000,1,801.40323320,0.8324
1625246459693000,1,198.59676680,0.8324
1625246460700000,1,866.36522000,0.8322
1625246460700000,1,133.63478000,0.8322
1625246498212000,1,797.78025353,0.8356
1625246498410000,1,250.00000000,0.8321
1625246507838000,1,391.19199524,0.8337
1625246507907000,0,596.51306476,0.8336
1625246510522000,0,779.53039480,0.8353
1625246515033000,1,656.04234000,0.8346
1625246522413000,1,796.44430140,0.8348
1625246522645000,1,250.00000000,0.8318
1625246534141000,0,250.00000000,0.8345
1625246537530000,1,856.47388844,0.8346
1625246540370000,0,1000.00000000,0.8312
1625246541566000,1,1000.00000000,0.8281
1625246542509000,0,86.37953000,0.8316
1625246543173000,0,86.37953000,0.8311
1625246551180000,0,878.86267000,0.8265
1625246571928000,0,840.26256908,0.8260
1625246572610000,1,249.99997700,0.8252
1625246575403000,1,408.44217210,0.8254
1625246575403000,1,0.00770972,0.8254
1625246584982000,0,738.11270000,0.8247
1625246594363000,0,614.39490000,0.8229
1625246594363000,0,385.60510000,0.8231
1625246863596000,1,1000.00000000,0.8154
1625246932346000,0,856.84961000,0.8179
1625246935140000,0,627.66560000,0.8184
1625246949958000,0,384.48095828,0.8252
1625246959842000,1,863.44956313,0.8309
1625246959842000,1,136.55043687,0.8309
1625246989663000,0,64.94396000,0.8295
1625246991659000,0,117.07244000,0.8296
1625246992307000,0,117.10916000,0.8296
1625246993171000,0,104.50935000,0.8294
1625246993777000,0,104.36861000,0.8293
1625246994774000,0,134.53410000,0.8294
1625247022886000,0,751.76224000,0.8356
1625247023594000,0,972.38158000,0.8343
1625247025232000,0,968.07528000,0.8367
1625247031765000,0,250.00000000,0.8400
1625247031797000,0,797.10732038,0.8400
1625247031797000,0,3180.51234567,0.8400
1625247031797000,0,1655.58869969,0.8401
1625247031797000,0,792.63027779,0.8402
1625247035244000,1,84.14040000,0.8441
1625247056595000,0,105.23574000,0.8436
1625247065642000,0,68.37336000,0.8455
1625247066532000,0,31.62664000,0.8455
1625247076723000,1,835.80802165,0.8472
1625247076723000,1,164.19197835,0.8472
1625247090024000,0,680.33579000,0.8481
1625247151765000,0,737.56276000,0.8454
1625247448786000,1,862.27622244,0.8363
1625247448786000,1,137.72377756,0.8363
1625247471524000,0,780.25459000,0.8386
1625247472907000,0,249.99998589,0.8393
1625247927314000,0,34.73574000,0.8337
1625247981278000,1,1000.00000000,0.8310
1625248132937000,0,798.16328662,0.8310
1625249386758000,1,869.44879191,0.8234
1625249386758000,1,130.55120809,0.8234
1625250600471000,1,820.56963665,0.8212
1625251022396000,1,205.00000000,0.8190
1625251022579000,0,249.99998551,0.8189
1625251023693000,0,134.44936400,0.8189
1625251086724000,0,859.29581409,0.8183
1625251105834000,0,838.39370530,0.8180
1625251206195000,1,835.35317700,0.8168
1625251206195000,1,164.64682300,0.8166
1625251318343000,0,829.36417059,0.8127
1625251434625000,0,857.80170124,0.8127
1625251511756000,1,1000.00000000,0.8131
1625251706248000,0,148.79943941,0.8136
1625251706248000,0,851.20056059,0.8137
1625253091435000,1,815.45084720,0.8098
1625254309159000,1,808.22949933,0.8066
1625254676358000,1,1000.00000000,0.8071
1625255008610000,1,45.57851000,0.8090
1625255024054000,0,40.96681689,0.8101
1625255336650000,1,845.58644280,0.8100
1625255726494000,1,809.32531962,0.8096
1625255766424000,0,825.32099915,0.8109
1625256057767000,1,794.01428953,0.8104
1625256442490000,1,837.11046864,0.8074
1625256443883000,0,833.01499720,0.8086
1625257171973000,0,790.59184732,0.8052
1625257513067000,1,250.00000000,0.8035
1625257513365000,0,750.00000000,0.8034
1625257742959000,0,813.75312371,0.8028
1625257742959000,0,186.24687629,0.8028
1625257744018000,0,1000.00000000,0.8037
1625257747841000,0,1000.00000000,0.8037
1625264726054000,1,1000.00000000,0.8127
1625264727862000,0,741.57678000,0.8126
1625264756700000,0,993.82308000,0.8133
1625266883147000,1,1000.00000000,0.8228
1625267086090000,0,634.97230000,0.8231
1625267102261000,0,765.20319000,0.8241
1625267103597000,0,249.99998563,0.8249
1625267103684000,0,590.78931437,0.8249
1625267150407000,0,837.10640222,0.8315
1625267150545000,0,205.00000000,0.8321
1625267151131000,0,854.12691000,0.8375
1625267172361000,1,868.16263154,0.8431
1625267191794000,1,859.35515633,0.8443
1625267192800000,1,1000.00000000,0.8436
1625267228485000,0,62.12298000,0.8475
1625267242730000,1,1000.00000000,0.8461
1625267253756000,0,872.14887000,0.8481
1625267274570000,0,1000.00000000,0.8449
1625267283852000,0,827.58956419,0.8436
1625267292371000,0,403.38160535,0.8419
1625267314479000,0,809.93905336,0.8368
1625267338838000,0,390.30140550,0.8397
1625267338838000,0,109.69859450,0.8398
1625267401506000,1,395.57966146,0.8370
1625267401601000,0,462.21514854,0.8369
1625267428631000,0,987.65529000,0.8373
1625267442008000,0,794.03065000,0.8373
1625267536786000,0,955.05854000,0.8387
1625267578128000,0,784.18801131,0.8321
1625267590757000,0,62.12298000,0.8331
1625267598324000,0,87.01037000,0.8336
1625267599085000,0,87.01714000,0.8336
1625267600613000,0,62.12298000,0.8340
1625267601111000,0,62.12298000,0.8340
1625267602307000,0,62.12298000,0.8340
1625267630118000,0,37.44136000,0.8366
1625267960573000,0,55.14110000,0.8321
1625268277838000,0,32.60312000,0.8297
1625268307030000,0,133.91387000,0.8293
1625268369998000,0,28.80409000,0.8295
1625268435176000,0,30.34417000,0.8286
