timestamp ms,type,amount,price
1626134512492000,1,1000.00000000,0.9250
1626134513878000,1,26.88275279,0.9250
1626134513878000,1,635.83243000,0.9246
1626134516274000,1,940.90339000,0.9242
1626134525882000,0,40.89276000,0.9246
1626134543094000,0,934.69723000,0.9217
1626134546442000,0,476.31564018,0.9228
1626134550294000,0,814.00467000,0.9225
1626134592478000,0,503.95409310,0.9225
1626135397594000,1,485.15015791,0.9259
1626135418803000,1,670.06740000,0.9250
1626135424016000,0,490.94436100,0.9258
1626135424016000,0,475.48116858,0.9258
1626135447898000,1,490.95164730,0.9247
1626135447898000,1,492.89997607,0.9247
1626135519740000,1,250.00000000,0.9244
1626135519941000,0,750.00000000,0.9241
1626135531830000,1,1000.00000000,0.9242
1626135533183000,1,648.85932000,0.9234
1626135564941000,0,786.58792000,0.9209
1626135566161000,0,489.71420927,0.9211
1626135566161000,0,391.10727066,0.9220
1626135566221000,0,88.49315587,0.9220
1626135566233000,0,410.25411232,0.9221
1626135566319000,1,391.10727066,0.9220
1626135681442000,0,498.87780272,0.9215
1626135698662000,0,391.10727066,0.9224
1626135862401000,0,250.00000000,0.9230
1626135862552000,1,750.00000000,0.9234
1626135863408000,0,249.99996752,0.9234
1626135864580000,0,249.99997836,0.9242
1626135865764000,0,969.87322000,0.9251
1626135907509000,1,484.79146900,0.9267
1626135953755000,1,167.05684712,0.9262
1626135953755000,1,477.71994453,0.9262
1626135955064000,1,957.03247000,0.9256
1626135957365000,0,387.14436662,0.9252
1626135957365000,0,284.91670338,0.9253
1626135957940000,0,54.05697605,0.9250
1626135987814000,0,806.47998000,0.9230
1626136002878000,1,511.29717575,0.9218
1626136004607000,1,511.29714610,0.9217
1626136007469000,0,770.81521000,0.9211
1626136009293000,1,250.00000000,0.9221
1626136009293000,1,229.18479000,0.9215
1626136009293000,1,349.52481000,0.9209
1626136012417000,0,1000.00000000,0.9225
1626136014100000,0,497.83287610,0.9230
1626136022022000,0,54.16472576,0.9231
1626136022075000,0,342.91515320,0.9231
1626136023652000,0,54.16355226,0.9231
1626136024245000,0,54.16355226,0.9231
1626136024815000,0,54.16355226,0.9231
1626136042934000,0,388.95557202,0.9249
1626136042994000,1,420.74417798,0.9249
1626136060107000,1,999.61005000,0.9242
1626136080684000,1,152.77927300,0.9252
1626136317702000,0,944.85001000,0.9314
1626136318745000,0,510.93066643,0.9327
1626136318745000,0,250.00000000,0.9330
1626136319756000,0,741.91042000,0.9315
1626136320759000,0,874.65702000,0.9323
1626136352225000,1,762.82128000,0.9374
1626136376862000,0,202.46716022,0.9375
1626136376862000,0,249.92636611,0.9375
1626136387434000,1,519.37789994,0.9389
1626136387434000,1,480.62210006,0.9389
1626136389415000,1,821.22085000,0.9394
1626136395373000,1,998.84580000,0.9384
1626136534812000,0,934.51752000,0.9394
1626136629895000,0,969.58082000,0.9413
1626136686486000,0,514.36510785,0.9426
1626136726021000,1,763.80066000,0.9373
1626136743353000,0,615.54796999,0.9364
1626136747141000,0,949.95309000,0.9363
1626136747141000,0,0.00000001,0.9364
1626137005521000,0,250.07647745,0.9339
1626137033905000,1,977.28511000,0.9397
1626137038193000,1,746.21850000,0.9396
1626137061760000,1,206.83407725,0.9410
1626137061933000,0,508.00000000,0.9424
1626137061933000,0,329.36484632,0.9425
1626137067193000,1,502.40806525,0.9425
1626137084404000,1,488.05325518,0.9420
1626137084404000,1,502.35283342,0.9420
1626137084404000,1,9.59391140,0.9420
1626137085406000,1,840.29049860,0.9420
1626137088804000,1,740.72820000,0.9416
1626137127095000,0,822.32809000,0.9411
1626137127095000,0,177.67191000,0.9413
1626137130671000,1,413.20787784,0.9409
1626137130756000,0,338.33825216,0.9408
1626137132804000,1,759.73275360,0.9429
1626137138248000,1,413.70025793,0.9431
1626137138248000,1,399.23361126,0.9428
1626137138248000,1,197.29357081,0.9426
1626137147053000,1,671.91591000,0.9429
1626137166931000,1,705.01424000,0.9444
1626137186164000,1,727.62200000,0.9450
1626137228838000,0,957.16015000,0.9467
1626137363552000,0,724.10516000,0.9460
1626137367050000,1,339.31289640,0.9460
1626137384217000,0,53.22093073,0.9395
1626137384299000,0,341.89663920,0.9395
1626137408471000,0,494.26943187,0.9375
1626137410248000,0,996.73926000,0.9367
1626137420248000,0,207.89512378,0.9357
1626137457886000,1,208.03508603,0.9357
1626137491015000,0,976.70249000,0.9349
1626137520839000,0,53.98819000,0.9384
1626137531265000,0,470.57510969,0.9434
1626137531413000,0,45.20712078,0.9434
1626137532129000,1,474.61889000,0.9436
1626137532129000,1,7.79154365,0.9434
1626137548607000,0,409.53332581,0.9426
1626137548612000,0,386.47189383,0.9428
1626137548713000,1,53.04589531,0.9426
1626137550321000,0,66.36546000,0.9421
1626137551076000,0,62.08690000,0.9421
1626137551607000,0,65.20966000,0.9421
1626137555065000,0,60.13544000,0.9439
1626137563449000,0,940.40198000,0.9430
1626137595130000,0,790.87008000,0.9372
1626137619261000,1,250.43729009,0.9346
1626137632836000,0,943.62110000,0.9337
1626137635134000,0,730.31364000,0.9331
1626137638988000,1,498.31748755,0.9342
1626137638988000,1,176.52015245,0.9342
1626137793600000,0,250.02093480,0.9362
1626138142757000,1,26.63453611,0.9336
1626138142757000,1,757.86106000,0.9336
1626138226628000,1,513.84527778,0.9299
1626138226628000,1,479.34232761,0.9299
1626138402461000,1,498.63262509,0.9297
1626138402461000,1,479.19620374,0.9296
1626138448216000,0,477.22335409,0.9332
1626138449546000,0,506.57027904,0.9337
1626138536019000,1,735.41703000,0.9327
1626138911315000,1,748.29423000,0.9166
1626138935937000,0,515.15848328,0.9150
1626138935937000,0,484.84151672,0.9152
1626138937135000,0,717.06223000,0.9163
1626138938836000,1,414.75819903,0.9161
1626138938836000,1,327.41032097,0.9159
1626138943189000,1,486.60151685,0.9148
1626138943189000,1,477.00328197,0.9144
1626138950244000,0,501.64684529,0.9163
1626138950244000,0,474.67279764,0.9164
1626138977492000,1,494.77806662,0.9144
1626138993885000,1,411.19028442,0.9146
1626138993885000,1,415.11514827,0.9142
1626138993885000,1,31.46928731,0.9142
1626139000829000,0,516.71140481,0.9163
1626139000829000,0,477.84721362,0.9164
1626139001131000,1,250.00000000,0.9159
1626139001260000,0,499.99997411,0.9152
1626139001325000,0,118.49333589,0.9152
1626139002120000,0,808.08742000,0.9154
1626139053806000,1,719.77494000,0.9190
1626139064473000,1,965.93601000,0.9176
1626139066510000,1,790.74242000,0.9173
1626139069715000,1,785.00047000,0.9168
1626139082407000,0,65.73471000,0.9161
1626139092823000,0,918.51511000,0.9155
1626139095828000,1,387.28222694,0.9173
1626139095828000,1,392.45901306,0.9170
1626139100753000,1,392.27463154,0.9169
1626139105112000,1,473.12104151,0.9168
1626139105112000,1,505.66091538,0.9167
1626139202277000,0,508.86489558,0.9167
1626139202277000,0,477.55735109,0.9167
1626139284225000,1,497.26830515,0.9147
1626139309890000,1,834.15465000,0.9143
1626139403784000,1,687.78041000,0.9150
1626139563576000,0,496.93447608,0.9155
1626139709922000,1,687.97618000,0.9143
1626139711053000,0,395.87796993,0.9138
1626139711053000,0,250.00000000,0.9140
1626139711053000,0,212.38298007,0.9143
1626139757152000,0,676.34112000,0.9112
1626139853508000,0,632.82054000,0.9134
1626139854543000,0,923.35184000,0.9158
1626139856132000,1,478.11995353,0.9156
1626139856132000,1,515.63619647,0.9156
1626139857366000,0,761.94012000,0.9164
1626139877194000,1,509.19249103,0.9175
1626139882420000,0,54.45555338,0.9182
1626139882481000,0,358.05575216,0.9182
1626139884303000,1,54.45555338,0.9182
1626140526747000,0,485.38547122,0.9214
1626140558463000,0,504.50788700,0.9207
1626141123106000,0,1000.00000000,0.9234
1626141581676000,1,482.72261632,0.9236
1626141581676000,1,488.95164898,0.9235
1626141622747000,0,937.08572000,0.9260
1626141710038000,1,250.00000000,0.9263
1626141710127000,0,478.16495563,0.9258
1626141713536000,1,810.38627000,0.9239
1626141729357000,0,85.23597000,0.9222
1626141729362000,0,919.87889000,0.9222
1626141729366000,1,80.12111000,0.9223
1626141731886000,0,433.90396238,0.9223
1626141748073000,0,471.75513090,0.9221
1626141748073000,0,519.16961771,0.9221
1626143099473000,0,779.38108000,0.9252
1626143101344000,0,694.44143000,0.9252
1626143122834000,0,35.52397870,0.9296
1626143134502000,0,321.59966270,0.9309
1626143134525000,0,72.34837225,0.9309
1626143136265000,0,56.96953000,0.9309
1626143139540000,0,68.26165000,0.9314
1626143154783000,1,836.18418000,0.9365
1626143163906000,1,495.51536901,0.9355
1626143163906000,1,504.48463099,0.9355
1626143190813000,0,101.64254138,0.9365
1626143190813000,0,493.14975001,0.9367
1626143190813000,0,405.20770861,0.9369
1626143199903000,1,513.93182387,0.9351
1626143237498000,0,655.62802999,0.9336
1626143243733000,0,1000.00000000,0.9332
1626143449972000,0,250.27417488,0.9332
1626143763818000,0,949.75148000,0.9427
1626143766335000,0,627.66798000,0.9430
1626143812404000,0,937.58513000,0.9466
1626144049624000,1,249.99997880,0.9430
1626144383810000,0,623.46425000,0.9412
1626145013266000,1,95.71343000,0.9473
1626145013963000,1,956.05355000,0.9468
1626145017733000,0,60.80092000,0.9458
1626145018662000,0,57.56010000,0.9458
1626145044520000,0,667.37732000,0.9423
1626145071329000,0,914.56496000,0.9424
1626145291747000,0,6500.00000000,0.9490
1626145307416000,0,3804.71052631,0.9500
1626145307416000,0,492.57239462,0.9501
1626145307416000,0,501.70359471,0.9505
1626145307416000,0,471.25433288,0.9507
1626145307416000,0,475.47715381,0.9511
1626145307416000,0,250.00000000,0.9521
1626145307416000,0,980.45720000,0.9525
1626145307416000,0,238.91509767,0.9546
1626145318708000,0,402.68914062,0.9550
1626145325556000,1,640.70731000,0.9560
1626145329440000,0,402.98949145,0.9560
1626145329495000,1,535.66081855,0.9564
1626145333693000,0,503.17040319,0.9556
1626145334700000,0,250.00000000,0.9553
1626145335925000,0,1000.00000000,0.9560
1626145336421000,1,750.00000000,0.9558
1626145703626000,0,791.50975000,0.9552
1626145704389000,0,2145.25282917,0.9553
1626145705074000,1,250.18096544,0.9552
1626145705346000,0,438.18620456,0.9551
1626145723703000,1,714.72205000,0.9575
1626145734435000,1,772.52584000,0.9575
1626145736087000,0,249.66699776,0.9565
1626145736087000,0,414.84629386,0.9565
1626145736087000,0,306.03933838,0.9571
1626145739527000,1,982.48583000,0.9566
1626145868695000,1,507.33288754,0.9570
1626145925249000,0,792.06133000,0.9571
1626146007796000,0,249.64876974,0.9579
1626146007796000,0,750.35123026,0.9580
1626146011040000,0,746.31872000,0.9573
1626146134517000,1,481.14345341,0.9568
1626146134588000,1,0.00000001,0.9568
1626146198112000,0,730.65809000,0.9567
1626146198112000,0,172.86001860,0.9568
1626146198112000,0,96.48189140,0.9568
1626146246402000,0,76.37812721,0.9568
1626146315699000,1,496.58708356,0.9571
1626146353801000,0,678.25642000,0.9587
1626146412375000,0,931.53811000,0.9601
1626146432145000,0,250.02563650,0.9639
1626146523118000,0,250.00000000,0.9598
1626146523133000,0,617.53180000,0.9598
1626146538777000,0,500.00000000,0.9587
1626146588205000,0,914.58146000,0.9585
1626146588370000,0,250.00000000,0.9597
1626146590160000,1,474.35423775,0.9582
1626146590160000,1,276.58629225,0.9582
1626146591906000,1,250.00000000,0.9598
1626146591906000,1,484.34706000,0.9593
1626146600173000,0,248.95650369,0.9640
1626146610110000,0,246.84949598,0.9640
1626146610110000,0,496.59411018,0.9640
1626146610110000,0,500.00000000,0.9640
1626146631339000,0,62.19983000,0.9700
1626146631824000,0,60.44789000,0.9700
1626146632492000,0,60.55890000,0.9700
1626146636939000,0,227.91967000,0.9696
1626146637669000,0,22.08033000,0.9696
1626146637669000,0,267.25297000,0.9698
1626146638454000,0,257.73995000,0.9697
1626146639119000,0,257.72029000,0.9697
1626146639534000,0,73.35011000,0.9697
1626146640241000,0,73.34926000,0.9697
1626146663736000,1,516.46694049,0.9674
1626146663736000,1,483.53305951,0.9674
1626146673390000,1,413.98649422,0.9611
1626146674298000,0,386.88470021,0.9613
1626146686926000,1,500.00000000,0.9600
1626146687930000,0,250.23441505,0.9591
1626146689022000,0,52.21986653,0.9575
1626146689643000,0,34.60207613,0.9575
1626146706031000,1,485.21436000,0.9567
1626146706031000,1,477.21440404,0.9566
1626146716775000,0,618.53623000,0.9569
1626146717862000,0,815.14773000,0.9574
1626146734386000,0,250.00000000,0.9603
1626146734386000,0,504.95229790,0.9606
1626146735909000,0,249.99996874,0.9603
1626146736023000,1,250.00000000,0.9596
1626146736136000,0,649.06739000,0.9590
1626146738531000,0,502.71312855,0.9610
1626146766117000,0,70.11041000,0.9640
1626146767373000,0,70.12100000,0.9640
1626146767385000,0,359.76859000,0.9640
1626146768882000,1,346.44003523,0.9649
1626146768882000,1,393.14590300,0.9647
1626146768943000,1,401.01887143,0.9649
1626146768946000,1,116.33405548,0.9649
1626146768946000,1,270.62159607,0.9647
1626146771149000,0,409.06142286,0.9663
1626146771304000,0,385.20064748,0.9667
1626146771324000,1,51.74162303,0.9663
1626146772790000,0,76.44357000,0.9663
1626146776550000,0,71.20489000,0.9671
1626146777352000,0,132.88338000,0.9671
1626146777821000,0,133.00958000,0.9671
1626146778287000,0,132.79112000,0.9671
1626146781166000,1,489.55657286,0.9671
1626146781166000,1,510.44342714,0.9670
1626146783107000,1,893.14752000,0.9678
1626146814895000,1,70.12100000,0.9640
1626146874429000,0,793.58111000,0.9634
1626146876852000,0,900.44552000,0.9633
1626146889510000,0,514.78173413,0.9645
1626146889563000,1,1000.00000000,0.9645
1626146891041000,0,664.10540000,0.9645
1626146893601000,1,409.07537432,0.9650
1626146893675000,0,307.35216568,0.9646
1626146895618000,0,780.20997000,0.9661
1626146936361000,1,624.52004999,0.9670
1626146937074000,1,0.00000001,0.9670
1626146937488000,1,489.21885342,0.9662
1626146938631000,0,510.78114658,0.9657
1626146938631000,0,393.77164342,0.9657
1626146947620000,0,883.41122000,0.9643
1626146972417000,1,500.00000000,0.9650
1626147053923000,1,510.00000000,0.9633
1626147053923000,1,490.00000000,0.9633
1626147054397000,1,220.06460000,0.9633
1626147055154000,0,493.21440302,0.9633
1626147055154000,0,188.82210698,0.9633
1626147055214000,1,500.00000000,0.9600
1626147055214000,1,500.00000000,0.9598
1626147065331000,1,399.80235099,0.9613
1626147068861000,1,414.15619633,0.9607
1626147070915000,1,391.19602821,0.9603
1626147070950000,1,98.43328628,0.9603
1626147076017000,1,411.97117088,0.9601
1626147076088000,1,0.00517230,0.9601
1626147076088000,1,343.32117947,0.9597
1626147076172000,0,391.19600935,0.9603
1626147095546000,0,487.77511975,0.9573
1626147095546000,0,503.97529270,0.9573
1626147123566000,0,1000.00000000,0.9580
1626147123902000,0,154.15772000,0.9580
1626147127813000,0,786.67814000,0.9597
1626147130311000,1,505.41185048,0.9601
1626147130311000,1,181.25610952,0.9601
1626147147850000,0,51.96586882,0.9622
1626147149722000,0,51.99234673,0.9617
1626147150441000,0,52.00694813,0.9614
1626147161382000,0,226.04846000,0.9633
1626147161832000,0,220.06458779,0.9633
1626147164474000,0,1000.00000000,0.9660
1626147164902000,1,58.06138712,0.9650
1626147174552000,0,107.76062000,0.9690
1626147175330000,0,107.77112000,0.9690
1626147175925000,0,102.66829000,0.9690
1626147176754000,0,94.00698000,0.9690
1626147177546000,0,89.30538000,0.9690
1626147178681000,0,220.22328000,0.9690
1626147188542000,0,60.11190000,0.9716
1626147189136000,0,99.05063000,0.9719
1626147189788000,0,99.23468000,0.9716
1626147191712000,1,500.63256432,0.9701
1626147191712000,1,477.86590359,0.9701
1626147194539000,0,63.90297000,0.9715
1626147195333000,0,193.66386000,0.9718
1626147196073000,0,303.75355000,0.9726
1626147207799000,0,970.93199000,0.9706
1626147219096000,0,872.24045000,0.9694
1626147230905000,0,901.82754000,0.9700
1626147240023000,0,812.41598000,0.9702
1626147243329000,0,641.62976000,0.9704
1626147252224000,0,142.46566307,0.9718
1626147254159000,0,182.83580630,0.9718
1626147278640000,1,863.00440000,0.9724
1626147279701000,1,693.67379000,0.9708
1626147281882000,0,168.01066000,0.9707
1626147283940000,1,831.87117000,0.9715
1626147303250000,0,818.72919000,0.9713
1626147324146000,1,249.99998778,0.9704
1626147324146000,1,500.00000000,0.9700
1626147331075000,0,490.10016813,0.9701
1626147332407000,0,1000.00000000,0.9708
1626147351618000,0,1000.00000000,0.9712
1626147351779000,0,514.78173413,0.9712
1626147501879000,0,500.00000000,0.9740
1626147501879000,0,993.28847000,0.9740
1626147512369000,1,31.64690492,0.9744
1626147574044000,1,843.15598000,0.9749
1626147580891000,1,504.42865053,0.9740
1626147580891000,1,250.45703285,0.9740
1626147580891000,1,245.11431662,0.9739
1626147592152000,0,495.17385249,0.9760
1626147622603000,0,759.75554000,0.9761
1626147756394000,0,1018.13033000,0.9762
1626147784647000,0,997.33566000,0.9770
1626147794901000,1,965.36724000,0.9797
1626147795536000,0,500.00000000,0.9800
1626147795536000,0,489.90593856,0.9804
1626147808657000,1,507.47654845,0.9808
1626147808657000,1,492.52345155,0.9808
1626147854039000,1,486.35099655,0.9852
1626147854039000,1,513.64900345,0.9852
1626147856630000,1,373.73587655,0.9852
1626147859047000,1,950.35997000,0.9852
1626147865130000,0,714.01516000,0.9832
1626147887203000,0,250.00000000,0.9846
1626147887353000,0,494.45577185,0.9854
1626147957045000,0,911.18066000,0.9860
1626147999211000,0,682.31624999,0.9872
1626148059298000,1,500.00000000,0.9850
1626148064802000,1,250.00000000,0.9820
1626148064802000,1,515.22850383,0.9817
1626148065809000,1,249.99998792,0.9816
1626148066864000,1,500.00000000,0.9800
1626148070560000,0,516.03711228,0.9793
1626148077202000,0,716.35646000,0.9790
1626148077397000,0,250.40901625,0.9802
1626148077905000,0,242.27235554,0.9802
1626148086506000,1,390.74126782,0.9807
1626148086575000,0,584.43144218,0.9805
1626148152969000,0,249.99997970,0.9855
1626148163210000,0,1000.00000000,0.9860
1626148178512000,0,765.17768000,0.9900
1626148179016000,0,250.00000000,0.9908
1626148179060000,0,732.71957000,0.9908
1626148184314000,0,492.91642698,0.9920
1626148184739000,1,728.68601000,0.9926
1626148184739000,1,50.37580349,0.9925
1626148221288000,1,627.94448000,1.0053
1626148221619000,1,74.62779000,1.0050
1626148230305000,1,495.13695456,1.0083
1626148230305000,1,504.86304544,1.0083
1626148230423000,1,423.60083456,1.0083
1626148234151000,0,408.01124497,1.0039
1626148234151000,0,349.17422503,1.0044
1626148234298000,0,160.82577497,1.0044
1626148234325000,0,125.22276651,1.0044
1626148236349000,1,49.80724596,1.0039
1626148236349000,1,1.85365189,1.0036
1626148236933000,1,30.93931767,1.0036
1626148236933000,1,30.86451505,1.0036
1626148236939000,1,30.94091316,1.0036
1626148236965000,1,30.97605550,1.0036
1626148258636000,1,741.15034000,1.0008
1626148264448000,1,309.71991994,1.0003
1626148272233000,1,478.62159431,0.9912
1626148277154000,0,725.29278000,0.9919
1626148283195000,1,404.95867769,0.9946
1626148283461000,0,846.19938000,0.9961
1626148285273000,0,1000.00000000,0.9964
1626148285370000,1,396.76829391,0.9951
1626148285393000,1,0.00297093,0.9951
1626148285393000,1,353.69956040,0.9951
1626148290469000,0,368.01476000,0.9964
1626148290469000,0,488.43504067,0.9966
1626148294856000,1,514.26506907,0.9940
1626148296259000,1,481.11603420,0.9937
1626148310824000,0,406.34089034,0.9896
1626148310824000,0,93.65910966,0.9896
1626148312173000,0,520.64650257,0.9899
1626148314974000,0,766.36514000,0.9907
1626148367309000,1,250.00000000,0.9913
1626148367546000,0,594.94776000,0.9907
1626148368609000,0,946.21025000,0.9915
1626148382209000,0,250.01295774,0.9940
1626148382452000,0,249.98704226,0.9940
1626148413697000,1,513.73671188,1.0057
1626148413697000,1,472.73893260,1.0057
1626148426019000,1,627.91810000,1.0007
1626148427588000,1,839.78716000,1.0010
1626148428606000,1,692.03736000,0.9992
1626148436601000,0,873.89510000,0.9979
1626148452947000,0,1000.00000000,0.9963
1626148454615000,0,882.75363000,0.9953
1626148509525000,1,250.00000000,0.9948
1626148509626000,1,249.99996985,0.9948
1626148509701000,1,160.75848015,0.9948
1626148523581000,0,500.00000000,0.9938
1626148545494000,0,250.54952989,0.9902
1626148545555000,0,560.74123011,0.9902
1626148676573000,0,853.17285000,0.9937
1626148676887000,0,250.00000000,0.9938
1626148677122000,0,195.53423000,0.9938
1626148678147000,1,485.49113333,0.9938
1626148678147000,1,349.37303667,0.9938
1626148691254000,0,500.00000000,0.9990
1626148715986000,1,966.41703000,0.9999
1626148719118000,0,59.74960000,1.0001
1626148719735000,0,445.29411395,1.0001
1626148719735000,0,515.42613748,1.0001
1626148719735000,0,20.84231981,1.0001
1626148719820000,0,49.99300098,1.0001
1626148720133000,0,59.74960000,1.0001
1626148721089000,0,67.22292000,1.0001
1626148722037000,0,110.16875000,1.0001
1626148722611000,0,110.16868000,1.0001
1626148723407000,0,111.44162000,0.9997
1626148723980000,0,157.11497000,0.9997
1626148726018000,0,50.06909535,0.9986
1626148726161000,0,427.18543047,0.9986
1626148787767000,1,500.00000000,0.9950
1626148811331000,1,483.32965799,0.9926
1626148877681000,1,1000.00000000,0.9900
1626148878784000,1,2650.98484848,0.9900
1626148878784000,1,500.00000000,0.9900
1626148885690000,0,509.75055081,0.9885
1626148886843000,0,653.05633000,0.9907
1626148887897000,0,668.48635000,0.9893
1626148931687000,1,249.99998802,0.9891
1626148959799000,1,478.87064055,0.9863
1626149019350000,1,500.00000000,0.9850
1626149057264000,1,809.76450000,0.9827
1626149057264000,1,190.23550000,0.9824
1626149077596000,1,500.00000000,0.9800
1626149107353000,0,670.23703000,0.9814
1626149107353000,0,329.76297000,0.9815
1626149108997000,0,988.79706000,0.9817
1626149154182000,1,507.12008772,0.9889
1626149162641000,0,509.60014161,0.9909
1626149162641000,0,490.39985839,0.9910
1626149165179000,0,1000.00000000,0.9910
1626149208751000,0,476.77443707,0.9905
1626149215252000,0,250.00000000,0.9910
1626149215281000,0,750.00000000,0.9910
1626149301181000,1,500.00000000,0.9900
1626149302206000,1,712.12842000,0.9898
1626149316996000,0,715.71615000,0.9932
1626149319032000,1,517.46041643,0.9932
1626149319032000,1,250.04139229,0.9932
1626149319032000,1,165.66873128,0.9931
1626149451646000,0,500.00000000,0.9940
1626149451792000,0,498.27056514,0.9940
1626149451811000,0,387.99926033,0.9941
1626149455811000,0,179.63706541,0.9938
1626149528995000,0,127.02514300,0.9949
1626149528995000,0,659.84015000,0.9953
1626149561051000,0,404.00000000,1.0005
1626149588016000,1,506.68901325,1.0059
1626149619351000,0,470.49828454,1.0074
1626149629259000,0,494.04622817,1.0079
1626149629259000,0,511.93939328,1.0079
1626149644730000,0,250.08602310,1.0112
1626149664869000,1,245.27974880,1.0127
1626149707730000,0,1000.00000000,1.0134
1626149712396000,1,510.62922684,1.0132
1626149723512000,0,520.55158914,1.0140
1626149723512000,0,479.44841086,1.0144
1626149743408000,1,474.84411411,1.0152
1626149751334000,0,973.01770000,1.0167
1626149754912000,1,503.34919721,1.0151
1626149820767000,0,641.24032000,1.0170
1626149895490000,1,498.76106968,1.0144
1626149904102000,0,760.49612000,1.0124
1626149966643000,0,970.69398000,1.0083
1626150204349000,1,245.12896028,1.0128
1626150213723000,0,1000.00000000,1.0090
1626150215486000,0,492.79761348,1.0101
1626150220166000,1,479.97015528,1.0080
1626150220166000,1,510.00000000,1.0079
1626150220166000,1,10.02984472,1.0079
1626150275442000,0,507.37110092,1.0014
1626150276603000,0,508.31113045,1.0018
1626150441629000,1,496.59083866,1.0009
1626150495023000,0,487.60202446,1.0021
1626150495306000,0,250.16076718,1.0026
1626150783673000,1,849.79490000,1.0098
1626150791728000,1,391.11762217,1.0088
1626150809511000,1,954.95921000,1.0106
1626150832840000,0,487.71134682,1.0113
1626150884456000,0,250.00000000,1.0134
1626150884513000,1,750.00000000,1.0139
1626150904464000,1,502.54900196,1.0126
1626150904464000,1,497.45099804,1.0126
1626150905923000,1,860.49676000,1.0113
1626150906949000,1,689.20910319,1.0111
1626150906949000,1,310.79089681,1.0107
1626150927927000,0,387.15364051,1.0105
1626150954533000,1,250.00000000,1.0091
1626150998877000,0,616.62192000,1.0083
1626151054968000,0,249.99997016,1.0052
1626151055521000,0,1000.00000000,1.0049
1626151138188000,1,500.00000000,1.0000
1626151138188000,1,3614.47000000,1.0000
1626151152845000,1,402.97700678,0.9990
1626151152953000,1,401.13957979,0.9990
1626151152953000,1,0.00848671,0.9990
1626151152953000,1,112.35299977,0.9988
1626151161165000,0,480.48278925,0.9996
1626151163153000,0,642.08384000,1.0005
1626151164262000,0,642.08381283,1.0010
1626151165154000,1,492.17225191,0.9993
1626151170158000,1,476.67996407,0.9979
1626151170158000,1,306.27362209,0.9979
1626151174859000,1,796.31557000,1.0007
1626151181372000,0,479.80435250,1.0010
1626151193977000,0,0.00000001,1.0010
1626151194632000,0,151.47995133,1.0026
1626151199625000,1,767.72847000,1.0059
1626151201070000,1,271.67841379,1.0059
1626151207882000,0,500.00000000,1.0050
1626151208924000,0,499.97080394,1.0071
1626151208924000,0,500.02919606,1.0075
1626151211043000,0,744.44989924,1.0092
1626151215476000,1,649.67301999,1.0071
1626151218512000,1,782.97743000,1.0077
1626151226861000,1,250.00000000,1.0064
1626151227147000,1,388.22146000,1.0064
1626151231519000,0,0.00000001,1.0072
1626151233723000,1,386.51183912,1.0085
1626151235711000,1,387.77229085,1.0091
1626151236220000,1,389.69250145,1.0092
1626151236220000,1,1000.00000000,1.0091
1626151236220000,1,471.51632216,1.0090
1626151298753000,1,250.00000000,1.0077
1626151419589000,0,249.99998019,1.0094
1626151419589000,0,734.93244000,1.0094
1626151446938000,1,760.90555000,1.0123
1626151453897000,0,484.89689787,1.0127
1626151454744000,1,85.49385000,1.0170
1626151499222000,1,471.48541373,1.0247
1626151499222000,1,475.95655943,1.0247
1626151499326000,0,52.55802684,1.0245
1626151501215000,1,708.21517000,1.0231
1626151502297000,1,885.76701000,1.0249
1626151504250000,0,504.41157921,1.0249
1626151505810000,0,493.57449135,1.0260
1626151509239000,1,485.44691490,1.0237
1626151510252000,1,490.01177481,1.0233
1626151510252000,1,509.98822519,1.0231
1626151511208000,1,198.06481492,1.0231
1626151511263000,1,1000.00000000,1.0226
1626151512335000,1,17.49341000,1.0226
1626151522286000,1,408.97666488,1.0225
1626151522286000,1,500.38431107,1.0225
1626151522786000,1,1000.00000000,1.0228
1626151527470000,0,768.61407000,1.0220
1626151527470000,0,231.38593000,1.0223
1626151528561000,0,271.07628642,1.0223
1626151528561000,0,493.95918140,1.0223
1626151529752000,0,842.42454000,1.0213
1626151541026000,0,250.03558468,1.0224
1626151541279000,0,443.45044532,1.0224
1626151542737000,1,250.00000000,1.0223
1626151542922000,0,535.93307000,1.0223
1626151545263000,1,50.21643282,1.0218
1626151547714000,0,500.42630754,1.0212
1626151557769000,1,901.28289000,1.0242
1626151560020000,1,852.80588000,1.0241
1626151577114000,1,508.28605914,1.0313
1626151577114000,1,387.34674022,1.0312
1626151577801000,1,1000.00000000,1.0318
1626151580413000,1,509.82860167,1.0308
1626151580413000,1,490.17139833,1.0307
1626151587084000,0,517.55292053,1.0308
1626151587335000,1,482.44707947,1.0312
1626151619741000,1,250.00000000,1.0356
1626151634594000,1,879.02747999,1.0322
1626151645655000,0,766.39260000,1.0309
1626151648345000,1,49.94855298,1.0295
1626151648347000,1,49.95603867,1.0295
1626151650642000,1,49.99900001,1.0292
1626151651228000,0,490.39598712,1.0300
1626151651364000,0,479.10387288,1.0300
1626151651375000,0,476.26082662,1.0302
1626151651386000,0,271.36012914,1.0314
1626151651494000,0,486.80183544,1.0314
1626151651901000,1,140.18247985,1.0314
1626151677617000,1,490.39598712,1.0300
1626151706553000,1,200.00099999,1.0292
1626151723033000,1,480.56105391,1.0283
1626151724137000,1,507.06676220,1.0277
1626151734051000,0,498.96961217,1.0262
1626151734051000,0,501.03038783,1.0262
1626151766236000,1,510.00000000,1.0231
1626151771378000,0,763.95332000,1.0226
1626151796998000,0,250.00000000,1.0234
1626151797156000,0,250.27674043,1.0234
1626151797468000,0,182.34888957,1.0234
1626151799686000,1,250.00000000,1.0255
1626151799686000,1,300.35952318,1.0241
1626151799686000,1,86.27771682,1.0241
1626151801374000,1,484.62609849,1.0236
1626151808630000,0,437.75060251,1.0310
1626151810313000,1,250.00000000,1.0307
1626151812673000,0,396.55292525,1.0292
1626151812673000,0,4.49444608,1.0294
1626151812735000,0,280.34495853,1.0294
1626151812816000,0,48.57104000,1.0292
1626151836745000,1,681.62001000,1.0294
1626151837781000,1,916.77216000,1.0282
1626151839206000,0,505.46969766,1.0284
1626151840547000,0,437.73864937,1.0312
1626151847321000,1,388.03051426,1.0330
1626151850161000,0,633.40671999,1.0302
1626151850313000,0,0.00000001,1.0302
1626151850908000,1,394.62658896,1.0307
1626151850908000,1,390.59172165,1.0304
1626151850908000,1,181.19663939,1.0302
1626151866324000,0,840.51345000,1.0282
1626151869753000,0,850.16416000,1.0292
1626151872133000,0,634.32465000,1.0292
1626151891706000,0,392.92665576,1.0290
1626151942560000,1,232.82155838,1.0277
1626151949128000,0,492.28235483,1.0272
1626151949128000,0,508.09604802,1.0272
1626152024683000,0,250.27652927,1.0274
1626152024747000,0,513.54224073,1.0274
1626152028892000,0,794.32065000,1.0268
1626152109964000,1,500.00000000,1.0250
1626152119631000,0,882.92739000,1.0264
1626152121837000,0,648.06938000,1.0261
1626152155532000,0,500.00000000,1.0290
1626152236301000,1,721.25859000,1.0335
1626152238370000,0,402.69853502,1.0324
1626152238370000,0,214.51473498,1.0326
1626152242916000,0,494.05218345,1.0326
1626152275099000,0,690.61971352,1.0305
1626152275214000,0,44.83077648,1.0305
1626152275214000,0,258.81764497,1.0306
1626152275227000,0,152.37479422,1.0306
1626152275227000,0,343.08097212,1.0310
1626152275228000,0,150.07613882,1.0310
1626152275230000,0,414.68030302,1.0312
1626152282284000,1,343.08097212,1.0310
1626152282284000,1,411.19243919,1.0306
1626152328030000,0,808.53950000,1.0322
1626152328030000,0,191.46050000,1.0325
1626152329883000,0,937.66728000,1.0317
1626152338350000,1,495.26703181,1.0310
1626152345132000,0,161.70690141,1.0311
1626152473249000,1,500.08535856,1.0373
1626152523840000,1,384.15156328,1.0381
1626152636132000,0,408.71821621,1.0296
1626152636472000,1,1000.00000000,1.0288
1626152645928000,0,504.44653195,1.0296
1626152645928000,0,485.23843928,1.0296
1626152767227000,1,500.00000000,1.0250
1626152782839000,0,407.19591278,1.0223
1626152783351000,0,406.03019608,1.0218
1626152783351000,0,1000.00000000,1.0220
1626152783351000,0,413.61191971,1.0223
1626152783351000,0,511.69036958,1.0223
1626152789386000,1,490.76887116,1.0201
1626152806308000,0,763.30735000,1.0203
1626152806308000,0,236.69265000,1.0203
1626152807310000,0,794.65156000,1.0200
1626152809994000,0,961.71157000,1.0212
1626152831694000,0,510.00000000,1.0258
1626152904999000,0,500.00000000,1.0290
1626152932744000,1,704.25762000,1.0267
1626152935060000,1,782.86263000,1.0266
1626152952735000,1,1000.00000000,1.0249
1626152953660000,0,971.46883000,1.0328
1626152954056000,1,811.76249612,1.0291
1626152958055000,0,249.99998847,1.0278
1626152972973000,0,509.51123206,1.0320
1626152972973000,0,474.95656504,1.0320
1626152973021000,0,38.80782340,1.0320
1626152981936000,0,724.71275331,1.0368
1626152981936000,0,151.64397669,1.0373
1626152995033000,0,151.59041000,1.0380
1626152995503000,0,148.73510000,1.0380
1626152996103000,0,480.43878540,1.0385
1626152997503000,1,48.15517524,1.0383
1626153002939000,0,85.33833000,1.0402
1626153036906000,1,510.00000000,1.0326
1626153094019000,1,510.58224224,1.0316
1626153105111000,1,394.72240158,1.0321
1626153106187000,1,1000.00000000,1.0323
1626153131473000,0,250.58097790,1.0334
1626153133182000,0,250.24813485,1.0334
1626153133781000,0,229.10874725,1.0334
1626153134925000,0,812.64545000,1.0331
1626153165680000,0,53.98819000,1.0355
1626153168656000,0,53.98819000,1.0358
1626153221583000,1,511.32962586,1.0286
1626153246179000,1,499.68505724,1.0275
1626153259213000,0,792.11853000,1.0272
1626153321926000,1,500.00000000,1.0250
1626153321926000,1,250.00000000,1.0245
1626153321926000,1,250.00000000,1.0245
1626153324932000,1,482.51420600,1.0215
1626153324932000,1,485.62978744,1.0215
1626153336747000,1,483.96103705,1.0200
1626153336747000,1,516.03896295,1.0200
1626153343152000,1,1000.00000000,1.0202
1626153361307000,1,250.12333385,1.0197
1626153399662000,1,500.00000000,1.0150
1626153407200000,1,508.42669731,1.0130
1626153423336000,1,519.72420461,1.0044
1626153423840000,1,494.03137570,1.0039
1626153423840000,1,489.93793853,1.0039
1626153424347000,1,1000.00000000,1.0044
1626153428999000,0,394.07558233,1.0045
1626153428999000,0,105.92441767,1.0047
1626153432436000,0,389.73054682,1.0031
1626153432436000,0,400.02611334,1.0034
1626153436473000,0,861.06336000,1.0017
1626153440021000,1,513.03413833,1.0016
1626153453436000,1,403.36061224,1.0025
1626153453436000,1,387.95232013,1.0023
1626153453436000,1,499.72523758,1.0019
1626153453436000,1,507.45793622,1.0019
1626153453436000,1,415.74316692,1.0019
1626153453436000,1,285.76072691,1.0014
1626153455730000,1,473.31754125,1.0016
1626153455932000,0,159.34425875,1.0015
1626153456296000,0,501.19342837,1.0039
1626153457306000,0,501.01591602,1.0040
1626153457306000,0,480.44119861,1.0044
1626153458306000,0,480.27913830,1.0045
1626153461359000,1,396.26562239,1.0045
1626153461691000,0,336.98278761,1.0045
1626153470000000,0,229.87159986,1.0033
1626153470117000,0,49.83703290,1.0033
1626153473044000,0,49.82312790,1.0035
1626153480479000,0,409.80464265,1.0050
1626153480479000,0,385.79299735,1.0055
1626153485745000,0,53.98819000,1.0050
1626153486490000,0,63.64890000,1.0050
1626153495204000,1,477.34909315,1.0057
1626153510113000,1,879.93778000,1.0091
1626153512429000,0,406.23240392,1.0080
1626153512429000,0,403.15936608,1.0081
1626153514270000,1,159.81974108,1.0080
1626153515418000,0,280.27388328,1.0051
1626153515516000,0,239.87597596,1.0051
1626153515516000,0,384.68500563,1.0075
1626153515516000,0,250.00000000,1.0075
1626153515516000,0,138.08052841,1.0078
1626153519081000,1,749.85894000,1.0058
1626153519081000,1,250.00000000,1.0057
1626153520410000,1,945.11514000,1.0042
1626153522941000,0,159.85725000,1.0048
1626153529304000,1,517.19111092,1.0042
1626153531657000,1,228.33439900,1.0002
1626153531680000,1,184.49400983,1.0002
1626153531680000,1,315.49599017,1.0000
1626153531998000,1,169.91754856,1.0005
1626153533687000,1,236.96695115,1.0005
1626153533687000,1,8.85014031,1.0005
1626153533713000,1,169.92374924,1.0005
1626153533713000,1,14.57625076,1.0000
1626153533864000,1,229.48402860,1.0005
1626153533864000,1,86.72545769,1.0000
1626153534415000,1,1000.00000000,1.0001
1626153534936000,1,83.20230138,1.0000
1626153535559000,1,24.99256173,0.9950
1626153535559000,1,225.00743827,0.9950
1626153542611000,1,274.99256173,0.9950
1626153553753000,1,249.81853376,0.9919
1626153557892000,0,490.59055450,0.9970
1626153557892000,0,509.40944550,0.9970
1626153559534000,0,24.99256172,1.0018
1626153559903000,1,151.86951800,1.0024
1626153560061000,1,440.61813602,1.0024
1626153560930000,1,382.51978426,1.0024
1626153565128000,1,486.96056339,0.9955
1626153571238000,1,1000.00000000,0.9954
1626153598010000,0,510.00000000,1.0007
1626153604255000,0,49.09591884,1.0024
1626153609024000,0,49.77055773,1.0046
1626153609773000,0,477.17635882,1.0051
1626153609773000,0,517.19109169,1.0051
1626153609773000,0,5.63254949,1.0052
1626153609871000,1,396.70571881,1.0035
1626153609871000,1,498.98459369,1.0030
1626153609871000,1,104.30968750,1.0030
1626153612854000,0,481.54161829,1.0088
1626153612854000,0,244.39548171,1.0088
1626153636155000,1,676.41742000,1.0085
1626153645314000,1,921.96373000,1.0064
1626153646141000,0,53.98819000,1.0064
1626153654068000,1,178.79834756,1.0050
1626153663933000,0,59.03605922,1.0014
1626153677598000,1,1000.00000000,0.9998
1626153686446000,0,505.92786326,0.9997
1626153686814000,0,997.77616000,0.9997
1626153690877000,0,914.11526000,1.0008
1626153698773000,1,250.00000000,1.0002
1626153706910000,0,824.13203000,1.0016
1626153711914000,0,866.10134000,1.0019
1626153734024000,0,510.00000000,1.0116
1626153739030000,1,159.49448865,1.0106
1626153751734000,0,892.41883047,1.0103
1626153751734000,0,107.58116953,1.0106
1626153771121000,1,132.95308964,1.0119
1626153771121000,1,117.09245442,1.0119
1626153781334000,0,402.04019855,1.0114
1626153782043000,1,246.28580189,1.0111
1626153782631000,1,491.01286811,1.0111
1626153783333000,0,389.20083795,1.0108
1626153784529000,0,413.62745736,1.0104
1626153784607000,1,222.00147264,1.0106
1626153784851000,0,390.82808246,1.0101
1626153784933000,0,0.00001903,1.0101
1626153785462000,0,1000.00000000,1.0102
1626153795779000,1,689.89189000,1.0078
1626153795779000,1,310.10811000,1.0077
1626153806182000,0,159.59749415,1.0056
1626153806630000,0,2000.00000000,1.0079
1626153836455000,0,803.79574000,1.0048
1626153841887000,0,735.89291000,1.0044
1626153843213000,0,972.35778000,1.0047
1626153844712000,0,483.53452312,1.0056
1626153844712000,0,475.23793458,1.0057
1626153858585000,0,818.23202000,1.0082
1626153861027000,1,250.00000000,1.0087
1626153861103000,0,389.30458746,1.0080
1626153861105000,0,109.09896254,1.0080
1626153865893000,0,741.83892000,1.0132
1626153868610000,0,517.43450352,1.0167
1626153868610000,0,481.30330712,1.0167
1626153874295000,0,250.00000000,1.0190
1626153878779000,1,946.41664000,1.0164
1626153880940000,1,397.20119510,1.0179
1626153880940000,1,664.41610000,1.0178
1626153881427000,0,1000.00000000,1.0190
1626153882346000,1,479.61390757,1.0170
1626153890591000,1,918.80487000,1.0176
1626153892939000,1,767.04911000,1.0168
1626153894264000,1,727.88848000,1.0166
1626153897615000,1,744.20719000,1.0153
1626153899540000,1,803.00056999,1.0129
1626153899772000,1,0.00000001,1.0129
1626153899928000,0,250.00000000,1.0091
1626153899928000,0,647.11413749,1.0116
1626153900210000,0,131.48646644,1.0116
1626153902865000,0,123.80003000,1.0112
1626153903877000,1,510.27505338,1.0091
1626153918399000,0,249.99997657,1.0111
1626153934078000,1,389.20892416,1.0049
1626153934078000,1,513.58620861,1.0044
1626153934078000,1,408.22392350,1.0044
1626153936127000,0,904.71330000,1.0043
1626153939019000,0,517.46131672,1.0060
1626153939019000,0,482.53868328,1.0060
1626153939986000,0,6.21939230,1.0060
1626153942060000,1,250.00000000,1.0080
1626153942078000,0,385.83629269,1.0057
1626153942079000,0,258.58047731,1.0057
1626153943210000,0,613.98440000,1.0088
1626153948987000,0,19.20471564,1.0115
1626153948987000,0,231.34494131,1.0115
1626153951071000,0,250.32938222,1.0115
1626153967463000,1,249.99509314,1.0190
1626153970457000,0,49.06819498,1.0190
1626153979391000,0,250.00000000,1.0190
1626153982095000,0,139.37580021,1.0263
1626153982311000,1,48.79191225,1.0248
1626153986520000,1,389.21636448,1.0248
1626153986541000,1,106.66484434,1.0248
1626153988200000,1,371.36654483,1.0248
1626153994164000,1,470.69574210,1.0291
1626153994164000,1,393.12304574,1.0291
1626153994476000,1,942.83242426,1.0291
1626153996234000,0,386.42595829,1.0296
1626153996258000,0,369.32126077,1.0296
1626153996409000,0,48.53614972,1.0291
1626154005749000,0,488.81205571,1.0333
1626154005749000,0,502.36204624,1.0333
1626154009608000,1,500.53864331,1.0309
1626154009608000,1,364.31645669,1.0308
1626154028602000,1,155.21618279,1.0347
1626154029398000,1,1000.00000000,1.0341
1626154030037000,1,279.13123000,1.0341
1626154030424000,0,48.28352083,1.0350
1626154031039000,1,1000.00000000,1.0348
1626154031121000,1,176.13329000,1.0348
1626154032364000,0,504.00453582,1.0345
1626154032720000,0,250.25610000,1.0350
1626154040477000,1,250.23281385,1.0353
1626154041870000,1,136.44939729,1.0355
1626154041883000,1,250.40080562,1.0355
1626154041913000,1,28.80912388,1.0355
1626154041913000,1,222.05901712,1.0355
1626154045789000,1,389.14331991,1.0358
1626154046323000,1,1000.00000000,1.0361
1626154048081000,1,1000.00000000,1.0292
1626154048886000,0,155.92617643,1.0275
1626154049130000,1,909.49187000,1.0275
1626154049130000,1,90.50813000,1.0270
1626154050100000,0,94.07382357,1.0265
1626154050161000,1,542.10247643,1.0274
1626154051228000,1,969.35576000,1.0251
1626154064275000,0,988.22046000,1.0214
1626154066313000,1,409.17370420,1.0210
1626154066313000,1,470.39125100,1.0209
1626154066375000,0,81.05689480,1.0206
1626154082297000,1,510.00000000,1.0198
1626154085974000,1,250.00000000,1.0190
1626154087272000,1,250.33992957,1.0167
1626154088209000,0,406.18359846,1.0166
1626154090118000,0,837.75646000,1.0116
1626154091327000,0,519.15558468,1.0138
1626154093021000,1,480.84441532,1.0144
1626154093021000,1,351.62999468,1.0144
1626154093388000,0,400.60338963,1.0143
1626154093388000,0,452.04116107,1.0144
1626154096902000,0,414.17030805,1.0138
1626154105080000,0,645.28693402,1.0113
1626154105133000,0,0.00002598,1.0113
1626154117832000,0,407.48784441,1.0117
1626154118020000,0,0.17476639,1.0117
1626154119398000,0,49.42323090,1.0117
1626154120596000,1,49.42323090,1.0117
1626154129718000,1,740.70480730,1.0146
1626154141838000,1,821.48665000,1.0098
1626154144608000,0,999.99997301,1.0078
1626154149951000,1,872.12587000,1.0090
1626154151918000,0,361.60704871,1.0090
1626154153715000,0,830.45049000,1.0122
1626154154987000,1,396.49547755,1.0094
1626154154987000,1,376.82484245,1.0092
1626154157814000,0,770.13104000,1.0102
1626154191033000,0,471.18732885,1.0094
1626154191033000,0,476.33491480,1.0095
1626154191033000,0,49.59799729,1.0096
1626154206470000,0,250.31404493,1.0122
1626154206552000,0,401.94514507,1.0122
1626154215760000,0,392.90096811,1.0136
1626154219544000,0,740.10570762,1.0161
1626154228869000,1,759.58503000,1.0181
1626154246729000,1,406.45979110,1.0192
1626154254166000,1,512.81976027,1.0189
1626154254166000,1,487.18023973,1.0189
1626154254656000,1,249.44243234,1.0183
1626154255258000,1,705.94862000,1.0183
1626154256040000,0,257.65891720,1.0178
1626154256122000,1,399.23975280,1.0194
1626154258901000,1,904.68320000,1.0175
1626154263776000,1,479.73994828,1.0168
1626154274899000,0,249.99996497,1.0148
1626154275030000,0,250.23102000,1.0143
1626154278281000,0,496.73113475,1.0142
1626154305276000,1,514.08719866,1.0150
1626154305276000,1,482.75287480,1.0148
1626154313517000,1,738.47138441,1.0174
1626154314298000,0,1000.00000000,1.0176
1626154321245000,1,741.82971000,1.0162
1626154323868000,0,386.74398952,1.0159
1626154402521000,1,508.33874403,1.0170
1626154402521000,1,491.66125597,1.0169
1626154402707000,1,250.00000000,1.0150
1626154547796000,0,743.60388000,1.0157
1626154550518000,1,409.55660510,1.0161
1626154550518000,1,476.81630448,1.0160
1626154551065000,1,485.87183039,1.0161
1626154551065000,1,415.91372092,1.0161
1626154551612000,1,1000.00000000,1.0162
1626154551612000,1,413.43783161,1.0160
1626154552419000,1,387.54778353,1.0159
1626154575926000,1,589.86391325,1.0194
1626154575926000,1,389.20841604,1.0187
1626154576492000,1,250.09459512,1.0191
1626154598759000,1,250.00000000,1.0202
1626154640202000,1,489.93789810,1.0217
1626154640202000,1,250.00000000,1.0217
1626154640202000,1,472.80663944,1.0215
1626154640202000,1,290.75216236,1.0209
1626154640202000,1,100.47717157,1.0199
1626154714330000,0,412.27111045,1.0195
1626154723888000,0,470.08426895,1.0181
1626154727642000,0,928.54949000,1.0199
1626154757684000,1,250.00000000,1.0182
1626154757930000,0,750.00000000,1.0178
1626154757930000,0,406.18258869,1.0179
1626154770643000,1,1000.00000000,1.0167
1626154771889000,1,249.99998836,1.0167
1626154771889000,1,198.94813424,1.0163
1626154778791000,1,1000.00000000,1.0155
1626154810523000,0,310.22043001,1.0191
1626154810523000,0,689.77956999,1.0193
1626154814821000,0,672.68652999,1.0198
1626154823931000,1,404.71827659,1.0194
1626154864259000,0,480.79128889,1.0175
1626154865344000,0,499.81539105,1.0180
1626154885145000,1,510.34985371,1.0179
1626154943870000,1,500.00000000,1.0150
1626154946102000,0,389.55279154,1.0156
1626154946596000,1,1000.00000000,1.0150
1626154947773000,1,1000.00000000,1.0136
1626155013118000,1,500.00000000,1.0100
1626155037944000,0,520.36794245,1.0076
1626155037944000,0,479.63205755,1.0077
1626155045027000,0,1000.00000000,1.0104
1626155060773000,1,670.61613999,1.0103
1626155062033000,1,757.46476000,1.0103
1626155062033000,1,0.00000001,1.0103
1626155064454000,1,959.47202000,1.0104
1626155064972000,1,950.25451000,1.0090
1626155073108000,1,470.27078618,1.0070
1626155090713000,1,389.51843648,1.0055
1626155091305000,1,1000.00000000,1.0059
1626155091305000,1,388.58378154,1.0055
1626155095520000,1,500.00000000,1.0050
1626155105960000,0,867.51126000,1.0051
1626155112127000,1,390.89973726,1.0059
1626155112127000,1,484.95283274,1.0058
1626155117158000,1,518.56071773,1.0055
1626155123565000,0,689.80731000,1.0070
1626155150288000,0,595.02742938,1.0103
1626155323485000,0,1000.00000000,1.0140
1626155323946000,0,500.00000000,1.0140
1626155324478000,0,199.36317060,1.0150
1626155340399000,1,760.86356000,1.0173
1626155340669000,0,198.78808689,1.0137
1626155340718000,0,51.21191311,1.0137
1626155342805000,0,393.03157124,1.0171
1626155342837000,1,252.14595876,1.0174
1626155351375000,0,924.15134000,1.0178
1626155363228000,1,500.00000000,1.0150
1626155407617000,1,1000.00000000,1.0133
1626155440205000,1,721.80223000,1.0114
1626155447722000,0,1000.00000000,1.0106
1626155460118000,1,500.00000000,1.0100
1626155461833000,0,509.21594601,1.0110
1626155535428000,1,480.73032723,1.0138
1626155536487000,1,409.81394559,1.0136
1626155544450000,1,515.75586781,1.0133
1626155550470000,0,503.25563694,1.0126
1626155550470000,0,496.74436306,1.0128
1626155702854000,0,495.69247285,1.0132
1626155702854000,0,504.30752715,1.0134
1626155774395000,0,306.50203905,1.0120
1626155808692000,1,494.53683845,1.0095
1626155810296000,0,388.60464895,1.0099
1626155815374000,0,309.61169200,1.0101
1626155865646000,1,972.77525000,1.0061
1626155866819000,1,616.76549999,1.0071
1626155881500000,0,695.05365000,1.0079
1626155883901000,1,477.53747317,1.0082
1626155883901000,1,387.87303548,1.0082
1626155883974000,0,122.03210135,1.0080
1626155908246000,1,500.00000000,1.0050
1626156054513000,1,518.02335978,1.0068
1626156117362000,0,473.25457687,1.0093
1626156140655000,0,193.46084153,1.0096
1626156140655000,0,497.17846110,1.0097
1626156220703000,0,480.27602713,1.0093
1626156220703000,0,499.77986921,1.0093
1626156222395000,1,497.64226324,1.0076
1626156222395000,1,502.35773676,1.0072
1626156252908000,1,510.48996243,1.0074
1626156252908000,1,489.51003757,1.0072
1626156353438000,0,1000.00000000,1.0140
1626156356276000,0,500.00000000,1.0140
1626156390455000,0,975.45912000,1.0177
1626156390455000,0,24.54088000,1.0180
1626156392731000,0,817.73000000,1.0186
1626156399865000,0,250.33724190,1.0200
1626156400605000,0,7749.66275810,1.0200
1626156429293000,1,630.07790000,1.0224
1626156431618000,0,519.08388989,1.0225
1626156431618000,0,235.07025011,1.0225
1626156432078000,0,159.30883486,1.0225
1626156432078000,0,78.45684514,1.0227
1626156463020000,0,513.25034805,1.0244
1626156523538000,1,882.01090000,1.0235
1626156525199000,1,817.61969000,1.0239
1626156534353000,1,408.92182691,1.0235
1626156534477000,0,267.99864309,1.0231
1626156540745000,1,520.09737630,1.0230
1626156556261000,0,679.70192999,1.0219
1626156557753000,0,984.94580000,1.0217
1626156655276000,1,121.65696542,1.0225
1626156695382000,1,500.00000000,1.0200
1626156699094000,1,1000.00000000,1.0174
1626156699129000,0,401.61415510,1.0179
1626156705027000,1,1000.00000000,1.0157
1626156705238000,0,493.85343222,1.0163
1626156705238000,0,395.62194342,1.0163
1626156705238000,0,494.36313364,1.0164
1626156723430000,1,500.00000000,1.0150
1626156741107000,0,959.54756000,1.0143
1626156759799000,0,616.23153000,1.0146
1626156763096000,0,876.17414000,1.0148
1626156805185000,1,513.72361413,1.0136
1626156835463000,1,720.39764000,1.0116
1626156836559000,1,500.00000000,1.0100
1626156839098000,0,66.83779000,1.0102
1626156839742000,0,66.06241000,1.0102
1626156858758000,0,250.01692899,1.0089
1626156858912000,0,408.35638101,1.0089
1626156864320000,1,516.67920495,1.0102
1626156864341000,1,0.00198842,1.0102
1626156864341000,1,335.97132142,1.0101
1626156878665000,1,250.00000000,1.0083
1626156913453000,1,250.00000000,1.0118
1626156917913000,1,775.93773000,1.0118
1626156990526000,0,502.54623579,1.0107
1626156995640000,1,393.14899656,1.0095
1626157006319000,1,391.90458249,1.0104
1626157006979000,1,415.31011428,1.0104
1626157007510000,1,399.36955724,1.0104
1626157009123000,1,391.98243061,1.0105
1626157014916000,1,400.52220321,1.0108
1626157015427000,1,1000.00000000,1.0111
1626157172584000,0,250.00000000,1.0225
1626157173918000,0,250.13346373,1.0225
1626157174757000,0,250.00000000,1.0225
1626157176327000,0,250.31276000,1.0225
1626157176914000,0,250.00000000,1.0225
1626157177204000,0,48.90214680,1.0225
1626157179903000,0,250.00000000,1.0225
1626157180220000,0,9763.06402514,1.0225
1626157180326000,0,250.27655142,1.0225
1626157180814000,0,1362.20654099,1.0225
1626157182924000,0,496.30973958,1.0272
1626157182924000,0,305.59611574,1.0275
1626157182924000,0,7.38128468,1.0275
1626157185866000,1,471.33223680,1.0241
1626157196695000,1,249.82195991,1.0251
1626157197089000,1,179.37486587,1.0251
1626157216862000,0,389.41881541,1.0363
1626157216862000,0,303.21762459,1.0366
1626157218393000,0,1000.00000000,1.0368
1626157227918000,0,298.28453135,1.0346
1626157227918000,0,488.40120110,1.0346
1626157228020000,0,48.32692196,1.0346
1626157228300000,0,249.99997705,1.0320
1626157228585000,0,0.00002295,1.0320
1626157228585000,0,268.35287705,1.0341
1626157228889000,1,250.00000000,1.0286
1626157230901000,0,750.00000000,1.0281
1626157234484000,0,58.85578000,1.0324
1626157244155000,0,1000.00000000,1.0320
1626157245197000,1,407.86639437,1.0319
1626157245725000,1,519.41162878,1.0317
1626157273686000,1,929.78889920,1.0221
1626157273686000,1,70.21110080,1.0221
1626157273878000,1,179.78889920,1.0221
1626157280169000,1,503.38684870,1.0233
1626157282002000,0,36.55890000,1.0237
1626157283234000,1,250.00000000,1.0220
1626157283234000,1,509.69286378,1.0216
1626157284815000,0,240.30713622,1.0215
1626157286446000,0,276.33411300,1.0231
1626157286446000,0,504.81427042,1.0236
1626157286446000,0,218.85161658,1.0237
1626157286632000,0,286.16225872,1.0237
1626157289320000,1,249.99998045,1.0226
1626157295221000,0,386.68056174,1.0238
1626157295221000,0,121.99967704,1.0242
1626157295365000,0,415.49089462,1.0239
1626157295365000,0,171.20396538,1.0242
1626157303931000,0,477.70321686,1.0258
1626157305039000,0,481.58666393,1.0264
1626157305199000,0,310.52702177,1.0295
1626157305259000,1,402.77974519,1.0282
1626157306037000,0,481.58663719,1.0266
1626157310003000,0,500.00000000,1.0320
1626157313161000,0,250.00000000,1.0342
1626157313215000,1,822.61697000,1.0350
1626157323534000,1,482.87117208,1.0349
1626157323534000,1,476.83545471,1.0349
1626157326003000,0,485.32670820,1.0362
1626157326121000,1,250.00000000,1.0367
1626157329509000,0,53.98819000,1.0381
1626157329934000,0,53.98819000,1.0381
1626157330258000,0,869.07358688,1.0387
1626157334961000,0,87.91243000,1.0378
1626157335514000,0,325.60348000,1.0383
1626157339984000,0,93.61657000,1.0406
1626157340503000,0,153.16776000,1.0409
1626157345357000,1,953.91296000,1.0387
1626157354194000,0,734.43506000,1.0366
1626157354194000,0,279.67701797,1.0366
1626157354220000,0,294.34680000,1.0366
1626157354220000,0,99.77712480,1.0366
1626157354223000,0,140.90867238,1.0366
1626157354223000,0,269.01300548,1.0366
1626157354280000,0,250.00000000,1.0351
1626157354280000,0,224.73625734,1.0366
1626157354280000,0,35.26374266,1.0366
1626157355771000,0,726.39824874,1.0362
1626157355771000,0,249.17584866,1.0366
1626157364181000,0,904.20124000,1.0359
1626157364408000,0,0.00000001,1.0366
1626157365821000,1,206.88752000,1.0375
1626157366125000,0,249.99998858,1.0359
1626157366280000,0,453.95766142,1.0359
1626157369789000,1,180.07112437,1.0359
1626157372273000,0,250.00000000,1.0353
1626157372553000,0,372.32704000,1.0353
1626157374435000,0,250.00000000,1.0367
1626157376653000,0,250.00000000,1.0367
1626157415466000,0,208.79755800,1.0410
1626157415466000,0,41.20244200,1.0413
1626157437313000,1,250.00000000,1.0467
1626157437986000,1,479.16909551,1.0465
1626157441483000,1,854.32978000,1.0429
1626157494340000,1,250.00000000,1.0440
1626157495841000,0,139.31855120,1.0447
1626157496522000,0,250.00000000,1.0447
1626157496813000,0,250.01832052,1.0447
1626157523391000,1,474.76873536,1.0449
1626157552068000,0,754.39841000,1.0410
1626157563889000,1,1000.00000000,1.0367
1626157565852000,0,517.50253379,1.0355
1626157567429000,1,1000.00000000,1.0341
1626157568560000,1,479.67148575,1.0336
1626157569932000,1,479.49125597,1.0336
1626157571275000,0,497.01698408,1.0345
1626157571631000,0,515.85263702,1.0347
1626157574078000,0,748.68233000,1.0372
1626157574525000,0,915.97015000,1.0346
1626157575285000,1,250.00000000,1.0360
1626157575352000,0,479.01076000,1.0357
1626157579256000,1,407.46561911,1.0371
1626157579256000,1,323.04027089,1.0369
1626157583859000,0,875.34226000,1.0380
1626157680462000,0,848.59446000,1.0391
1626157691036000,0,411.02613366,1.0423
1626157691096000,1,385.77332607,1.0425
1626157700364000,1,390.84350523,1.0457
1626157700966000,1,1000.00000000,1.0459
1626157701677000,1,509.31038558,1.0452
1626157701677000,1,518.17151009,1.0452
1626157729162000,1,899.23180000,1.0467
1626157729953000,1,944.81899000,1.0475
1626157740726000,0,724.65946897,1.0494
1626157771455000,0,3614.47000000,1.0500
1626157782536000,1,48.96536189,1.0552
1626157783531000,1,43.77079000,1.0581
1626157789230000,0,250.00000000,1.0600
1626157789370000,0,146.50195702,1.0600
1626157789370000,0,1000.00000000,1.0600
1626157789370000,0,744.33112230,1.0600
1626157799792000,1,507.21105596,1.0629
1626157799792000,1,492.78894404,1.0629
1626157801465000,0,988.24882832,1.0647
1626157801613000,1,500.04913235,1.0633
1626157840114000,1,496.95182883,1.0668
1626157864036000,0,61.75876949,1.0700
1626157864554000,0,874.16947000,1.0701
1626157875738000,0,170.46593692,1.0697
1626157876808000,1,693.97766000,1.0701
1626157878130000,0,479.43169120,1.0711
1626157894935000,0,482.75756129,1.0751
1626157902718000,0,250.04002602,1.0758
1626157905643000,1,998.01715000,1.0730
1626157910541000,0,500.23366086,1.0730
1626157910541000,0,469.81405732,1.0732
1626157978257000,0,250.19505798,1.0753
1626157990354000,0,250.20538163,1.0755
1626158064214000,1,1000.00000000,1.0700
1626158068912000,1,1000.00000000,1.0677
1626158071131000,0,396.03241575,1.0682
1626158071131000,0,480.21289171,1.0683
1626158071680000,0,1000.00000000,1.0681
1626158083238000,0,807.55960000,1.0689
1626158086532000,1,389.61316833,1.0698
1626158086532000,1,283.95609167,1.0692
1626158088427000,1,495.90977257,1.0698
1626158098842000,0,683.51070000,1.0709
1626158099202000,1,208.46255569,1.0714
1626158099280000,1,108.02674431,1.0714
1626158100404000,0,25.77089996,1.0714
1626158100927000,0,829.60807000,1.0717
1626158101939000,0,487.18316689,1.0729
1626158101939000,0,476.56669536,1.0733
1626158109745000,1,514.97232056,1.0740
1626158109745000,1,478.01164807,1.0740
1626158121669000,0,1000.00000000,1.0770
1626158134909000,1,895.04753000,1.0803
1626158143329000,0,249.99998142,1.0789
1626158145211000,0,288.75395938,1.0803
1626158145211000,0,161.74217000,1.0803
1626158191069000,1,707.51063000,1.0855
1626158193276000,0,509.22884940,1.0845
1626158193276000,0,244.45429060,1.0845
1626158196902000,1,18.67570570,1.0828
1626158198787000,1,208.46255569,1.0813
1626158203796000,0,517.38956984,1.0829
1626158203798000,0,132.27416033,1.0829
1626158203818000,0,202.04618983,1.0829
1626158203818000,0,81.69215963,1.0833
1626158204879000,0,402.41285340,1.0838
1626158204900000,0,86.57356640,1.0838
1626158218285000,1,498.32262340,1.0808
1626158218285000,1,501.67737660,1.0808
1626158226214000,1,405.99422244,1.0800
1626158227912000,0,489.29792041,1.0827
1626158228225000,1,249.99999076,1.0815
1626158252768000,0,391.15721531,1.0845
1626158253007000,1,250.00000000,1.0840
1626158253007000,1,152.23108011,1.0839
1626158266762000,1,499.70048150,1.0924
1626158268708000,1,498.90799123,1.0941
1626158270748000,0,390.00127377,1.0936
1626158270771000,0,410.83149851,1.0939
1626158270817000,0,45.72097404,1.0936
1626158271676000,1,472.36771114,1.0924
1626158271676000,1,527.63228886,1.0924
1626158272712000,1,816.02876114,1.0924
1626158272712000,1,183.97123886,1.0921
1626158274422000,0,492.46950647,1.0929
1626158274422000,0,391.63160949,1.0929
1626158274422000,0,413.87804234,1.0935
1626158274512000,1,31.21002170,1.0942
1626158276106000,0,510.84907350,1.0937
1626158276314000,1,340.17839650,1.0939
1626158280516000,1,1000.00000000,1.0940
1626158283520000,1,486.14951179,1.0960
1626158284739000,0,496.91624325,1.0961
1626158286260000,1,485.60037172,1.0962
1626158291340000,1,391.02757760,1.0963
1626158291340000,1,491.70028807,1.0962
1626158291913000,1,1000.00000000,1.0964
1626158302493000,1,747.88182000,1.0902
1626158304350000,0,520.66633967,1.0929
1626158304350000,0,471.44249520,1.0929
1626158308830000,1,480.78857092,1.0899
1626158309926000,1,274.44561221,1.0899
1626158309926000,1,520.36566617,1.0894
1626158313602000,0,248.38809055,1.0884
1626158314486000,0,635.54845000,1.0877
1626158316540000,1,508.90535502,1.0868
1626158316540000,1,195.72471498,1.0868
1626158316648000,0,966.32855221,1.0901
1626158316727000,1,33.67144779,1.0906
1626158317300000,1,250.00000000,1.0872
1626158317300000,1,412.25007000,1.0862
1626158318422000,1,404.60718371,1.0868
1626158318491000,0,548.68732629,1.0868
1626158320421000,1,250.00000000,1.0883
1626158334640000,0,249.72857550,1.0872
1626158334642000,0,249.60628776,1.0872
1626158334860000,0,297.20908674,1.0872
1626158336074000,1,250.00000000,1.0873
1626158336325000,0,712.21755000,1.0868
1626158341103000,1,250.00000000,1.0892
1626158341322000,0,429.21010000,1.0877
1626158344010000,1,250.00000000,1.0888
1626158344126000,0,692.97676000,1.0888
1626158346444000,1,249.99998911,1.0877
1626158346444000,1,291.20160000,1.0877
1626158366972000,0,249.99998165,1.0893
1626158386759000,1,900.86558000,1.0881
1626158389345000,0,410.13674376,1.0874
1626158389345000,0,235.09104532,1.0878
1626158389345000,0,242.87967092,1.0878
1626158390354000,0,486.59456953,1.0890
1626158394658000,0,650.41708000,1.0897
1626158407586000,0,881.16508000,1.0882
1626158413062000,0,709.58664000,1.0880
1626158417049000,0,628.39892000,1.0885
1626158440121000,0,966.22723356,1.0906
1626158461885000,1,249.99998165,1.0935
1626158479323000,1,200.83181794,1.0954
1626158479782000,1,474.04788388,1.0949
1626158497510000,1,475.61003922,1.0931
1626158511274000,0,18.29725724,1.0931
1626158527740000,0,396.94482036,1.0885
1626158527740000,0,103.05517964,1.0889
1626158541553000,1,250.51838275,1.0885
1626158547835000,1,487.38817819,1.0857
1626158547835000,1,512.61182181,1.0855
1626158550613000,1,250.00000000,1.0846
1626158550730000,0,295.42250998,1.0840
1626158550730000,0,396.19604318,1.0840
1626158550730000,0,416.97246609,1.0843
1626158560757000,0,389.74941466,1.0822
1626158560757000,0,472.89134141,1.0822
1626158565518000,1,473.09257118,1.0809
1626158584800000,0,689.80166000,1.0827
1626158593288000,0,943.47990000,1.0839
1626158598282000,0,929.02200000,1.0814
1626158602207000,1,500.00000000,1.0800
1626158602321000,0,158.90268419,1.0803
1626158602593000,0,199.46605000,1.0799
1626158604541000,0,259.96992725,1.0801
1626158604899000,0,62.69669000,1.0799
1626158605737000,0,62.32246000,1.0799
1626158606589000,0,53.98819000,1.0799
1626158615367000,1,1000.00000000,1.0782
1626158615776000,0,479.73027365,1.0802
1626158635395000,0,495.87977842,1.0732
1626158635395000,0,504.12022158,1.0735
1626158639089000,0,730.38695000,1.0749
1626158641456000,1,395.47932040,1.0776
1626158641456000,1,25.03606760,1.0772
1626158647374000,0,159.38264590,1.0753
1626158647452000,0,695.18250410,1.0753
1626158669144000,1,395.91615945,1.0796
1626158669144000,1,384.13739089,1.0793
1626158669144000,1,515.47308166,1.0791
1626158669144000,1,493.21604189,1.0791
1626158669144000,1,235.49332611,1.0791
1626158695400000,1,965.24485000,1.0779
1626158726856000,1,502.21354180,1.0789
1626158732698000,0,903.07157000,1.0785
1626158746455000,1,250.00000000,1.0781
1626158770639000,1,250.42876630,1.0760
1626158772772000,1,963.44467000,1.0720
1626158775126000,0,386.85772704,1.0715
1626158776847000,0,514.42692938,1.0715
1626158791346000,1,500.00000000,1.0700
1626158799163000,0,496.58124644,1.0671
1626158799405000,0,666.66485000,1.0673
1626158799405000,0,493.57055121,1.0674
1626158801131000,0,816.72982000,1.0668
1626158814089000,1,250.00000000,1.0644
1626158814146000,0,750.00000000,1.0642
1626158814153000,1,401.90651300,1.0648
1626158814154000,1,254.30193784,1.0648
1626158828145000,0,1000.00000000,1.0644
1626158838544000,0,511.73602086,1.0626
1626158838544000,0,488.26397914,1.0630
1626158839226000,0,250.04594144,1.0633
1626158839740000,0,590.64203856,1.0633
1626158841140000,1,400.33432490,1.0634
1626158841140000,1,411.60933303,1.0634
1626158841140000,1,80.99178207,1.0629
1626158846440000,0,996.59768000,1.0638
1626158853189000,0,250.00000000,1.0660
1626158853204000,0,368.95912000,1.0660
1626158886632000,1,250.09758912,1.0741
1626158887695000,1,763.38977000,1.0729
1626158915203000,1,497.91127292,1.0780
1626158915203000,1,497.28674167,1.0780
1626158916114000,1,388.07258791,1.0780
1626158935863000,1,512.55493951,1.0784
1626158935951000,1,520.38751902,1.0782
1626158945724000,1,908.13106000,1.0759
1626158998537000,0,815.95542000,1.0768
1626159014105000,1,232.36360256,1.0776
1626159082908000,0,490.12328959,1.0776
1626159088681000,1,212.76369400,1.0792
1626159108794000,1,393.35509276,1.0801
1626159108794000,1,389.59876197,1.0801
1626159108794000,1,479.82898844,1.0800
1626159161374000,0,250.00000000,1.0840
1626159161485000,0,1250.00000000,1.0840
1626159163181000,0,1018.79003000,1.0854
1626159217907000,1,513.82081677,1.0913
1626159217907000,1,250.00000000,1.0913
1626159254255000,1,231.47505161,1.0902
1626159323140000,1,250.00000000,1.0902
1626159323140000,1,750.00000000,1.0901
1626159323569000,1,140.55481000,1.0901
1626159333829000,0,1000.00000000,1.0923
1626159357840000,1,250.00000000,1.0876
1626159357840000,1,279.93195840,1.0867
1626159381699000,1,250.00000000,1.0892
1626159390863000,1,953.33885000,1.0851
1626159395486000,0,489.53214217,1.0852
1626159395486000,0,20.41772975,1.0853
1626159449415000,1,250.00000000,1.0822
1626159449415000,1,874.78485370,1.0819
1626159467540000,1,500.00000000,1.0800
1626159480914000,0,517.78065678,1.0789
1626159491336000,1,250.00000000,1.0791
1626159604605000,0,214.69987623,1.0827
1626159622231000,0,500.00000000,1.0840
1626159641974000,1,250.00000000,1.0924
1626159643774000,1,1000.00000000,1.0903
1626159649368000,1,721.64900000,1.0911
1626159651029000,0,1000.00000000,1.0912
1626159652522000,0,1000.00000000,1.0916
1626159693695000,1,249.99998171,1.0964
1626159703302000,1,249.99995675,1.0955
1626159731316000,1,250.00000000,1.1000
1626159731558000,0,250.02209090,1.1000
1626159731949000,0,250.22768000,1.1000
1626159733573000,0,250.00000000,1.1000
1626159737206000,0,250.12177272,1.1000
1626159745376000,0,130.16405454,1.1000
1626159746105000,0,120.07229090,1.1000
1626159747578000,0,130.20472727,1.1000
1626159749347000,0,823.49238367,1.1000
1626159749347000,0,2339.42475728,1.1000
1626159749347000,0,484.61905905,1.1000
1626159749530000,0,120.31142727,1.1000
1626159749895000,0,3046.05436216,1.1000
1626159760463000,0,501.37725407,1.1037
1626159772520000,1,18.29725724,1.1048
1626159772842000,0,250.10230550,1.1095
1626159774156000,0,254.85887869,1.1095
1626159774156000,0,500.29172262,1.1095
1626159775100000,1,509.68192268,1.1057
1626159775100000,1,474.30436568,1.1057
1626159777846000,1,642.96063000,1.1031
1626159779340000,1,500.00000000,1.1000
1626159780056000,0,961.55302000,1.1023
1626159780153000,0,405.18947269,1.1023
1626159784115000,1,1001.18615000,1.1029
1626159784856000,0,495.81746866,1.1037
1626159784856000,0,504.18253134,1.1037
1626159791252000,0,835.10486000,1.1065
1626159793305000,0,622.82009514,1.1024
1626159795356000,0,0.00002486,1.1024
1626159815030000,1,250.19660139,1.1046
1626159815030000,1,249.80339861,1.1042
1626159836848000,0,477.40236424,1.1090
1626159836848000,0,487.84552280,1.1090
1626159855868000,0,396.88499924,1.1128
1626159855878000,1,335.45594076,1.1130
1626159858656000,1,858.77058000,1.1111
1626159865524000,0,478.21421196,1.1114
1626159871181000,1,888.61875000,1.1113
1626159913519000,0,478.05288109,1.1083
1626159913519000,0,21.94711891,1.1084
1626159916212000,0,637.87762000,1.1086
1626159917341000,0,684.71506999,1.1097
1626159918504000,0,885.87826000,1.1082
1626159947820000,1,698.33668000,1.1117
1626159954723000,1,482.22112170,1.1102
1626159954885000,0,517.77887830,1.1099
1626159959431000,1,950.34824000,1.1115
1626159975332000,0,393.06914329,1.1078
1626159975332000,0,521.05898356,1.1083
1626159975332000,0,413.83499534,1.1083
1626159977944000,0,511.49957246,1.1092
1626159977944000,0,488.50042754,1.1093
1626159978646000,0,259.81488246,1.1093
1626159980755000,1,392.87686613,1.1092
1626159980755000,1,412.54730387,1.1090
1626159985367000,0,744.81902000,1.1095
1626159986405000,0,249.99997296,1.1115
1626159994137000,1,250.00000000,1.1085
1626159994137000,1,624.32659000,1.1084
1626159994137000,1,125.67341000,1.1081
1626159995116000,1,716.88056000,1.1103
1626159997741000,0,406.34150353,1.1070
1626159997741000,0,429.54571647,1.1076
1626160013321000,1,480.24470510,1.1066
1626160013963000,0,748.56058000,1.1093
1626160013963000,0,250.00000000,1.1095
1626160013963000,0,1.43942000,1.1096
1626160014140000,0,497.15340881,1.1096
1626160014140000,0,505.60862854,1.1096
1626160018669000,0,190.42651008,1.1137
1626160018669000,0,500.00000000,1.1140
1626160018669000,0,309.57348992,1.1142
1626160019085000,1,250.00000000,1.1117
1626160019331000,0,660.63836000,1.1100
1626160019807000,0,964.95196000,1.1109
1626160019807000,0,35.04804000,1.1167
1626160029060000,1,44.75194000,1.1173
1626160051168000,1,1000.00000000,1.1236
1626160053462000,1,147.74779000,1.1236
1626160054398000,1,277.48085000,1.1236
1626160060803000,1,507.85542004,1.1246
1626160063430000,0,68.92527000,1.1240
1626160063915000,0,68.92527000,1.1240
1626160064450000,0,176.54686000,1.1240
1626160067575000,0,173.18521552,1.1239
1626160067590000,0,181.76862000,1.1249
1626160068505000,0,68.23135334,1.1249
1626160080549000,1,384.24548360,1.1311
1626160080549000,1,389.56382484,1.1310
1626160080549000,1,480.20375197,1.1306
1626160080549000,1,385.88327914,1.1305
1626160088103000,0,17.69081758,1.1305
1626160098466000,1,250.00000000,1.1315
1626160099590000,1,485.97753603,1.1310
1626160102107000,1,745.52634000,1.1278
1626160103801000,0,510.62437398,1.1297
1626160107402000,0,1000.00000000,1.1318
1626160109381000,1,250.00000000,1.1318
1626160109381000,1,407.64174000,1.1315
1626160121746000,1,195.01883308,1.1315
1626160122331000,1,536.36600692,1.1315
1626160142671000,0,365.98809230,1.1362
1626160166155000,0,225.47270421,1.1349
1626160169754000,0,250.00000000,1.1349
1626160170784000,0,105.64601424,1.1349
1626160187682000,0,250.00000000,1.1393
1626160187927000,0,134.34156082,1.1393
1626160189229000,0,470.44242608,1.1393
1626160189250000,0,45.17976310,1.1393
1626160200567000,1,503.51036947,1.1414
1626160203639000,1,919.18812000,1.1398
1626160217427000,0,1000.00000000,1.1416
1626160219437000,0,1000.00000000,1.1422
1626160220467000,1,510.15121442,1.1415
1626160220467000,1,511.50727780,1.1414
1626160228351000,1,470.44242608,1.1393
1626160228351000,1,250.00000000,1.1393
1626160229405000,1,200.00003121,1.1391
1626160229405000,1,799.99996879,1.1388
1626160231023000,1,991.62487000,1.1395
1626160234666000,1,823.71437000,1.1369
1626160240755000,1,356.46385966,1.1305
1626160241623000,0,351.75833997,1.1289
1626160241841000,0,44.26933463,1.1289
1626160242132000,0,351.65727000,1.1289
1626160242536000,0,157.80080525,1.1289
1626160242536000,0,502.81974226,1.1292
1626160247437000,1,511.20227437,1.1262
1626160247437000,1,487.62221336,1.1258
1626160261981000,0,845.41320000,1.1245
1626160264141000,0,394.71512451,1.1238
1626160264175000,0,599.54333549,1.1238
1626160267176000,0,415.68418651,1.1255
1626160267186000,0,597.29387349,1.1255
1626160269334000,1,505.96347372,1.1255
1626160270375000,1,477.28728250,1.1249
1626160273704000,1,0.00000001,1.1249
1626160285392000,0,683.26658000,1.1243
1626160287030000,1,394.45147109,1.1242
1626160288388000,1,517.23390583,1.1240
1626160288388000,1,474.73418845,1.1237
1626160292789000,1,495.32653495,1.1220
1626160295407000,1,474.69127304,1.1200
1626160300300000,0,672.35871999,1.1217
1626160301822000,0,0.00000001,1.1217
1626160301822000,0,502.88385727,1.1237
1626160307295000,1,397.85378541,1.1250
1626160307295000,1,319.60440459,1.1249
1626160307511000,1,415.23263043,1.1253
1626160308560000,1,508.84641474,1.1249
1626160309723000,1,516.82567488,1.1241
1626160311946000,0,484.30863637,1.1257
1626160315103000,0,726.96220000,1.1272
1626160315175000,0,400.93930635,1.1276
1626160315311000,1,273.03780000,1.1275
1626160315311000,1,388.55240575,1.1275
1626160317459000,0,249.99998230,1.1295
1626160331697000,1,923.20168000,1.1294
1626160334121000,1,906.50462000,1.1299
1626160336114000,1,774.05713000,1.1301
1626160339313000,1,250.00000000,1.1309
1626160341731000,1,494.66806632,1.1304
1626160341731000,1,250.00000000,1.1304
1626160341731000,1,504.24445632,1.1304
1626160344116000,1,250.00000000,1.1311
1626160369799000,1,146.76516932,1.1322
1626160370525000,1,608.14252067,1.1322
1626160370994000,1,0.00000001,1.1322
1626160371808000,0,250.00000000,1.1313
1626160371809000,1,366.88232000,1.1320
1626160372929000,1,250.00000000,1.1284
1626160373081000,0,249.99998948,1.1278
1626160374249000,0,392.92120062,1.1282
1626160374249000,0,417.80281089,1.1285
1626160374249000,0,39.61839849,1.1288
1626160390347000,1,392.03771516,1.1312
1626160390436000,1,11.08162434,1.1312
1626160390436000,1,151.60432206,1.1306
1626160390517000,1,389.35878262,1.1312
1626160390517000,1,24.74062814,1.1306
1626160392134000,1,392.03771516,1.1306
1626160392158000,1,0.00685477,1.1306
1626160392158000,1,466.84265421,1.1303
1626160394380000,1,466.84263543,1.1307
1626160394640000,0,250.00000000,1.1325
1626160397193000,1,250.00000000,1.1321
1626160397267000,0,487.59034711,1.1315
1626160397267000,0,11.71575531,1.1345
1626160397292000,0,476.54446522,1.1345
1626160397327000,0,11.04589981,1.1345
1626160397455000,0,250.00000000,1.1347
1626160397518000,1,142.80327732,1.1351
1626160397518000,1,388.40403701,1.1345
1626160399446000,1,284.24852329,1.1279
1626160399446000,1,249.82338408,1.1278
1626160400356000,0,873.32955000,1.1279
1626160410376000,1,0.00000001,1.1278
1626160410376000,1,821.41309000,1.1278
1626160412744000,0,209.86956560,1.1262
1626160412808000,0,250.00000000,1.1256
1626160412808000,0,229.59884444,1.1267
1626160412826000,1,359.27739556,1.1268
1626160413126000,1,515.99985595,1.1253
1626160414157000,1,494.35926503,1.1253
1626160418184000,1,775.38135000,1.1239
1626160428826000,0,949.73796000,1.1234
1626160450554000,0,477.95927884,1.1244
1626160467377000,0,633.85140000,1.1243
1626160498296000,0,913.51572000,1.1262
1626160498916000,1,86.48428000,1.1268
1626160500293000,0,763.81467000,1.1260
1626160522096000,1,250.00000000,1.1331
1626160522096000,1,249.81872685,1.1329
1626160524516000,1,250.00000000,1.1343
1626160536995000,1,789.44769000,1.1331
1626160540750000,1,631.45808999,1.1330
1626160542103000,1,0.00000001,1.1330
1626160542104000,1,616.40901000,1.1319
1626160543546000,1,930.67049000,1.1323
1626160555117000,0,596.12888579,1.1321
1626160555117000,0,403.87111421,1.1323
1626160556310000,1,927.87326762,1.1356
1626160558358000,0,706.85363000,1.1357
1626160571519000,1,250.00000000,1.1382
1626160586360000,1,859.38511000,1.1375
1626160589910000,1,509.89611648,1.1301
1626160595222000,1,977.67639999,1.1305
1626160597025000,1,500.00000000,1.1300
1626160604253000,0,413.68611941,1.1247
1626160604253000,0,45.61689300,1.1247
1626160604438000,0,44.45432318,1.1246
1626160607141000,1,389.20724321,1.1234
1626160609229000,0,249.99998217,1.1217
1626160609229000,0,750.00001783,1.1221
1626160613113000,0,701.89382000,1.1221
1626160619505000,0,425.97945451,1.1246
1626160620547000,0,374.88885728,1.1247
1626160620547000,0,625.11114272,1.1247
1626160635617000,1,250.00000000,1.1209
1626160635617000,1,750.00000000,1.1205
1626160636635000,1,500.00000000,1.1200
1626160638895000,1,518.80156787,1.1143
1626160638895000,1,478.27636778,1.1143
1626160640450000,0,939.47364000,1.1189
1626160640450000,0,60.52636000,1.1194
1626160641569000,0,680.85910000,1.1176
1626160664071000,0,511.08735746,1.1168
1626160668380000,0,684.69875000,1.1171
1626160677709000,0,914.79747000,1.1171
1626160680101000,1,250.05077719,1.1194
1626160680101000,1,434.25532281,1.1186
1626160797027000,1,635.48014000,1.1202
1626160799138000,1,987.63665000,1.1201
1626160800323000,1,1000.00000000,1.1190
1626160802127000,1,250.00000000,1.1172
1626160802127000,1,750.00000000,1.1172
1626160820073000,1,250.68904524,1.1156
1626160820320000,0,453.50793476,1.1154
1626160820320000,0,499.40484446,1.1159
1626160820320000,0,481.17283804,1.1164
1626160837036000,0,667.87649000,1.1147
1626160839740000,0,494.45157671,1.1154
1626160845476000,0,250.00000000,1.1222
1626160845631000,1,510.00000000,1.1227
1626160846120000,0,444.40560000,1.1157
1626160846126000,0,305.82733000,1.1157
1626160847461000,0,472.50686904,1.1227
1626160847461000,0,482.74793642,1.1227
1626160847461000,0,44.74519454,1.1227
1626160855493000,0,385.21625043,1.1221
1626160855613000,0,387.56968656,1.1221
1626160855613000,0,20.38677953,1.1221
1626160855715000,1,44.55970555,1.1221
1626160856664000,0,389.55840729,1.1221
1626160856664000,0,361.80212271,1.1221
1626160857238000,0,359.91764475,1.1219
1626160857253000,0,40.15063229,1.1219
1626160857311000,1,359.91764475,1.1219
1626160861093000,1,481.53537068,1.1190
1626160861093000,1,199.42326903,1.1190
1626160861447000,0,44.56844376,1.1219
1626160865819000,0,44.59786109,1.1211
1626160865914000,0,250.00000000,1.1211
1626160865915000,0,145.60803869,1.1211
1626160865915000,0,210.35413831,1.1211
1626160865932000,0,137.87068993,1.1211
1626160865932000,0,108.68898839,1.1217
1626160871867000,0,472.84184563,1.1215
1626160873471000,0,406.46163910,1.1244
1626160873471000,0,483.66794342,1.1249
1626160873471000,0,409.70106061,1.1249
1626160873711000,1,109.48678687,1.1249
1626160879733000,0,66.40879000,1.1249
1626160880763000,0,43.07800000,1.1249
1626160882243000,0,250.00000000,1.1275
1626160890794000,0,1000.00000000,1.1290
1626160902103000,1,799.13550000,1.1308
1626160909922000,1,473.18557013,1.1306
1626160918713000,1,734.46801000,1.1292
1626160919504000,1,1000.00000000,1.1260
1626160919737000,1,59.79673000,1.1260
1626160920694000,0,509.43651259,1.1254
1626160920694000,0,250.00000000,1.1254
1626160921030000,1,774.58800000,1.1284
1626160922265000,1,401.07550562,1.1259
1626160932235000,1,412.27064748,1.1253
1626160932883000,1,1000.00000000,1.1254
1626160941192000,0,491.63998258,1.1273
1626160941516000,1,400.59571268,1.1255
1626160944038000,1,399.10263875,1.1255
1626160944038000,1,365.41413125,1.1253
1626160950259000,1,297.88128400,1.1250
1626160950274000,1,204.16131606,1.1250
1626160962896000,1,411.33477507,1.1219
1626160962896000,1,400.53062612,1.1219
1626160962896000,1,188.13459881,1.1217
1626160963059000,1,321.86540119,1.1217
1626160967605000,0,515.22776136,1.1199
1626160967605000,0,484.77223864,1.1199
1626160968525000,0,682.84390000,1.1181
1626160971819000,0,521.13512495,1.1200
1626160985256000,0,249.99997878,1.1168
1626160988968000,0,661.00658122,1.1168
1626160993318000,0,249.99998941,1.1175
1626160993322000,0,374.07712059,1.1175
1626160993322000,0,517.46335675,1.1190
1626160993322000,0,519.32014819,1.1197
1626160993322000,0,471.26893967,1.1201
1626160993945000,0,496.51194738,1.1193
1626161003751000,0,392.79092524,1.1210
1626161003751000,0,231.74799476,1.1216
1626161008326000,1,513.01241939,1.1186
1626161008326000,1,486.98758061,1.1185
1626161010120000,1,509.43092939,1.1185
1626161011659000,1,881.37749000,1.1197
1626161039475000,1,497.47941945,1.1221
1626161039475000,1,403.44275662,1.1221
1626161055961000,1,400.97251390,1.1249
1626161056481000,1,1000.00000000,1.1250
1626161060429000,1,407.97266414,1.1247
1626161061178000,1,1000.00000000,1.1248
1626161103075000,0,399.10086804,1.1256
1626161103075000,0,228.13471964,1.1256
1626161103075000,0,297.88128400,1.1256
1626161150728000,0,398.50977958,1.1276
1626161150728000,0,387.37531505,1.1276
1626161191043000,1,474.97473558,1.1284
1626161191043000,1,250.00000000,1.1284
1626161199522000,0,728.16396671,1.1280
1626161330631000,0,778.22206000,1.1242
1626161330754000,1,394.36172264,1.1246
1626161330759000,1,9.33716938,1.1246
1626161330759000,1,472.32188918,1.1242
1626161353904000,1,9.33716938,1.1242
1626161495857000,1,486.98146444,1.1251
1626161534110000,1,484.39526020,1.1273
1626161536093000,0,967.92472000,1.1274
1626161536343000,1,250.11337005,1.1274
1626161607427000,1,249.99998244,1.1387
1626161613837000,1,853.24656000,1.1364
1626161615450000,0,502.36706392,1.1362
1626161615450000,0,329.27331608,1.1362
1626161622425000,1,507.17184433,1.1323
1626161622425000,1,474.62663558,1.1323
1626161623012000,0,18.20152000,1.1317
1626161623452000,1,470.36463100,1.1316
1626161623452000,1,529.63536900,1.1315
1626161632619000,0,899.20167000,1.1318
1626161649332000,1,490.82872573,1.1338
1626161653894000,0,511.46647784,1.1358
1626161653894000,0,249.99999999,1.1358
1626161661246000,1,519.82128713,1.1338
1626161661735000,1,485.77319957,1.1335
1626161664319000,1,716.28867000,1.1341
1626161665446000,1,520.69316978,1.1329
1626161665446000,1,479.30683022,1.1324
1626161671148000,1,39.20012915,1.1324
1626161672152000,1,612.66422000,1.1330
1626161686850000,1,915.65370000,1.1318
1626161686850000,1,114.29552845,1.1316
1626161689162000,0,250.00000000,1.1311
1626161689162000,0,510.32954119,1.1311
1626161689162000,0,102.54787881,1.1316
1626161705259000,1,387.11815007,1.1301
1626161705259000,1,402.23263978,1.1299
1626161710943000,0,845.31118000,1.1306
1626161715501000,0,250.00000000,1.1346
1626161715690000,0,1000.00000000,1.1346
1626161715934000,0,28.23151000,1.1346
1626161716210000,1,272.00036390,1.1331
1626161716210000,1,178.57595157,1.1331
1626161716832000,0,477.30561486,1.1346
1626161716832000,0,222.33679702,1.1346
1626161716832000,0,300.35758812,1.1346
1626161716929000,1,349.43617979,1.1336
1626161716939000,1,49.04250681,1.1336
1626161717482000,0,349.42965783,1.1336
1626161721272000,0,250.56290000,1.1341
1626161730191000,0,210.03769295,1.1346
1626161730321000,0,490.96125040,1.1348
1626161730338000,0,283.11591343,1.1350
1626161731885000,0,507.69032941,1.1350
1626161731885000,0,342.87748818,1.1350
1626161732177000,0,44.05169907,1.1350
1626161745594000,0,43.99975360,1.1364
1626161745786000,0,292.68635215,1.1364
1626161777381000,0,250.00000000,1.1413
1626161780094000,1,498.14461617,1.1407
1626161780094000,1,481.48659015,1.1407
1626161782516000,1,784.04567000,1.1392
1626161811216000,0,478.07744239,1.1392
1626161824299000,1,17.69081758,1.1372
1626161827131000,1,495.22943417,1.1382
1626161834624000,0,482.63245352,1.1398
1626161835641000,0,480.61120275,1.1399
1626161863356000,0,510.80992484,1.1389
1626161865132000,1,250.10395922,1.1399
1626161865132000,1,484.73515651,1.1395
1626161902175000,0,654.73651000,1.1414
1626161911095000,0,249.92015560,1.1415
1626161925235000,1,249.99998256,1.1466
1626161963595000,1,500.34683161,1.1526
1626161970863000,1,980.74320999,1.1495
1626162019804000,0,710.83756000,1.1478
1626162026302000,1,400.21695530,1.1468
1626162026302000,1,412.00760931,1.1466
1626162090008000,0,250.00000000,1.1518
1626162101452000,0,249.99998265,1.1528
1626162121381000,1,613.16003000,1.1548
1626162129728000,1,129.78096566,1.1551
1626162132487000,1,695.48742434,1.1551
1626162139202000,0,478.51716369,1.1564
1626162139546000,0,17.29535273,1.1564
1626162142694000,0,461.22178697,1.1564
1626162144100000,1,394.02242878,1.1565
1626162169407000,1,925.91635000,1.1535
1626162170909000,0,518.81574901,1.1526
1626162170909000,0,251.06425099,1.1526
1626162173915000,0,517.21306970,1.1528
1626162173915000,0,482.78693030,1.1529
1626162176939000,0,628.04880000,1.1513
1626162202236000,1,510.00000000,1.1493
1626162205226000,1,917.47134000,1.1430
1626162205397000,0,249.99998963,1.1424
1626162207077000,1,806.67311000,1.1424
1626162214716000,0,743.44434000,1.1435
1626162218025000,1,249.84516614,1.1464
1626162218126000,1,0.15483386,1.1464
1626162218126000,1,397.05040518,1.1454
1626162218536000,0,511.71395096,1.1451
1626162227038000,0,43.71202518,1.1439
1626162231614000,0,43.71661144,1.1437
1626162232243000,0,43.71661144,1.1437
1626162234853000,0,43.73381849,1.1433
1626162250392000,0,875.66532000,1.1429
1626162252734000,0,1005.22306000,1.1424
1626162288955000,1,483.48449868,1.1491
1626162290648000,1,794.21075000,1.1473
1626162298676000,0,506.50959882,1.1490
1626162298676000,0,250.00000000,1.1492
1626162326005000,1,683.90907000,1.1462
1626162326005000,1,250.00000000,1.1457
1626162333785000,1,517.94724051,1.1451
1626162334587000,1,791.42167000,1.1436
1626162340489000,1,250.10733611,1.1401
1626162340489000,1,500.00000000,1.1400
1626162359747000,0,785.23323000,1.1416
1626162360773000,0,618.28459999,1.1403
1626162363696000,0,995.06496000,1.1401
1626162363696000,0,0.00000001,1.1403
1626162379867000,1,250.35151414,1.1385
1626162379867000,1,490.23217656,1.1385
1626162420922000,1,505.71887451,1.1385
1626162447551000,0,507.01165166,1.1381
1626162632007000,1,250.00000000,1.1347
1626162632007000,1,750.00000000,1.1343
1626162646758000,1,500.00000000,1.1300
1626162647111000,1,249.99998952,1.1300
1626162647825000,1,732.78919000,1.1291
1626162668671000,1,500.00000000,1.1200
1626162668671000,1,477.94237079,1.1200
1626162684773000,0,749.13864000,1.1219
1626162689806000,0,940.63388000,1.1229
1626162691614000,1,404.56006168,1.1233
1626162691682000,0,533.15622831,1.1233
1626162691728000,0,0.00000001,1.1233
1626162692746000,0,881.15308000,1.1248
1626162693878000,0,507.15689702,1.1249
1626162707287000,1,647.66525000,1.1255
1626162710817000,1,502.50909063,1.1249
1626162712991000,1,488.79990878,1.1244
1626162719737000,1,761.18524000,1.1232
1626162720802000,1,649.12604000,1.1220
1626162736613000,1,408.14637403,1.1188
1626162736695000,0,301.98021597,1.1187
1626162747315000,0,776.52625000,1.1201
1626162750792000,1,505.36889774,1.1209
1626162754911000,0,474.17189388,1.1214
1626162788718000,1,956.24725999,1.1222
1626162789304000,1,0.00000001,1.1222
1626162790613000,0,507.71627769,1.1215
1626162790613000,0,323.46400231,1.1215
1626162830637000,1,250.00000000,1.1187
1626162865564000,0,249.99998213,1.1190
1626162865564000,0,250.00000000,1.1193
1626162866577000,0,932.73543000,1.1202
1626162869447000,1,410.62113226,1.1216
1626162869447000,1,489.82998760,1.1210
1626162869447000,1,51.73996014,1.1210
1626162882466000,1,798.03900000,1.1225
1626162890228000,1,752.17068000,1.1220
1626162933687000,1,481.71453010,1.1252
1626163050065000,1,990.70693000,1.1237
1626163086527000,0,475.90251089,1.1252
1626163086527000,0,507.44531038,1.1252
1626163086707000,1,414.05578164,1.1252
1626163086714000,1,619.32171791,1.1252
1626163202357000,1,854.33230000,1.1214
1626163212553000,0,700.20579000,1.1240
1626163213883000,0,997.07431000,1.1248
1626163218339000,1,249.75839843,1.1279
1626163218550000,0,951.74483999,1.1282
1626163218755000,1,249.82280000,1.1282
1626163223040000,1,510.10119541,1.1290
1626163224338000,1,514.08249352,1.1285
1626163224338000,1,485.91750648,1.1285
1626163230763000,1,510.00000000,1.1306
1626163234794000,0,483.15678350,1.1301
1626163283559000,1,665.39212000,1.1331
1626163283559000,1,334.60788000,1.1326
1626163286225000,0,44.23447812,1.1303
1626163294984000,0,478.80350281,1.1306
1626163295064000,1,403.58772263,1.1291
1626163295064000,1,387.87529807,1.1285
1626163295064000,1,132.52813930,1.1285
1626163305621000,0,29.42907594,1.1286
1626163307111000,0,159.17791226,1.1286
1626163315705000,0,501.21051679,1.1290
1626163328103000,0,631.03653999,1.1253
1626163328180000,0,0.00000001,1.1253
1626163555627000,0,33.93814000,1.1340
1626163556650000,0,250.09282186,1.1340
1626163639940000,0,250.33827160,1.1340
1626163639963000,0,965.63076654,1.1340
1626163855262000,1,250.00000000,1.1305
1626163855262000,1,484.16621938,1.1304
1626163855262000,1,265.83378062,1.1303
1626163856316000,1,482.53711599,1.1299
1626163860965000,0,756.31700000,1.1306
1626163868559000,1,500.00000000,1.1300
1626163925214000,0,870.48755000,1.1264
1626163933745000,1,480.33601853,1.1241
1626163956677000,1,819.79516000,1.1202
1626163956677000,1,180.20484000,1.1200
1626163958527000,1,319.79516000,1.1200
1626163965320000,0,516.38126631,1.1194
1626163969139000,0,65.00502000,1.1181
1626163993688000,0,474.54477909,1.1162
1626163998447000,0,505.45468970,1.1165
1626164035929000,1,250.00000000,1.1151
1626164035929000,1,750.00000000,1.1147
1626164095330000,1,490.24448832,1.1138
1626164104375000,1,250.00000000,1.1112
1626164121501000,0,510.95941432,1.1115
1626164138898000,1,629.59989000,1.1103
1626164138898000,1,370.40011000,1.1101
1626164140009000,1,500.00000000,1.1100
1626164147111000,0,486.15987368,1.1096
1626164183735000,0,490.29920547,1.1085
1626164226963000,0,510.00000000,1.1124
1626164250634000,1,924.76279000,1.1095
1626164289633000,1,486.10640045,1.1090
1626164289633000,1,513.89359955,1.1087
1626164305382000,0,250.00000000,1.1090
1626164313594000,0,501.76781700,1.1125
1626164313594000,0,493.83704662,1.1125
1626164353075000,0,45.45169000,1.1058
1626164357836000,0,250.00000000,1.1063
1626164357991000,1,249.98099945,1.1068
1626164358394000,0,628.87964000,1.1084
1626164360192000,1,249.82438445,1.1104
1626164360248000,1,269.86071698,1.1104
1626164360248000,1,156.55702814,1.1104
1626164363082000,1,510.99625394,1.1115
1626164363082000,1,152.03668606,1.1115
1626164369312000,1,854.15958000,1.1103
1626164377134000,1,982.66263000,1.1090
1626164397137000,1,95.11412000,1.1101
1626164434450000,0,472.59415216,1.1103
1626164434450000,0,250.00000000,1.1103
1626164462397000,0,500.25568300,1.1109
1626164481328000,1,502.09116911,1.1157
1626164481328000,1,497.90883089,1.1153
1626164632579000,0,408.79804766,1.1166
1626164644887000,1,390.55210405,1.1164
1626164743574000,1,403.03531045,1.1141
1626164743574000,1,140.08889602,1.1141
1626164782026000,0,297.96914244,1.1166
1626164782026000,0,408.79802260,1.1166
1626164798829000,1,398.27787113,1.1149
1626164798829000,1,144.84633534,1.1148
1626164952382000,0,108.18797107,1.1188
1626164972087000,0,36.03643873,1.1186
1626164997752000,1,987.94751000,1.1137
1626165012448000,1,485.19586905,1.1140
1626165012537000,1,505.12784838,1.1120
1626165013552000,1,495.33214507,1.1115
1626165032533000,0,636.41214000,1.1130
1626165038408000,0,973.36885000,1.1137
1626165069972000,1,250.00000000,1.1080
1626165070141000,0,225.64318265,1.1075
1626165070978000,1,725.93227000,1.1071
1626165072998000,0,390.31914201,1.1064
1626165072998000,0,248.19595799,1.1065
1626165080209000,1,392.17511546,1.1065
1626165080219000,1,20.75994658,1.1065
1626165080252000,1,133.43821769,1.1065
1626165080741000,1,407.32281948,1.1065
1626165080741000,1,253.62071052,1.1065
1626165085498000,0,392.17056593,1.1065
1626165086533000,0,1000.00000000,1.1078
1626165089411000,1,202.29312245,1.1071
1626165105359000,1,704.76205000,1.1074
1626165129854000,1,392.65082861,1.1101
1626165133009000,1,648.79439000,1.1114
1626165141350000,0,510.00000000,1.1126
1626165279866000,1,628.71443000,1.1115
1626165281868000,0,162.16739957,1.1109
1626165286621000,0,151.17843380,1.1107
1626165322267000,0,197.67851854,1.1104
1626165329914000,0,323.26139533,1.1107
1626165329914000,0,511.31452150,1.1110
1626165416869000,0,477.39592071,1.1064
1626165436984000,0,471.54493555,1.1088
1626165466876000,1,877.98576000,1.1091
1626165469908000,1,904.12341000,1.1092
1626165479587000,1,168.18282786,1.1087
1626165479587000,1,134.17957126,1.1087
1626165508663000,1,100.00000000,1.1060
1626165776755000,0,508.95475284,1.1137
1626165781040000,0,387.60484467,1.1146
1626165781040000,0,409.96809027,1.1147
1626165781040000,0,406.23200184,1.1151
1626165781040000,0,250.00000000,1.1151
1626165781040000,0,1348.43183872,1.1154
1626165781040000,0,510.00000000,1.1155
1626165781040000,0,917.59932000,1.1155
1626165781040000,0,379.95857337,1.1156
1626165781040000,0,283.97215944,1.1161
1626165781040000,0,573.06753462,1.1161
1626165781040000,0,842.84023380,1.1176
1626165820531000,0,250.00000000,1.1166
1626165820531000,0,365.00000000,1.1169
1626165821572000,0,660.89979000,1.1175
1626165823652000,1,479.13072975,1.1182
1626165823652000,1,258.91706025,1.1179
1626165840882000,1,774.03593000,1.1156
1626165842278000,0,250.00000000,1.1144
1626165842335000,1,415.46346000,1.1167
1626165852891000,0,811.85319000,1.1161
1626165867036000,1,391.28084303,1.1152
1626165867036000,1,403.38938495,1.1149
1626165867036000,1,23.01437202,1.1146
1626165880206000,0,249.99328072,1.1162
1626165887613000,0,928.06595000,1.1180
1626165943637000,0,876.22756000,1.1208
1626165982096000,0,471.62834384,1.1237
1626165982965000,0,1500.00000000,1.1240
1626165985682000,0,689.60710000,1.1273
1626165987460000,0,802.65913000,1.1290
1626165994327000,0,392.77591372,1.1315
1626165994327000,0,407.17229685,1.1317
1626165994327000,0,66.76792943,1.1320
1626166001759000,1,472.09807483,1.1306
1626166002761000,1,520.19727767,1.1300
1626166008214000,1,499.28317925,1.1292
1626166008214000,1,489.74586716,1.1292
1626166038526000,1,302.45947000,1.1387
1626166041223000,0,250.00000000,1.1428
1626166041223000,0,212.11982170,1.1442
1626166041629000,1,395.35654093,1.1412
1626166041629000,1,135.43845907,1.1411
1626166051199000,0,477.16404685,1.1437
1626166051199000,0,476.43776875,1.1442
1626166072197000,0,250.00000000,1.1481
1626166072197000,0,483.22116284,1.1485
1626166072197000,0,489.15476951,1.1489
1626166072197000,0,412.42820815,1.1490
1626166072197000,0,1309.83327483,1.1494
1626166072197000,0,401.08652002,1.1495
1626166072197000,0,71.24683920,1.1511
1626166072197000,0,1745.78164826,1.1512
1626166072197000,0,282.11881037,1.1513
1626166072197000,0,538.42666508,1.1517
1626166072197000,0,1424.58568000,1.1517
1626166072197000,0,641.61960000,1.1519
1626166072197000,0,288.22630078,1.1528
1626166072197000,0,97.49397522,1.1528
1626166073293000,1,483.94965513,1.1460
1626166073293000,1,516.05034487,1.1456
1626166074940000,1,4.98468444,1.1456
1626166083600000,0,250.00000000,1.1496
1626166083600000,0,487.39237954,1.1498
1626166091622000,1,250.00000000,1.1491
1626166094405000,0,865.07301000,1.1513
1626166094535000,1,250.00000000,1.1503
1626166105684000,0,678.11803000,1.1580
1626166105915000,1,250.00000000,1.1585
1626166122403000,1,493.27078703,1.1610
1626166125756000,0,250.00000000,1.1593
1626166135535000,1,480.64059048,1.1632
1626166284317000,1,250.00000000,1.1585
1626166284434000,0,249.99998978,1.1581
1626166293983000,0,988.50780000,1.1578
1626166297122000,1,250.00000000,1.1585
1626166368310000,1,510.00000000,1.1554
1626166368310000,1,250.00000000,1.1554
1626166385353000,1,475.05998798,1.1505
1626166397434000,0,956.58743000,1.1541
1626166450412000,0,250.00000000,1.1604
1626166460329000,0,404.03076217,1.1640
1626166460329000,0,401.44898723,1.1641
1626166460389000,1,98.64392060,1.1643
1626166478552000,1,249.99997425,1.1659
1626166484103000,1,498.34054681,1.1680
1626166484103000,1,501.65945319,1.1678
1626166484236000,1,249.99998286,1.1668
1626166486583000,0,410.62890363,1.1681
1626166486692000,1,212.42860637,1.1682
1626166493686000,1,889.81084000,1.1673
1626166500527000,0,250.00000000,1.1672
1626166515409000,0,250.00000000,1.1713
1626166515409000,0,508.87014339,1.1718
1626166516536000,0,170.30712647,1.1718
1626166516536000,0,504.67159064,1.1722
1626166524427000,1,250.00000000,1.1691
1626166524427000,1,750.00000000,1.1689
1626166524531000,1,110.29554000,1.1689
1626166525433000,1,470.66717536,1.1683
1626166525433000,1,490.54186105,1.1682
1626166526919000,1,798.59195000,1.1687
1626166532769000,0,826.74523000,1.1682
1626166532769000,0,173.25477000,1.1683
1626166538990000,0,76.74523000,1.1683
1626166540048000,0,110.29552416,1.1689
1626166540048000,0,115.49917034,1.1691
1626166541823000,1,387.31491298,1.1697
1626166546751000,0,517.23981486,1.1693
1626166546753000,1,17.29535273,1.1670
1626166554793000,0,403.60833113,1.1704
1626166564742000,1,200.06868639,1.1717
1626166564752000,1,199.73927777,1.1717
1626166564752000,1,308.17041629,1.1715
1626166564829000,0,499.28789528,1.1746
1626166588761000,1,831.04715000,1.1776
1626166590868000,0,483.10658490,1.1775
1626166590868000,0,205.42137510,1.1775
1626166591279000,0,492.24889013,1.1779
1626166591279000,0,230.89343494,1.1779
1626166602238000,0,201.55616983,1.1811
1626166620999000,0,120.00000000,1.1866
1626166623348000,0,477.08374527,1.1869
1626166623348000,0,305.32907845,1.1869
1626166643587000,1,632.61289999,1.1801
1626166644661000,1,838.37832000,1.1786
1626166648197000,1,469.96009101,1.1801
1626166660988000,0,709.65518000,1.1703
1626166678178000,0,698.31512999,1.1683
1626166678530000,0,0.00000001,1.1683
1626166678846000,0,250.00000000,1.1669
1626166678923000,0,17.38440000,1.1669
1626166679015000,0,430.71249000,1.1669
1626166679026000,0,493.65132238,1.1697
1626166685410000,1,510.00000000,1.1709
1626166715215000,1,201.49153854,1.1786
1626166743548000,1,1000.00000000,1.1786
1626166743647000,1,18.15511000,1.1786
1626166743684000,1,144.55355000,1.1779
1626166744032000,1,249.99998304,1.1786
1626166744231000,1,498.06171478,1.1786
1626166744231000,1,262.60969461,1.1786
1626166744754000,1,169.21584036,1.1769
1626166746107000,0,391.35045839,1.1775
1626166746169000,1,494.13118161,1.1778
1626166752243000,0,642.87402999,1.1772
1626166753662000,0,0.00000001,1.1772
1626166753662000,0,850.33836516,1.1779
1626166756256000,1,409.39887927,1.1778
1626166756395000,1,462.30686249,1.1773
1626166756610000,1,17.42401447,1.1773
1626166756610000,1,497.53969850,1.1773
1626166773370000,1,480.87203400,1.1749
1626166788951000,0,1016.57678000,1.1701
1626166812813000,1,500.00000000,1.1700
1626166830202000,0,938.95314000,1.1667
1626166864128000,0,17.15015821,1.1662
1626166873045000,0,250.58738996,1.1656
1626166875918000,0,691.09364004,1.1656
1626166876815000,1,250.00000000,1.1667
1626166895147000,1,939.84590000,1.1687
1626166898153000,0,499.69092701,1.1686
1626166898153000,0,222.15808299,1.1690
1626166898847000,1,144.55355000,1.1664
1626166901086000,1,991.54702000,1.1678
1626166901275000,0,114.51642445,1.1684
1626166928453000,0,477.95921353,1.1702
1626166963776000,0,494.41384535,1.1679
1626167003778000,1,265.88132840,1.1659
1626167046499000,1,264.27247215,1.1618
1626167072855000,1,500.00000000,1.1600
1626167077490000,1,282.23336829,1.1562
1626167077746000,1,250.00000000,1.1553
1626167077746000,1,478.78470673,1.1538
1626167091472000,1,601.75582397,1.1543
1626167092482000,1,0.00000001,1.1543
1626167104350000,1,454.58904704,1.1522
1626167125475000,0,832.79031000,1.1534
1626167125475000,0,167.20969000,1.1536
1626167126949000,0,926.53280000,1.1536
1626167129355000,0,621.38669000,1.1558
1626167131378000,0,701.88959000,1.1555
1626167150554000,1,757.25697000,1.1575
1626167151389000,0,399.02357114,1.1580
1626167151389000,0,384.23850277,1.1583
1626167151389000,0,494.81433637,1.1585
1626167151389000,0,77.69887682,1.1586
1626167159956000,1,921.10803000,1.1578
1626167168192000,1,617.16560000,1.1573
1626167190984000,0,614.61762999,1.1584
1626167207067000,1,480.27465570,1.1572
1626167238101000,1,496.88756300,1.1554
1626167269817000,1,500.00000000,1.1500
1626167271634000,1,732.05268000,1.1479
1626167274232000,0,509.31389656,1.1480
1626167274232000,0,490.68610344,1.1484
1626167279822000,0,824.01675000,1.1460
1626167292540000,0,480.53906753,1.1428
1626167292540000,0,492.54357909,1.1429
1626167292851000,0,250.13613608,1.1446
1626167293642000,0,514.71471392,1.1428
1626167293743000,0,149.33515608,1.1428
1626167297320000,1,412.51009745,1.1444
1626167298617000,0,465.43117255,1.1441
1626167302416000,1,510.00000000,1.1440
1626167302416000,1,250.00000000,1.1440
1626167303942000,1,471.06262847,1.1435
1626167305606000,0,516.20931076,1.1429
1626167305716000,0,720.37969000,1.1446
1626167307349000,0,491.00123637,1.1453
1626167318156000,0,619.23670000,1.1467
1626167354801000,0,118.54185404,1.1519
1626167356745000,0,643.34965000,1.1535
1626167373289000,1,639.46738000,1.1619
1626167382204000,0,1000.00000000,1.1640
1626167389682000,1,711.57661000,1.1635
1626167391594000,0,500.00000000,1.1640
1626167406125000,1,872.70207000,1.1655
1626167406698000,1,54.36564000,1.1640
1626167407496000,0,406.79873440,1.1648
1626167407496000,0,391.66867804,1.1651
1626167407496000,0,221.11087756,1.1653
1626167426006000,1,500.97046568,1.1621
1626167426006000,1,495.46425924,1.1621
1626167426503000,1,513.55624323,1.1600
1626167426503000,1,486.44375677,1.1600
1626167427703000,1,3.19095636,1.1600
1626167427703000,1,472.57527871,1.1600
1626167427703000,1,500.00000000,1.1600
1626167441321000,0,892.29094000,1.1586
1626167460929000,0,472.10445617,1.1572
1626167460929000,0,493.82499919,1.1572
1626167463771000,0,650.35229000,1.1576
1626167465213000,0,832.39684000,1.1571
1626167481930000,1,500.00000000,1.1500
1626167503038000,1,250.24046714,1.1462
1626167506069000,1,250.00000000,1.1419
1626167507244000,1,918.50712000,1.1416
1626167508441000,1,500.00000000,1.1400
1626167508441000,1,500.00000000,1.1398
1626167514882000,0,756.34656000,1.1446
1626167517259000,0,512.36735560,1.1446
1626167517259000,0,487.63264440,1.1446
1626167538873000,1,484.68975325,1.1393
1626167561585000,0,982.53155000,1.1440
1626167583398000,1,806.75399000,1.1498
1626167590899000,0,46.56342000,1.1471
1626167601166000,1,951.40237000,1.1482
1626167602942000,1,865.95227000,1.1473
1626167669795000,0,182.66289440,1.1425
1626167715355000,0,250.00000000,1.1397
1626167715817000,0,182.74624691,1.1397
1626167717519000,0,250.00000000,1.1397
1626167717782000,0,265.19102000,1.1397
1626167719338000,0,4.63083309,1.1397
1626167721498000,1,495.47872920,1.1415
1626167721498000,1,129.42096080,1.1415
1626167762250000,0,182.77526891,1.1528
1626167763515000,0,250.00000000,1.1528
1626167770186000,0,1500.00000000,1.1540
1626167781176000,1,250.00000000,1.1600
1626167781281000,1,653.10875000,1.1600
1626167782750000,0,182.77529300,1.1600
1626167782910000,1,458.58866700,1.1606
1626167787397000,1,250.00000000,1.1593
1626167793053000,1,489.27503000,1.1593
1626167793916000,1,860.51514000,1.1590
1626167805689000,1,506.01962606,1.1531
1626167808242000,0,952.88660000,1.1520
1626167811496000,1,493.39301200,1.1522
1626167811683000,0,401.82366006,1.1545
1626167811683000,0,481.01163467,1.1551
1626167811683000,0,819.98177000,1.1552
1626167811861000,1,249.99996538,1.1553
