timestamp ms,type,amount,price
1623888368479000,0,400.00000000,1.0176
1623888369577000,0,400.00000000,1.0189
1623888370572000,0,379.17418000,1.0189
1623888371572000,0,400.00000000,1.0196
1623889157975000,0,400.00000000,1.0226
1623889268846000,1,400.00000000,1.0216
1623889480760000,0,400.00000000,1.0216
1623889820541000,0,400.00000000,1.0244
1623890820778000,0,400.00000000,1.0227
1623892254923000,1,400.00000000,1.0268
1623892255370000,0,400.00000000,1.0268
1623892271807000,0,400.00000000,1.0277
1623892272463000,0,417.08500000,1.0277
1623892742836000,1,400.00000000,1.0309
1623898179085000,0,400.00000000,1.0381
1623898241782000,1,400.00000000,1.0398
1623898644214000,0,400.00000000,1.0420
1623898793607000,1,400.00000000,1.0397
1623898794613000,1,190.00000000,1.0391
1623898794742000,0,136.99998846,1.0386
1623898795350000,0,73.00001000,1.0386
1623898806939000,0,400.00000000,1.0391
1623898811315000,0,400.00000000,1.0391
1623900180638000,0,384.00000000,1.0414
1623900180638000,0,404.00000000,1.0416
1623900180638000,0,413.00000000,1.0417
1623900181937000,0,400.00000000,1.0426
1623900354270000,0,400.00000000,1.0465
1623901225928000,1,400.00000000,1.0424
1623901260925000,0,400.00000000,1.0431
1623901595183000,1,250.00000000,1.0423
1623901595387000,0,150.00000000,1.0418
1623901600262000,0,400.00000000,1.0439
1623901600279000,0,257.29501000,1.0439
1623902751445000,0,239.40627244,1.0459
1623902756273000,0,400.00000000,1.0459
1623904679168000,0,400.00000000,1.0458
1623904680232000,1,250.00000000,1.0458
1623904680368000,0,150.00000000,1.0458
1623904680368000,0,398.00000000,1.0459
1623905012812000,1,400.00000000,1.0440
1623906030311000,0,287.60700836,1.0444
1623906030384000,1,112.39299164,1.0445
1623906033108000,0,190.00000000,1.0465
1623906033108000,0,210.00000000,1.0465
1623906251335000,1,400.00000000,1.0443
1623906252216000,1,190.00000000,1.0436
1623906253311000,1,250.00000000,1.0415
1623906254795000,0,48.66606000,1.0414
1623906652607000,0,190.00000000,1.0408
1623906845807000,0,288.13080441,1.0426
1623906845969000,1,111.86919559,1.0427
1623906943802000,1,104.24461300,1.0408
1623907529423000,0,103.85549700,1.0410
1623908089516000,1,400.00000000,1.0416
1623908099836000,1,400.00000000,1.0416
1623908793824000,0,287.75228206,1.0440
1623908793982000,1,112.24771794,1.0440
1623908794991000,0,400.00000000,1.0448
1623908796051000,0,400.00000000,1.0448
1623909013205000,0,399.99998084,1.0437
1623910737649000,1,400.00000000,1.0393
1623910889638000,0,400.00000000,1.0426
1623910891219000,0,400.00000000,1.0426
1623911439654000,1,400.00000000,1.0451
1623911771255000,0,400.00000000,1.0505
1623913677138000,0,402.00000000,1.0519
1623913713636000,0,400.00000000,1.0549
1623914127767000,1,250.00000000,1.0553
1623914127967000,0,150.00000000,1.0552
1623916352093000,1,400.00000000,1.0554
1623918815627000,0,400.00000000,1.0591
1623918816710000,0,281.03722000,1.0591
1623918817143000,0,250.00000000,1.0625
1623918817370000,1,100.34380000,1.0625
1623918872408000,0,47.69493000,1.0625
1623919314905000,0,399.99997743,1.0579
1623919772103000,1,250.00000000,1.0489
1623919772190000,0,150.00000000,1.0488
1623919789459000,1,140.52714200,1.0496
1623919908634000,0,400.00000000,1.0520
1623920029727000,1,200.22415200,1.0527
1623920149673000,1,199.66007602,1.0530
1623920697413000,1,400.00000000,1.0558
1623922851204000,1,409.00000000,1.0550
1623922851204000,1,399.00000000,1.0547
1623922851204000,1,820.10411181,1.0545
1623922851204000,1,389.00000000,1.0545
1623922851204000,1,410.00000000,1.0544
1623922851204000,1,250.00000000,1.0539
1623922851204000,1,1421.42917874,1.0538
1623922851204000,1,183.00000000,1.0534
1623922851204000,1,1895.15103678,1.0523
1623922851204000,1,617.00000000,1.0520
1623922851204000,1,2298.15463615,1.0520
1623922851204000,1,349.07074993,1.0500
1623922851204000,1,2500.00000000,1.0491
1623922851204000,1,707.01048961,1.0485
1623922851204000,1,6242.00000000,1.0481
1623922851204000,1,2367.90244622,1.0480
1623922851204000,1,702.10265303,1.0469
1623922851204000,1,3173.00000000,1.0407
1623922851204000,1,4736.64881325,1.0397
1623922851204000,1,1218.00000000,1.0346
1623922851204000,1,637.00000000,1.0253
1623922851204000,1,609.00000000,1.0221
1623922851204000,1,492.82524223,1.0221
1623922851880000,0,368.17205076,1.0502
1623922851880000,0,380.90365575,1.0518
1623922851972000,0,368.17206955,1.0518
1623922851972000,0,701.28534531,1.0534
1623922852574000,0,400.00000000,1.0542
1623922891256000,1,400.00000000,1.0522
1623922908472000,1,617.00000000,1.0511
1623922912425000,1,617.00000000,1.0511
1623922924654000,1,190.37029859,1.0511
1623922924784000,0,426.62970141,1.0511
1623922933150000,1,392.99998864,1.0511
1623922933428000,0,224.00001136,1.0511
1623922937474000,1,250.00000000,1.0509
1623922937568000,0,367.00000000,1.0509
1623922941462000,1,250.00000000,1.0507
1623922941569000,0,367.00000000,1.0507
1623922945429000,1,617.00000000,1.0502
1623922954945000,1,617.00000000,1.0502
1623922966782000,1,190.99898333,1.0502
1623922966980000,0,426.00101667,1.0502
1623922970952000,1,617.00000000,1.0508
1623922974773000,1,617.00000000,1.0508
1623922978963000,1,190.83413695,1.0508
1623922979049000,0,426.16586305,1.0508
1623923585337000,0,187.00000000,1.0529
1623923586973000,0,187.00000000,1.0529
1623923592379000,0,609.00000000,1.0548
1623923592379000,0,187.00000000,1.0548
1623923724325000,1,250.00000000,1.0610
1623923724451000,0,150.00000000,1.0607
1623923725661000,1,99.99998875,1.0607
1623924150982000,0,400.00000000,1.0593
1623924152116000,1,400.00000000,1.0590
1623924152182000,0,386.00000000,1.0597
1623924153379000,0,400.00000000,1.0597
1623924153929000,0,400.00000000,1.0595
1623924345206000,0,400.00000000,1.0602
1623924411463000,1,125.00002300,1.0581
1623924518165000,0,400.00000000,1.0596
1623924531686000,1,124.99996600,1.0578
1623924564332000,0,187.00000000,1.0596
1623924684284000,0,187.00000000,1.0579
1623924744990000,0,187.00000000,1.0586
1623924746018000,0,400.00000000,1.0595
1623924749073000,0,400.00000000,1.0608
1623924846214000,0,400.00000000,1.0660
1623924860660000,0,187.00000000,1.0674
1623924909131000,0,187.00000000,1.0729
1623924922249000,0,396.00000000,1.0741
1623925081375000,1,400.00000000,1.0774
1623925082695000,1,250.00000000,1.0756
1623925150516000,1,400.00000000,1.0679
1623925817904000,1,400.00000000,1.0649
1623926198081000,1,400.00000000,1.0645
1623926294212000,0,400.00000000,1.0623
1623926563572000,0,187.00000000,1.0616
1623926563755000,1,213.00000000,1.0617
1623926578054000,0,187.00000000,1.0619
1623926578054000,0,213.00000000,1.0619
1623926579500000,0,400.00000000,1.0655
1623926580532000,0,400.00000000,1.0655
1623926581631000,0,196.33836000,1.0655
1623926582988000,1,203.66164000,1.0660
1623926582988000,1,187.33836000,1.0658
1623926591724000,0,57.12767000,1.0634
1623926907524000,0,203.66164000,1.0661
1623926907524000,0,187.00000000,1.0661
1623927047482000,1,400.00000000,1.0632
1623927058274000,1,250.00000000,1.0602
1623927060194000,0,409.00000000,1.0598
1623927162949000,1,400.00000000,1.0580
1623927164336000,1,400.00000000,1.0580
1623927606455000,0,400.00000000,1.0599
1623928637607000,1,400.00000000,1.0584
1623928641418000,1,399.99997746,1.0583
1623928641592000,0,0.00002254,1.0582
1623928642384000,1,250.00000000,1.0577
1623928644978000,0,138.48470000,1.0563
1623928645669000,0,138.51978000,1.0562
1623928646362000,0,138.52663000,1.0561
1623928687621000,0,916.25521000,1.0494
1623928689370000,0,629.43459000,1.0494
1623928706400000,0,650.66046000,1.0497
1623928877257000,1,229.43459300,1.0456
1623929279517000,0,400.00000000,1.0455
1623929280405000,0,397.91352104,1.0455
1623929308406000,0,187.00000000,1.0463
1623929309910000,1,213.00000000,1.0464
1623929373872000,0,400.00000000,1.0464
1623929601786000,0,229.43459300,1.0460
1623929747888000,1,250.00000000,1.0441
1623929747973000,0,150.00000000,1.0436
1623929747973000,0,408.00000000,1.0436
1623929747973000,0,401.00000000,1.0439
1623929749110000,1,249.99998857,1.0436
1623929749110000,1,150.00000000,1.0436
1623929749379000,0,0.00001143,1.0434
1623930015017000,0,400.00000000,1.0459
1623930901522000,1,400.00000000,1.0432
1623931228278000,0,187.00000000,1.0459
1623931740025000,0,400.00000000,1.0467
1623931772552000,0,400.00000000,1.0467
1623932019861000,1,250.00000000,1.0439
1623932019978000,0,150.00000000,1.0438
1623932023251000,1,149.99997714,1.0438
1623932048829000,1,400.00000000,1.0404
1623932069872000,1,250.00000000,1.0390
1623932069872000,1,150.00000000,1.0389
1623932559995000,0,187.00000000,1.0362
1623932559995000,0,213.00000000,1.0363
1623932694122000,1,149.99995165,1.0339
1623933077431000,0,400.00000000,1.0331
1623933498531000,0,150.17506485,1.0320
1623934241784000,0,187.00000000,1.0350
1623934241956000,1,213.00000000,1.0355
1623934268013000,0,400.00000000,1.0356
1623934273144000,0,400.00000000,1.0356
1623934966998000,1,400.00000000,1.0320
1623935438957000,1,400.00000000,1.0316
1623935468580000,1,400.00000000,1.0316
1623935487338000,1,400.00000000,1.0316
1623936013974000,1,400.00000000,1.0336
1623936753719000,0,187.00000000,1.0339
1623937931971000,0,400.00000000,1.0307
1623938431399000,0,53.06755000,1.0290
1623938431899000,0,53.06755000,1.0290
1623938486172000,0,400.00000000,1.0247
1623938692112000,0,400.00000000,1.0207
1623938693134000,0,400.00000000,1.0207
1623938694230000,0,162.50039000,1.0207
1623938708759000,0,400.00000000,1.0211
1623938709737000,0,282.83108000,1.0211
1623938711325000,1,117.16892000,1.0216
1623938986723000,1,400.00000000,1.0183
1623939011398000,0,400.00000000,1.0174
1623939016145000,0,400.00000000,1.0163
1623939017238000,0,347.09688000,1.0163
1623939048911000,0,400.00000000,1.0155
1623939781425000,1,250.00000000,1.0266
1623939781572000,0,398.00000000,1.0262
1623939781572000,0,150.00000000,1.0265
1623939781572000,0,391.00000000,1.0266
1623939799851000,1,400.00000000,1.0265
1623939913959000,0,400.00000000,1.0307
1623939940597000,0,400.00000000,1.0322
1623939964040000,0,400.00000000,1.0354
1623940059647000,1,400.00000000,1.0348
1623940062363000,1,400.00000000,1.0324
1623940225627000,0,400.00000000,1.0344
1623940226670000,0,313.27556000,1.0344
1623940230990000,0,400.00000000,1.0352
1623940395048000,1,400.00000000,1.0362
1623940472164000,1,400.00000000,1.0358
1623941900269000,0,399.99997088,1.0301
1623941900366000,1,0.00002912,1.0303
1623941900964000,0,119.15200482,1.0314
1623941901864000,0,400.00000000,1.0334
1623944048595000,0,616.29654000,1.0365
1623944160204000,1,400.00000000,1.0363
1623944588450000,1,400.00000000,1.0366
1623944588997000,0,400.00000000,1.0363
1623945348061000,0,400.00000000,1.0411
1623945618485000,0,400.00000000,1.0396
1623945620445000,0,400.00000000,1.0396
1623945716232000,0,400.00000000,1.0362
1623945717381000,0,400.00000000,1.0358
1623946222298000,0,400.00000000,1.0335
1623946510140000,1,400.00000000,1.0320
1623946535796000,0,400.00000000,1.0285
1623946537754000,1,400.00000000,1.0280
1623946632723000,1,400.00000000,1.0267
1623946636416000,1,400.00000000,1.0267
1623946637356000,1,197.67542000,1.0267
1623946753322000,1,400.00000000,1.0259
1623947294361000,1,400.00000000,1.0246
1623947295451000,1,400.00000000,1.0246
1623947679543000,0,150.00006000,1.0230
1623948031431000,1,400.00000000,1.0226
1623948034212000,1,326.91268000,1.0226
1623948036212000,1,954.77553000,1.0221
1623948317330000,1,150.00000000,1.0167
1623948481837000,0,150.00000000,1.0174
1623948481837000,0,250.00000000,1.0174
1623949937195000,1,400.00000000,1.0109
1623950231892000,1,366.00295761,1.0042
1623950235783000,1,649.94873000,1.0032
1623950305797000,0,400.00000000,1.0033
1623950307817000,0,400.00000000,1.0061
1623950309058000,0,372.43075000,1.0061
1623950335068000,1,400.00000000,1.0088
1623950336081000,1,333.87267000,1.0088
1623950355610000,1,120.32311476,1.0095
1623950356187000,1,400.00000000,1.0095
1623950356706000,1,200.10021524,1.0095
1623950356706000,1,199.89978476,1.0082
1623950517772000,1,620.40000000,1.0000
1623950526657000,1,612.93613000,0.9977
1623950557570000,0,400.00000000,0.9952
1623950628580000,0,400.00000000,0.9951
1623950632521000,0,400.00000000,0.9959
1623950695332000,1,400.00000000,0.9947
1623950703292000,1,250.72530000,0.9947
1623950749719000,1,251.04182356,0.9941
1623950789215000,1,400.00000000,0.9918
1623950794437000,1,150.18095000,0.9925
1623951162657000,1,415.00000000,0.9909
1623951205006000,0,400.00000000,0.9923
1623951384277000,1,400.00000000,0.9954
1623951417548000,1,400.00000000,0.9940
1623951954668000,0,400.00000000,0.9956
1623952734445000,1,400.00000000,0.9897
1623952765379000,0,519.43806794,0.9836
1623952788303000,0,400.00000000,0.9832
1623952819101000,0,400.00000000,0.9822
1623952820162000,0,276.93877000,0.9822
1623952820358000,1,123.06123000,0.9824
1623952846226000,0,182.00000000,0.9835
1623952846226000,0,218.00000000,0.9835
1623952855425000,0,400.00000000,0.9843
1623952975856000,1,400.00000000,0.9834
1623952985504000,1,400.00000000,0.9834
1623952986674000,1,120.76060000,0.9834
1623952986723000,0,279.23940000,0.9831
1623952986745000,1,384.00000000,0.9833
1623953002956000,0,150.00000000,0.9848
1623953039145000,0,182.00000000,0.9852
1623953305177000,0,400.00000000,0.9842
1623953527125000,0,182.00000000,0.9863
1623953527125000,0,218.00000000,0.9863
1623953670149000,0,1013.07884792,0.9871
1623953727620000,1,400.00000000,0.9851
1623953729158000,1,296.30544108,0.9851
1623953839552000,1,10212.22180836,0.9800
1623953911824000,0,400.00000000,0.9798
1623954094428000,1,393.00000000,0.9793
1623954094428000,1,853.18003000,0.9793
1623954094428000,1,849.84202768,0.9792
1623954094428000,1,399.00000000,0.9791
1623954094428000,1,395.00000000,0.9789
1623954094428000,1,1529.97639022,0.9787
1623954094428000,1,182.00000000,0.9776
1623954094428000,1,250.00000000,0.9776
1623954094428000,1,2856.11302358,0.9775
1623954094428000,1,2040.14569847,0.9772
1623954094428000,1,639.00000000,0.9761
1623954094428000,1,366.53307498,0.9761
1623954094558000,0,1864.03920000,0.9753
1623954094566000,0,1529.97639022,0.9753
1623954094580000,0,10198.90989662,0.9753
1623954094669000,0,38.41721092,0.9753
1623954094713000,0,402.99998784,0.9753
1623954094743000,0,148.30480000,0.9753
1623954094750000,0,11021.77946931,0.9753
1623954095163000,0,10199.61719676,0.9753
1623954095326000,0,688.63198459,0.9753
1623954095386000,0,922.17676000,0.9753
1623954095549000,0,400.00000000,0.9753
1623954095705000,0,2039.78197933,0.9753
1623954095706000,0,1529.83648450,0.9753
1623954095766000,0,8661.73839498,0.9753
1623954100802000,1,819.17815000,0.9797
1623954242231000,0,400.00000000,0.9778
1623954298000000,0,400.00000000,0.9778
1623954356969000,1,400.00000000,0.9767
1623954423957000,1,400.00000000,0.9750
1623954427366000,1,400.00000000,0.9743
1623954428427000,1,400.00000000,0.9743
1623954592321000,0,194.63241498,0.9735
1623954696014000,1,400.00000000,0.9731
1623954697072000,1,223.90294000,0.9731
1623954712196000,1,208.86758600,0.9715
1623954819313000,1,400.00000000,0.9705
1623954823757000,1,616.23917000,0.9696
1623954826508000,1,980.63673000,0.9694
1623954832261000,1,257.34196629,0.9665
1623954837262000,0,400.00000000,0.9687
1623954838392000,0,400.00000000,0.9687
1623954896044000,0,400.00000000,0.9746
1623954897545000,0,394.10464927,0.9746
1623954901314000,1,408.00000000,0.9751
1623954901932000,1,400.00000000,0.9755
1623954918521000,0,400.00000000,0.9762
1623954920352000,1,394.00000000,0.9767
1623954920445000,0,5.99997953,0.9767
1623955106059000,1,400.00000000,0.9768
1623955396017000,0,383.99998781,0.9767
1623955913670000,1,400.00000000,0.9744
1623955964932000,1,400.00000000,0.9715
1623955965410000,1,187.80880200,0.9714
1623955965526000,1,212.19117742,0.9714
1623955965953000,1,400.00000000,0.9703
1623955972779000,1,150.32570700,0.9701
1623955982973000,1,400.00000000,0.9696
1623956212942000,1,101.59739900,0.9671
1623956217004000,0,203.12989500,0.9683
1623956237559000,1,400.00000000,0.9691
1623956250083000,0,400.00000000,0.9693
1623956332994000,1,100.88680654,0.9713
1623956402512000,1,400.00000000,0.9713
1623956403668000,1,153.68043346,0.9713
1623956404024000,0,246.31956654,0.9711
1623956404899000,1,400.00000000,0.9711
1623956406151000,1,113.49373346,0.9711
1623956407520000,0,286.50626654,0.9708
1623956407520000,0,385.00000000,0.9709
1623956407532000,1,63.04789346,0.9711
1623956574619000,0,61.47532542,0.9710
1623956693831000,0,400.00000000,0.9706
1623956824267000,0,400.00000000,0.9736
1623956825796000,0,400.00000000,0.9736
1623956897647000,0,400.00000000,0.9742
1623957205389000,0,400.00000000,0.9759
1623957214694000,0,400.00000000,0.9761
1623957319178000,0,400.00000000,0.9755
1623957333937000,1,400.00000000,0.9752
1623957334918000,1,400.00000000,0.9748
1623957344955000,1,400.00000000,0.9744
1623958504234000,0,182.00000000,0.9778
1623958574068000,0,400.00000000,0.9786
1623958783072000,0,400.00000000,0.9793
1623958783526000,0,153.17063208,0.9793
1623958783568000,0,102.11375472,0.9793
1623958784143000,0,224.24643320,0.9793
1623959580467000,1,400.00000000,0.9796
1623959617681000,1,1870.95285734,0.9796
1623959880239000,0,400.00000000,0.9795
1623960059343000,1,400.00000000,0.9763
1623960060102000,1,400.00000000,0.9763
1623960061194000,1,400.00000000,0.9763
1623960154562000,0,399.99997561,0.9744
1623960155253000,0,0.00002439,0.9744
1623960177983000,1,400.00000000,0.9725
1623960369878000,1,400.00000000,0.9754
1623960371047000,1,400.00000000,0.9754
1623960667764000,0,400.00000000,0.9759
1623961398654000,0,400.00000000,0.9759
1623961948902000,1,400.00000000,0.9752
1623964676375000,0,386.99997553,0.9717
1623970714568000,0,182.00000000,0.9774
1623970949760000,0,400.00000000,0.9805
1623971012270000,0,400.00000000,0.9817
1623971140584000,0,833.78420000,0.9841
1623971245507000,0,250.00000000,0.9870
1623971245778000,1,150.00000000,0.9872
1623973778814000,0,400.00000000,0.9858
1623973778984000,0,433.00073000,0.9858
1623973781324000,1,704.55176000,0.9872
1623974105152000,0,400.00000000,0.9892
1623974105455000,0,321.15213000,0.9892
1623974113347000,0,400.00000000,0.9912
1623974115847000,0,400.00000000,0.9915
1623974117034000,0,400.00000000,0.9920
1623974117711000,0,250.15565000,0.9920
1623974117873000,0,250.00000000,0.9920
1623974120946000,1,400.00000000,0.9938
1623974150476000,1,947.75959000,1.0072
1623974157998000,0,400.00000000,1.0109
1623974158057000,1,400.00000000,1.0113
1623974160363000,1,250.00000000,1.0106
1623974160504000,1,396.23423300,1.0106
1623974160646000,1,233.20712700,1.0106
1623974163461000,1,394.14712000,1.0087
1623974163607000,0,5.85288000,1.0086
1623974163746000,1,250.00000000,1.0086
1623974164514000,1,389.40022633,1.0089
1623974164514000,1,10.59977367,1.0086
1623974165061000,1,27.12184000,1.0086
1623974166044000,0,89.21821498,1.0072
1623974166560000,0,400.00000000,1.0072
1623974167095000,0,353.29906838,1.0072
1623974167095000,0,182.00000000,1.0082
1623974167095000,0,82.77114162,1.0082
1623974168009000,0,399.77358491,1.0080
1623974168159000,0,0.22641509,1.0080
1623974168159000,0,249.54716982,1.0083
1623974168181000,0,0.45283018,1.0083
1623974168181000,0,362.79245284,1.0084
1623974168350000,0,99.20733341,1.0078
1623974169055000,0,99.22209875,1.0078
1623974169077000,0,201.57056784,1.0078
1623974176723000,0,250.00000000,1.0102
1623974177489000,0,344.47162230,1.0159
1623974177489000,0,55.52837770,1.0163
1623974177857000,1,181.64239823,1.0093
1623974178585000,0,400.00000000,1.0163
1623974180175000,0,138.64687472,1.0163
1623974181381000,1,261.35312528,1.0168
1623974202830000,0,250.00000000,1.0212
1623974204608000,1,150.00000000,1.0212
1623974212060000,0,250.00000000,1.0247
1623974212060000,0,150.00000000,1.0248
1623974213434000,0,400.00000000,1.0281
1623974221403000,1,902.21137000,1.0252
1623974221403000,1,788.44140068,1.0251
1623974224115000,0,387.00000000,1.0253
1623974224115000,0,415.00000000,1.0254
1623974224115000,0,59.97707000,1.0257
1623974226332000,1,400.00000000,1.0248
1623974226377000,1,466.61575000,1.0248
1623974230154000,0,392.00000000,1.0228
1623974230154000,0,405.00000000,1.0231
1623974230154000,0,158.09279000,1.0233
1623974234595000,1,400.00000000,1.0208
1623974235086000,0,395.00000000,1.0218
1623974235494000,1,250.00000000,1.0222
1623974235598000,1,160.55927000,1.0222
1623974235598000,1,239.44073000,1.0215
1623974235654000,1,400.00000000,1.0215
1623974243600000,1,400.00000000,1.0206
1623974244022000,1,370.71452000,1.0206
1623974244729000,1,400.00000000,1.0185
1623974253900000,0,400.00000000,1.0191
1623974255018000,0,224.59016000,1.0191
1623974270540000,0,400.00000000,1.0164
1623974282510000,0,400.00000000,1.0164
1623974283571000,0,107.33320000,1.0164
1623974288724000,0,400.00000000,1.0167
1623974289780000,0,400.00000000,1.0167
1623974292477000,0,400.00000000,1.0162
1623974294537000,0,400.00000000,1.0162
1623974342375000,0,400.00000000,1.0159
1623974367722000,0,399.99997056,1.0186
1623974367722000,0,0.00002944,1.0189
1623974403609000,0,239.44071900,1.0206
1623974403609000,0,160.55928100,1.0209
1623974404586000,0,400.00000000,1.0208
