timestamp ms,type,amount,price
1623888368479000,0,400.00000000,1.0176
1623888369577000,0,400.00000000,1.0189
1623888370572000,0,379.17418000,1.0189
1623888371572000,0,400.00000000,1.0196
1623889157975000,0,400.00000000,1.0226
1623889268846000,1,400.00000000,1.0216
1623889480760000,0,400.00000000,1.0216
1623889820541000,0,400.00000000,1.0244
1623890820778000,0,400.00000000,1.0227
1623892254923000,1,400.00000000,1.0268
1623892255370000,0,400.00000000,1.0268
1623892271807000,0,400.00000000,1.0277
1623892272463000,0,417.08500000,1.0277
1623892742836000,1,400.00000000,1.0309
1623898179085000,0,400.00000000,1.0381
1623898241782000,1,400.00000000,1.0398
1623898644214000,0,400.00000000,1.0420
1623898793607000,1,400.00000000,1.0397
1623898794613000,1,190.00000000,1.0391
1623898794742000,0,136.99998846,1.0386
1623898795350000,0,73.00001000,1.0386
1623898806939000,0,400.00000000,1.0391
1623898811315000,0,400.00000000,1.0391
1623900180638000,0,384.00000000,1.0414
1623900180638000,0,404.00000000,1.0416
1623900180638000,0,413.00000000,1.0417
1623900181937000,0,400.00000000,1.0426
1623900354270000,0,400.00000000,1.0465
1623901225928000,1,400.00000000,1.0424
1623901260925000,0,400.00000000,1.0431
1623901595183000,1,250.00000000,1.0423
1623901595387000,0,150.00000000,1.0418
1623901600262000,0,400.00000000,1.0439
1623901600279000,0,257.29501000,1.0439
1623902751445000,0,239.40627244,1.0459
1623902756273000,0,400.00000000,1.0459
1623904679168000,0,400.00000000,1.0458
1623904680232000,1,250.00000000,1.0458
1623904680368000,0,150.00000000,1.0458
1623904680368000,0,398.00000000,1.0459
1623905012812000,1,400.00000000,1.0440
1623906030311000,0,287.60700836,1.0444
1623906030384000,1,112.39299164,1.0445
1623906033108000,0,190.00000000,1.0465
1623906033108000,0,210.00000000,1.0465
1623906251335000,1,400.00000000,1.0443
1623906252216000,1,190.00000000,1.0436
1623906253311000,1,250.00000000,1.0415
1623906254795000,0,48.66606000,1.0414
1623906652607000,0,190.00000000,1.0408
1623906845807000,0,288.13080441,1.0426
1623906845969000,1,111.86919559,1.0427
1623906943802000,1,104.24461300,1.0408
1623907529423000,0,103.85549700,1.0410
1623908089516000,1,400.00000000,1.0416
1623908099836000,1,400.00000000,1.0416
1623908793824000,0,287.75228206,1.0440
1623908793982000,1,112.24771794,1.0440
1623908794991000,0,400.00000000,1.0448
1623908796051000,0,400.00000000,1.0448
1623909013205000,0,399.99998084,1.0437
1623910737649000,1,400.00000000,1.0393
1623910889638000,0,400.00000000,1.0426
1623910891219000,0,400.00000000,1.0426
1623911439654000,1,400.00000000,1.0451
1623911771255000,0,400.00000000,1.0505
1623913677138000,0,402.00000000,1.0519
1623913713636000,0,400.00000000,1.0549
1623914127767000,1,250.00000000,1.0553
1623914127967000,0,150.00000000,1.0552
1623916352093000,1,400.00000000,1.0554
1623918815627000,0,400.00000000,1.0591
1623918816710000,0,281.03722000,1.0591
1623918817143000,0,250.00000000,1.0625
1623918817370000,1,100.34380000,1.0625
1623918872408000,0,47.69493000,1.0625
1623919314905000,0,399.99997743,1.0579
1623919772103000,1,250.00000000,1.0489
1623919772190000,0,150.00000000,1.0488
1623919789459000,1,140.52714200,1.0496
1623919908634000,0,400.00000000,1.0520
1623920029727000,1,200.22415200,1.0527
1623920149673000,1,199.66007602,1.0530
1623920697413000,1,400.00000000,1.0558
1623922851204000,1,409.00000000,1.0550
1623922851204000,1,399.00000000,1.0547
1623922851204000,1,820.10411181,1.0545
1623922851204000,1,389.00000000,1.0545
1623922851204000,1,410.00000000,1.0544
1623922851204000,1,250.00000000,1.0539
1623922851204000,1,1421.42917874,1.0538
1623922851204000,1,183.00000000,1.0534
1623922851204000,1,1895.15103678,1.0523
1623922851204000,1,617.00000000,1.0520
1623922851204000,1,2298.15463615,1.0520
1623922851204000,1,349.07074993,1.0500
1623922851204000,1,2500.00000000,1.0491
1623922851204000,1,707.01048961,1.0485
1623922851204000,1,6242.00000000,1.0481
1623922851204000,1,2367.90244622,1.0480
1623922851204000,1,702.10265303,1.0469
1623922851204000,1,3173.00000000,1.0407
1623922851204000,1,4736.64881325,1.0397
1623922851204000,1,1218.00000000,1.0346
1623922851204000,1,637.00000000,1.0253
1623922851204000,1,609.00000000,1.0221
1623922851204000,1,492.82524223,1.0221
1623922851880000,0,368.17205076,1.0502
1623922851880000,0,380.90365575,1.0518
1623922851972000,0,368.17206955,1.0518
1623922851972000,0,701.28534531,1.0534
1623922852574000,0,400.00000000,1.0542
1623922891256000,1,400.00000000,1.0522
1623922908472000,1,617.00000000,1.0511
1623922912425000,1,617.00000000,1.0511
1623922924654000,1,190.37029859,1.0511
1623922924784000,0,426.62970141,1.0511
1623922933150000,1,392.99998864,1.0511
1623922933428000,0,224.00001136,1.0511
1623922937474000,1,250.00000000,1.0509
1623922937568000,0,367.00000000,1.0509
1623922941462000,1,250.00000000,1.0507
1623922941569000,0,367.00000000,1.0507
1623922945429000,1,617.00000000,1.0502
1623922954945000,1,617.00000000,1.0502
1623922966782000,1,190.99898333,1.0502
1623922966980000,0,426.00101667,1.0502
1623922970952000,1,617.00000000,1.0508
1623922974773000,1,617.00000000,1.0508
1623922978963000,1,190.83413695,1.0508
1623922979049000,0,426.16586305,1.0508
1623923585337000,0,187.00000000,1.0529
1623923586973000,0,187.00000000,1.0529
1623923592379000,0,609.00000000,1.0548
1623923592379000,0,187.00000000,1.0548
1623923724325000,1,250.00000000,1.0610
1623923724451000,0,150.00000000,1.0607
1623923725661000,1,99.99998875,1.0607
1623924150982000,0,400.00000000,1.0593
1623924152116000,1,400.00000000,1.0590
1623924152182000,0,386.00000000,1.0597
1623924153379000,0,400.00000000,1.0597
1623924153929000,0,400.00000000,1.0595
1623924345206000,0,400.00000000,1.0602
1623924411463000,1,125.00002300,1.0581
1623924518165000,0,400.00000000,1.0596
1623924531686000,1,124.99996600,1.0578
1623924564332000,0,187.00000000,1.0596
1623924684284000,0,187.00000000,1.0579
1623924744990000,0,187.00000000,1.0586
1623924746018000,0,400.00000000,1.0595
1623924749073000,0,400.00000000,1.0608
1623924846214000,0,400.00000000,1.0660
1623924860660000,0,187.00000000,1.0674
1623924909131000,0,187.00000000,1.0729
1623924922249000,0,396.00000000,1.0741
1623925081375000,1,400.00000000,1.0774
1623925082695000,1,250.00000000,1.0756
1623925150516000,1,400.00000000,1.0679
1623925817904000,1,400.00000000,1.0649
1623926198081000,1,400.00000000,1.0645
1623926294212000,0,400.00000000,1.0623
1623926563572000,0,187.00000000,1.0616
1623926563755000,1,213.00000000,1.0617
1623926578054000,0,187.00000000,1.0619
1623926578054000,0,213.00000000,1.0619
1623926579500000,0,400.00000000,1.0655
1623926580532000,0,400.00000000,1.0655
1623926581631000,0,196.33836000,1.0655
1623926582988000,1,203.66164000,1.0660
1623926582988000,1,187.33836000,1.0658
1623926591724000,0,57.12767000,1.0634
1623926907524000,0,203.66164000,1.0661
1623926907524000,0,187.00000000,1.0661
1623927047482000,1,400.00000000,1.0632
1623927058274000,1,250.00000000,1.0602
1623927060194000,0,409.00000000,1.0598
1623927162949000,1,400.00000000,1.0580
1623927164336000,1,400.00000000,1.0580
1623927606455000,0,400.00000000,1.0599
1623928637607000,1,400.00000000,1.0584
1623928641418000,1,399.99997746,1.0583
1623928641592000,0,0.00002254,1.0582
1623928642384000,1,250.00000000,1.0577
1623928644978000,0,138.48470000,1.0563
1623928645669000,0,138.51978000,1.0562
1623928646362000,0,138.52663000,1.0561
1623928687621000,0,916.25521000,1.0494
1623928689370000,0,629.43459000,1.0494
1623928706400000,0,650.66046000,1.0497
1623928877257000,1,229.43459300,1.0456
1623929279517000,0,400.00000000,1.0455
1623929280405000,0,397.91352104,1.0455
1623929308406000,0,187.00000000,1.0463
1623929309910000,1,213.00000000,1.0464
1623929373872000,0,400.00000000,1.0464
1623929601786000,0,229.43459300,1.0460
1623929747888000,1,250.00000000,1.0441
1623929747973000,0,150.00000000,1.0436
1623929747973000,0,408.00000000,1.0436
1623929747973000,0,401.00000000,1.0439
1623929749110000,1,249.99998857,1.0436
1623929749110000,1,150.00000000,1.0436
1623929749379000,0,0.00001143,1.0434
1623930015017000,0,400.00000000,1.0459
1623930901522000,1,400.00000000,1.0432
1623931228278000,0,187.00000000,1.0459
1623931740025000,0,400.00000000,1.0467
1623931772552000,0,400.00000000,1.0467
1623932019861000,1,250.00000000,1.0439
1623932019978000,0,150.00000000,1.0438
1623932023251000,1,149.99997714,1.0438
1623932048829000,1,400.00000000,1.0404
1623932069872000,1,250.00000000,1.0390
1623932069872000,1,150.00000000,1.0389
1623932559995000,0,187.00000000,1.0362
1623932559995000,0,213.00000000,1.0363
1623932694122000,1,149.99995165,1.0339
1623933077431000,0,400.00000000,1.0331
1623933498531000,0,150.17506485,1.0320
1623934241784000,0,187.00000000,1.0350
1623934241956000,1,213.00000000,1.0355
1623934268013000,0,400.00000000,1.0356
1623934273144000,0,400.00000000,1.0356
1623934966998000,1,400.00000000,1.0320
1623935438957000,1,400.00000000,1.0316
1623935468580000,1,400.00000000,1.0316
1623935487338000,1,400.00000000,1.0316
1623936013974000,1,400.00000000,1.0336
1623936753719000,0,187.00000000,1.0339
1623937931971000,0,400.00000000,1.0307
1623938431399000,0,53.06755000,1.0290
1623938431899000,0,53.06755000,1.0290
1623938486172000,0,400.00000000,1.0247
1623938692112000,0,400.00000000,1.0207
1623938693134000,0,400.00000000,1.0207
1623938694230000,0,162.50039000,1.0207
1623938708759000,0,400.00000000,1.0211
1623938709737000,0,282.83108000,1.0211
1623938711325000,1,117.16892000,1.0216
1623938986723000,1,400.00000000,1.0183
1623939011398000,0,400.00000000,1.0174
1623939016145000,0,400.00000000,1.0163
1623939017238000,0,347.09688000,1.0163
1623939048911000,0,400.00000000,1.0155
1623939781425000,1,250.00000000,1.0266
1623939781572000,0,398.00000000,1.0262
1623939781572000,0,150.00000000,1.0265
1623939781572000,0,391.00000000,1.0266
1623939799851000,1,400.00000000,1.0265
1623939913959000,0,400.00000000,1.0307
1623939940597000,0,400.00000000,1.0322
1623939964040000,0,400.00000000,1.0354
1623940059647000,1,400.00000000,1.0348
1623940062363000,1,400.00000000,1.0324
1623940225627000,0,400.00000000,1.0344
1623940226670000,0,313.27556000,1.0344
1623940230990000,0,400.00000000,1.0352
1623940395048000,1,400.00000000,1.0362
1623940472164000,1,400.00000000,1.0358
1623941900269000,0,399.99997088,1.0301
1623941900366000,1,0.00002912,1.0303
1623941900964000,0,119.15200482,1.0314
1623941901864000,0,400.00000000,1.0334
1623944048595000,0,616.29654000,1.0365
1623944160204000,1,400.00000000,1.0363
1623944588450000,1,400.00000000,1.0366
1623944588997000,0,400.00000000,1.0363
1623945348061000,0,400.00000000,1.0411
1623945618485000,0,400.00000000,1.0396
1623945620445000,0,400.00000000,1.0396
1623945716232000,0,400.00000000,1.0362
1623945717381000,0,400.00000000,1.0358
1623946222298000,0,400.00000000,1.0335
1623946510140000,1,400.00000000,1.0320
1623946535796000,0,400.00000000,1.0285
1623946537754000,1,400.00000000,1.0280
1623946632723000,1,400.00000000,1.0267
1623946636416000,1,400.00000000,1.0267
1623946637356000,1,197.67542000,1.0267
1623946753322000,1,400.00000000,1.0259
1623947294361000,1,400.00000000,1.0246
1623947295451000,1,400.00000000,1.0246
1623947679543000,0,150.00006000,1.0230
1623948031431000,1,400.00000000,1.0226
1623948034212000,1,326.91268000,1.0226
1623948036212000,1,954.77553000,1.0221
1623948317330000,1,150.00000000,1.0167
1623948481837000,0,150.00000000,1.0174
1623948481837000,0,250.00000000,1.0174
1623949937195000,1,400.00000000,1.0109
1623950231892000,1,366.00295761,1.0042
1623950235783000,1,649.94873000,1.0032
1623950305797000,0,400.00000000,1.0033
1623950307817000,0,400.00000000,1.0061
1623950309058000,0,372.43075000,1.0061
1623950335068000,1,400.00000000,1.0088
1623950336081000,1,333.87267000,1.0088
1623950355610000,1,120.32311476,1.0095
1623950356187000,1,400.00000000,1.0095
1623950356706000,1,200.10021524,1.0095
1623950356706000,1,199.89978476,1.0082
1623950517772000,1,620.40000000,1.0000
1623950526657000,1,612.93613000,0.9977
1623950557570000,0,400.00000000,0.9952
1623950628580000,0,400.00000000,0.9951
1623950632521000,0,400.00000000,0.9959
1623950695332000,1,400.00000000,0.9947
1623950703292000,1,250.72530000,0.9947
1623950749719000,1,251.04182356,0.9941
1623950789215000,1,400.00000000,0.9918
1623950794437000,1,150.18095000,0.9925
1623951162657000,1,415.00000000,0.9909
1623951205006000,0,400.00000000,0.9923
1623951384277000,1,400.00000000,0.9954
1623951417548000,1,400.00000000,0.9940
1623951954668000,0,400.00000000,0.9956
1623952734445000,1,400.00000000,0.9897
1623952765379000,0,519.43806794,0.9836
1623952788303000,0,400.00000000,0.9832
1623952819101000,0,400.00000000,0.9822
1623952820162000,0,276.93877000,0.9822
1623952820358000,1,123.06123000,0.9824
1623952846226000,0,182.00000000,0.9835
1623952846226000,0,218.00000000,0.9835
1623952855425000,0,400.00000000,0.9843
1623952975856000,1,400.00000000,0.9834
1623952985504000,1,400.00000000,0.9834
1623952986674000,1,120.76060000,0.9834
1623952986723000,0,279.23940000,0.9831
1623952986745000,1,384.00000000,0.9833
1623953002956000,0,150.00000000,0.9848
1623953039145000,0,182.00000000,0.9852
1623953305177000,0,400.00000000,0.9842
1623953527125000,0,182.00000000,0.9863
1623953527125000,0,218.00000000,0.9863
1623953670149000,0,1013.07884792,0.9871
1623953727620000,1,400.00000000,0.9851
1623953729158000,1,296.30544108,0.9851
1623953839552000,1,10212.22180836,0.9800
1623953911824000,0,400.00000000,0.9798
1623954094428000,1,393.00000000,0.9793
1623954094428000,1,853.18003000,0.9793
1623954094428000,1,849.84202768,0.9792
1623954094428000,1,399.00000000,0.9791
1623954094428000,1,395.00000000,0.9789
1623954094428000,1,1529.97639022,0.9787
1623954094428000,1,182.00000000,0.9776
1623954094428000,1,250.00000000,0.9776
1623954094428000,1,2856.11302358,0.9775
1623954094428000,1,2040.14569847,0.9772
1623954094428000,1,639.00000000,0.9761
1623954094428000,1,366.53307498,0.9761
1623954094558000,0,1864.03920000,0.9753
1623954094566000,0,1529.97639022,0.9753
1623954094580000,0,10198.90989662,0.9753
1623954094669000,0,38.41721092,0.9753
1623954094713000,0,402.99998784,0.9753
1623954094743000,0,148.30480000,0.9753
1623954094750000,0,11021.77946931,0.9753
1623954095163000,0,10199.61719676,0.9753
1623954095326000,0,688.63198459,0.9753
1623954095386000,0,922.17676000,0.9753
1623954095549000,0,400.00000000,0.9753
1623954095705000,0,2039.78197933,0.9753
1623954095706000,0,1529.83648450,0.9753
1623954095766000,0,8661.73839498,0.9753
1623954100802000,1,819.17815000,0.9797
1623954242231000,0,400.00000000,0.9778
1623954298000000,0,400.00000000,0.9778
1623954356969000,1,400.00000000,0.9767
1623954423957000,1,400.00000000,0.9750
1623954427366000,1,400.00000000,0.9743
1623954428427000,1,400.00000000,0.9743
1623954592321000,0,194.63241498,0.9735
1623954696014000,1,400.00000000,0.9731
1623954697072000,1,223.90294000,0.9731
1623954712196000,1,208.86758600,0.9715
1623954819313000,1,400.00000000,0.9705
1623954823757000,1,616.23917000,0.9696
1623954826508000,1,980.63673000,0.9694
1623954832261000,1,257.34196629,0.9665
1623954837262000,0,400.00000000,0.9687
1623954838392000,0,400.00000000,0.9687
1623954896044000,0,400.00000000,0.9746
1623954897545000,0,394.10464927,0.9746
1623954901314000,1,408.00000000,0.9751
1623954901932000,1,400.00000000,0.9755
1623954918521000,0,400.00000000,0.9762
1623954920352000,1,394.00000000,0.9767
1623954920445000,0,5.99997953,0.9767
1623955106059000,1,400.00000000,0.9768
1623955396017000,0,383.99998781,0.9767
1623955913670000,1,400.00000000,0.9744
1623955964932000,1,400.00000000,0.9715
1623955965410000,1,187.80880200,0.9714
1623955965526000,1,212.19117742,0.9714
1623955965953000,1,400.00000000,0.9703
1623955972779000,1,150.32570700,0.9701
1623955982973000,1,400.00000000,0.9696
1623956212942000,1,101.59739900,0.9671
1623956217004000,0,203.12989500,0.9683
1623956237559000,1,400.00000000,0.9691
1623956250083000,0,400.00000000,0.9693
1623956332994000,1,100.88680654,0.9713
1623956402512000,1,400.00000000,0.9713
1623956403668000,1,153.68043346,0.9713
1623956404024000,0,246.31956654,0.9711
1623956404899000,1,400.00000000,0.9711
1623956406151000,1,113.49373346,0.9711
1623956407520000,0,286.50626654,0.9708
1623956407520000,0,385.00000000,0.9709
1623956407532000,1,63.04789346,0.9711
1623956574619000,0,61.47532542,0.9710
1623956693831000,0,400.00000000,0.9706
1623956824267000,0,400.00000000,0.9736
1623956825796000,0,400.00000000,0.9736
1623956897647000,0,400.00000000,0.9742
1623957205389000,0,400.00000000,0.9759
1623957214694000,0,400.00000000,0.9761
1623957319178000,0,400.00000000,0.9755
1623957333937000,1,400.00000000,0.9752
1623957334918000,1,400.00000000,0.9748
1623957344955000,1,400.00000000,0.9744
1623958504234000,0,182.00000000,0.9778
1623958574068000,0,400.00000000,0.9786
1623958783072000,0,400.00000000,0.9793
1623958783526000,0,153.17063208,0.9793
1623958783568000,0,102.11375472,0.9793
1623958784143000,0,224.24643320,0.9793
1623959580467000,1,400.00000000,0.9796
1623959617681000,1,1870.95285734,0.9796
1623959880239000,0,400.00000000,0.9795
1623960059343000,1,400.00000000,0.9763
1623960060102000,1,400.00000000,0.9763
1623960061194000,1,400.00000000,0.9763
1623960154562000,0,399.99997561,0.9744
1623960155253000,0,0.00002439,0.9744
1623960177983000,1,400.00000000,0.9725
1623960369878000,1,400.00000000,0.9754
1623960371047000,1,400.00000000,0.9754
1623960667764000,0,400.00000000,0.9759
1623961398654000,0,400.00000000,0.9759
1623961948902000,1,400.00000000,0.9752
1623964676375000,0,386.99997553,0.9717
1623970714568000,0,182.00000000,0.9774
1623970949760000,0,400.00000000,0.9805
1623971012270000,0,400.00000000,0.9817
1623971140584000,0,833.78420000,0.9841
1623971245507000,0,250.00000000,0.9870
1623971245778000,1,150.00000000,0.9872
1623973778814000,0,400.00000000,0.9858
1623973778984000,0,433.00073000,0.9858
1623973781324000,1,704.55176000,0.9872
1623974105152000,0,400.00000000,0.9892
1623974105455000,0,321.15213000,0.9892
1623974113347000,0,400.00000000,0.9912
1623974115847000,0,400.00000000,0.9915
1623974117034000,0,400.00000000,0.9920
1623974117711000,0,250.15565000,0.9920
1623974117873000,0,250.00000000,0.9920
1623974120946000,1,400.00000000,0.9938
1623974150476000,1,947.75959000,1.0072
1623974157998000,0,400.00000000,1.0109
1623974158057000,1,400.00000000,1.0113
1623974160363000,1,250.00000000,1.0106
1623974160504000,1,396.23423300,1.0106
1623974160646000,1,233.20712700,1.0106
1623974163461000,1,394.14712000,1.0087
1623974163607000,0,5.85288000,1.0086
1623974163746000,1,250.00000000,1.0086
1623974164514000,1,389.40022633,1.0089
1623974164514000,1,10.59977367,1.0086
1623974165061000,1,27.12184000,1.0086
1623974166044000,0,89.21821498,1.0072
1623974166560000,0,400.00000000,1.0072
1623974167095000,0,353.29906838,1.0072
1623974167095000,0,182.00000000,1.0082
1623974167095000,0,82.77114162,1.0082
1623974168009000,0,399.77358491,1.0080
1623974168159000,0,0.22641509,1.0080
1623974168159000,0,249.54716982,1.0083
1623974168181000,0,0.45283018,1.0083
1623974168181000,0,362.79245284,1.0084
1623974168350000,0,99.20733341,1.0078
1623974169055000,0,99.22209875,1.0078
1623974169077000,0,201.57056784,1.0078
1623974176723000,0,250.00000000,1.0102
1623974177489000,0,344.47162230,1.0159
1623974177489000,0,55.52837770,1.0163
1623974177857000,1,181.64239823,1.0093
1623974178585000,0,400.00000000,1.0163
1623974180175000,0,138.64687472,1.0163
1623974181381000,1,261.35312528,1.0168
1623974202830000,0,250.00000000,1.0212
1623974204608000,1,150.00000000,1.0212
1623974212060000,0,250.00000000,1.0247
1623974212060000,0,150.00000000,1.0248
1623974213434000,0,400.00000000,1.0281
1623974221403000,1,902.21137000,1.0252
1623974221403000,1,788.44140068,1.0251
1623974224115000,0,387.00000000,1.0253
1623974224115000,0,415.00000000,1.0254
1623974224115000,0,59.97707000,1.0257
1623974226332000,1,400.00000000,1.0248
1623974226377000,1,466.61575000,1.0248
1623974230154000,0,392.00000000,1.0228
1623974230154000,0,405.00000000,1.0231
1623974230154000,0,158.09279000,1.0233
1623974234595000,1,400.00000000,1.0208
1623974235086000,0,395.00000000,1.0218
1623974235494000,1,250.00000000,1.0222
1623974235598000,1,160.55927000,1.0222
1623974235598000,1,239.44073000,1.0215
1623974235654000,1,400.00000000,1.0215
1623974243600000,1,400.00000000,1.0206
1623974244022000,1,370.71452000,1.0206
1623974244729000,1,400.00000000,1.0185
1623974253900000,0,400.00000000,1.0191
1623974255018000,0,224.59016000,1.0191
1623974270540000,0,400.00000000,1.0164
1623974282510000,0,400.00000000,1.0164
1623974283571000,0,107.33320000,1.0164
1623974288724000,0,400.00000000,1.0167
1623974289780000,0,400.00000000,1.0167
1623974292477000,0,400.00000000,1.0162
1623974294537000,0,400.00000000,1.0162
1623974342375000,0,400.00000000,1.0159
1623974367722000,0,399.99997056,1.0186
1623974367722000,0,0.00002944,1.0189
1623974403609000,0,239.44071900,1.0206
1623974403609000,0,160.55928100,1.0209
1623974404586000,0,400.00000000,1.0208
1623974404607000,0,511.98896000,1.0208
1623974456572000,0,400.00000000,1.0210
1623974457681000,1,400.00000000,1.0207
1623974487490000,0,400.00000000,1.0209
1623974612775000,1,400.00000000,1.0164
1623974615268000,1,400.00000000,1.0156
1623974705650000,0,400.00000000,1.0128
1623974950939000,0,400.00000000,1.0118
1623975015955000,0,182.00000000,1.0143
1623975015955000,0,644.93412000,1.0143
1623975019319000,1,403.00000000,1.0148
1623975019319000,1,285.25855000,1.0145
1623975033392000,1,400.00000000,1.0170
1623975035247000,0,98.29942003,1.0171
1623975035484000,1,228.32168000,1.0170
1623975035806000,0,98.33325139,1.0170
1623975036226000,0,73.34506861,1.0170
1623975036389000,0,326.20380740,1.0173
1623975037221000,1,321.96991054,1.0173
1623975043259000,0,70.22708051,1.0171
1623975043823000,0,98.32648325,1.0170
1623975044426000,0,37.34129949,1.0170
1623975069906000,0,171.00000000,1.0240
1623975071108000,1,392.00000000,1.0243
1623975076353000,1,400.00000000,1.0246
1623975082336000,1,349.51949000,1.0246
1623975083717000,1,400.00000000,1.0248
1623975089109000,1,400.00000000,1.0248
1623975090273000,1,47.96866000,1.0248
1623975095981000,1,933.39137000,1.0245
1623975095981000,1,224.18992179,1.0243
1623975096616000,0,400.00000000,1.0248
1623975260304000,0,400.00000000,1.0223
1623975261509000,0,400.00000000,1.0223
1623975263068000,0,129.19111000,1.0223
1623975263098000,1,270.80889000,1.0226
1623975263136000,0,415.00000000,1.0222
1623975342251000,0,894.20824000,1.0236
1623975344152000,0,815.36869000,1.0235
1623975349655000,1,678.22849000,1.0251
1623975385208000,1,400.00000000,1.0296
1623975386258000,1,400.00000000,1.0296
1623975387389000,1,176.19424000,1.0296
1623975400716000,1,400.00000000,1.0293
1623975401750000,1,400.00000000,1.0293
1623975404331000,1,400.00000000,1.0297
1623975557621000,0,400.00000000,1.0323
1623975586169000,0,400.00000000,1.0306
1623975587359000,0,400.00000000,1.0306
1623975588364000,0,105.78359000,1.0306
1623975635279000,0,400.00000000,1.0310
1623976304977000,0,400.00000000,1.0260
1623977029840000,0,20.92559248,1.0274
1623977668822000,1,400.00000000,1.0233
1623977669826000,1,400.00000000,1.0233
1623977671142000,1,112.20780000,1.0233
1623977699325000,1,250.00000000,1.0186
1623977704835000,1,45.72665000,1.0192
1623977750570000,1,182.00000000,1.0161
1623977753305000,1,400.00000000,1.0150
1623977797257000,1,400.00000000,1.0108
1623977861740000,1,400.00000000,1.0091
1623977863290000,1,400.00000000,1.0091
1623977910526000,0,400.00000000,1.0036
1623978020872000,0,400.00000000,1.0077
1623978140194000,0,297.83567356,1.0084
1623978140356000,1,102.16432644,1.0085
1623978140356000,1,386.00000000,1.0085
1623978256539000,1,400.00000000,1.0056
1623978257881000,1,327.84703000,1.0056
1623978520617000,0,297.78171100,1.0087
1623978520702000,1,102.21828900,1.0087
1623978859666000,1,400.00000000,1.0069
1623978951280000,0,297.66953306,1.0091
1623978951353000,1,102.33046694,1.0091
1623978952303000,0,297.66953306,1.0091
1623978952559000,1,402.00000000,1.0092
1623978952559000,1,102.33046694,1.0091
1623978952559000,1,408.00000000,1.0087
1623979134211000,1,400.00000000,1.0069
1623979161068000,1,400.00000000,1.0071
1623979470266000,1,400.00000000,1.0066
1623979671503000,1,400.00000000,1.0035
1623979674199000,1,400.00000000,1.0016
1623979675266000,1,400.00000000,1.0016
1623979676611000,1,118.87901000,1.0016
1623980277366000,0,301.53543893,0.9961
1623980277458000,1,98.46456107,0.9962
1623980293559000,1,400.00000000,0.9966
1623980456461000,0,140.85064100,0.9968
1623980481553000,1,400.00000000,0.9964
1623980715680000,0,140.44180700,1.0002
1623980715680000,0,259.55819300,1.0005
1623980716783000,0,250.00000000,1.0011
1623980792934000,0,397.00000000,1.0024
1623980793805000,0,400.00000000,1.0042
1623980794809000,0,400.00000000,1.0042
1623980904155000,1,400.00000000,1.0032
1623980905203000,1,400.00000000,1.0019
1623981299547000,0,400.00000000,1.0012
1623982055199000,1,400.00000000,0.9981
1623982105462000,0,400.00000000,0.9964
1623982123811000,1,400.00000000,0.9960
1623982361812000,1,400.00000000,0.9955
1623982455364000,1,400.00000000,0.9978
1623982784748000,1,400.00000000,0.9957
1623982787173000,1,382.95659000,0.9957
1623982788547000,1,412.00000000,0.9936
1623982793432000,0,395.00000000,0.9940
1623982793432000,0,397.00000000,0.9940
1623982793495000,1,117.60336000,0.9941
1623982839219000,0,302.37250334,0.9936
1623982839219000,0,97.62749666,0.9938
1623982840772000,0,302.24738880,0.9941
1623982840845000,1,97.75261120,0.9944
1623982840850000,0,204.49477760,0.9941
1623982840955000,1,207.50522240,0.9943
1623982840955000,1,403.00000000,0.9938
1623982863727000,0,400.00000000,0.9935
1623983206931000,1,400.00000000,0.9892
1623983208023000,1,214.45301000,0.9892
1623983208635000,0,185.54699000,0.9888
1623983234339000,1,400.00000000,0.9886
1623983503425000,0,303.41775663,0.9903
1623983503527000,1,96.58224337,0.9903
1623983624963000,0,182.00000000,0.9929
1623983626059000,0,400.00000000,0.9950
1623983627064000,0,325.83193000,0.9950
1623983628565000,1,74.16807000,0.9955
1623983628565000,1,412.00000000,0.9955
1623983628565000,1,305.81125000,0.9952
1623983655542000,1,400.00000000,0.9957
1623983676307000,1,400.00000000,0.9969
1623983678263000,1,400.00000000,0.9969
1623983679346000,1,47.92315000,0.9969
1623983679773000,0,352.07685000,0.9968
1623983679773000,0,415.00000000,0.9969
1623984375091000,0,400.00000000,0.9979
1623984376206000,0,322.62250000,0.9979
1623984509668000,0,300.57664942,0.9998
1623984509668000,0,99.42335058,0.9999
1623984510369000,1,413.00000000,0.9996
1623984873566000,0,400.00000000,0.9979
1623984874612000,1,400.00000000,0.9977
1623985202775000,1,100.00000000,0.9978
1623988147572000,0,300.87825614,0.9986
1623988147572000,0,99.12174386,0.9988
1623988147734000,0,300.87825614,0.9986
1623988148576000,0,400.00000000,0.9995
1623988150943000,0,534.77411000,0.9995
1623988170965000,1,400.00000000,1.0005
1623988176233000,1,400.00000000,1.0005
1623988178538000,1,112.52546000,1.0005
1623988186577000,1,400.00000000,0.9994
1623988187144000,1,330.34156000,0.9994
1623988187373000,0,41.17122000,0.9983
1623988226810000,1,400.00000000,0.9972
1623988500387000,0,300.89288534,0.9985
1623988500485000,1,300.89288534,0.9990
1623988500570000,1,97.10711466,0.9990
1623988500570000,1,388.00000000,0.9987
1623988500570000,1,99.10711466,0.9985
1623988501422000,0,400.00000000,0.9992
1623989810567000,0,400.00000000,0.9947
1623989811508000,1,400.00000000,0.9946
1623989812297000,1,399.99997990,0.9946
1623989953101000,0,400.00000000,0.9937
1623989979759000,0,150.88575673,0.9959
1623989979850000,1,150.88575673,0.9960
1623989979957000,1,98.22848654,0.9960
1623990206158000,1,400.00000000,0.9952
1623990237422000,1,400.00000000,0.9962
1623990358634000,1,61.47532542,0.9957
1623990713822000,0,150.51887358,0.9982
1623990713928000,1,150.51887358,0.9982
1623990713973000,1,98.96225284,0.9982
1623990950721000,0,150.46651985,0.9986
1623990950809000,1,150.46651985,0.9987
1623990951570000,0,875.96815000,0.9987
1623990951645000,0,400.00000000,1.0006
1623990953690000,0,386.00000000,0.9991
1623990953774000,0,384.98861000,0.9991
1623991197721000,1,400.00000000,1.0112
1623991198759000,1,400.00000000,1.0112
1623991200566000,1,147.07984000,1.0112
1623991202866000,0,99.16404708,1.0084
1623991203103000,0,315.83595292,1.0084
1623991203103000,0,581.22091708,1.0089
1623991248892000,1,400.00000000,1.0048
1623991249986000,1,400.00000000,1.0048
1623991251111000,1,400.00000000,1.0048
1623992029779000,0,147.07982400,1.0075
1623992029779000,0,102.92017600,1.0075
1623992029783000,0,400.00000000,1.0075
1623992029897000,0,502.16958400,1.0075
1623992033422000,1,406.00000000,1.0112
1623992033422000,1,549.89626000,1.0108
1623992034888000,0,400.00000000,1.0146
1623992035930000,0,400.00000000,1.0133
1623992036935000,0,432.30306430,1.0133
1623992037459000,0,349.27713277,1.0241
1623992037459000,0,1745.58989000,1.0251
1623992037630000,0,250.00000000,1.0252
1623992038087000,0,394.48063000,1.0252
1623992038664000,1,5.51937000,1.0257
1623992057579000,0,398.00000000,1.0275
1623992057579000,0,847.46054152,1.0280
1623992057579000,0,407.00000000,1.0280
1623992057637000,1,82.48498848,1.0287
1623992060300000,0,250.00000000,1.0282
1623992070624000,1,94.63652000,1.0353
1623992073080000,0,387.00000000,1.0381
1623992073080000,0,292.97159000,1.0386
1623992073782000,0,580.25924919,1.0386
1623992074300000,0,385.00000000,1.0390
1623992074300000,0,38.20127000,1.0391
1623992074619000,1,20.92559248,1.0358
1623992075700000,0,400.00000000,1.0400
1623992077079000,0,412.00000000,1.0400
1623992077079000,0,20.80114000,1.0400
1623992077536000,0,400.00000000,1.0400
1623992077826000,0,432.80114000,1.0400
1623992078557000,0,432.40355000,1.0400
1623992078627000,0,400.00000000,1.0400
1623992080107000,0,184.94702734,1.0400
1623992088501000,0,400.00000000,1.0428
1623992100876000,1,399.00000000,1.0367
1623992100876000,1,285.47678000,1.0364
1623992129239000,1,182.00000000,1.0322
1623992129370000,0,218.00000000,1.0320
1623992143378000,0,400.00000000,1.0298
1623992144243000,1,400.00000000,1.0293
1623992152369000,0,400.00000000,1.0279
1623992153815000,1,400.00000000,1.0267
1623992156646000,0,400.00000000,1.0284
1623992158649000,1,250.00000000,1.0283
1623992163242000,1,400.00000000,1.0258
1623992166771000,0,808.95912000,1.0259
1623992166771000,0,409.00000000,1.0264
1623992173970000,0,400.00000000,1.0246
1623992175966000,1,400.00000000,1.0239
1623992177454000,1,400.00000000,1.0232
1623992184475000,0,400.00000000,1.0253
1623992184578000,0,577.07921000,1.0253
1623992186643000,0,400.00000000,1.0252
1623992186775000,0,520.46047000,1.0252
1623992188560000,1,391.00000000,1.0258
1623992188560000,1,373.25361000,1.0258
1623992190347000,0,400.00000000,1.0280
1623992191347000,0,400.00000000,1.0280
1623992209861000,0,400.00000000,1.0393
1623992210873000,0,400.00000000,1.0395
1623992211941000,0,400.00000000,1.0395
1623992236932000,1,400.00000000,1.0408
1623992237102000,1,250.00000000,1.0408
1623992237561000,1,137.24350000,1.0408
1623992237561000,1,854.72647072,1.0391
1623992237561000,1,1906.33193567,1.0375
1623992237938000,1,338.34569469,1.0338
1623992238541000,0,61.65430531,1.0333
1623992238541000,0,384.00000000,1.0333
1623992238541000,0,321.06110469,1.0336
1623992241721000,0,400.00000000,1.0333
1623992241737000,0,223.86339000,1.0341
1623992241751000,0,170.13661000,1.0341
1623992242287000,1,223.86339000,1.0341
1623992258784000,0,400.00000000,1.0290
1623992278600000,0,845.39155056,1.0284
1623992283524000,0,20.86831607,1.0303
1623992286166000,0,388.40508400,1.0279
1623992292103000,1,400.00000000,1.0278
1623992295230000,0,400.00000000,1.0269
1623992321976000,0,400.00000000,1.0241
1623992338252000,0,400.00000000,1.0253
1623992349270000,0,400.00000000,1.0259
1623992350295000,0,229.05984000,1.0259
1623992352001000,1,170.94016000,1.0264
1623992352001000,1,514.46762000,1.0264
1623992543591000,1,400.00000000,1.0264
1623992559757000,1,400.00000000,1.0261
1623992893581000,0,400.00000000,1.0169
1623993242001000,1,111.64284300,1.0124
1623993459303000,0,400.00000000,1.0134
1623993478220000,0,245.84521585,1.0172
1623993543554000,1,400.00000000,1.0185
1623993557426000,0,400.00000000,1.0190
1623994643716000,0,400.00000000,1.0218
1623994645046000,0,400.00000000,1.0218
1623994650711000,0,400.00000000,1.0214
1623994788960000,1,400.00000000,1.0213
1623995312586000,0,400.00000000,1.0169
1623995314251000,1,400.00000000,1.0160
1623995739453000,0,400.00000000,1.0098
1623995784958000,1,400.00000000,1.0107
1623995786747000,1,400.00000000,1.0107
1623995788032000,1,51.06153000,1.0107
1623996099699000,1,400.00000000,1.0098
1623996100896000,1,400.00000000,1.0098
1623996940618000,0,400.00000000,1.0137
1623997157971000,1,400.00000000,1.0108
1623997187878000,1,400.00000000,1.0104
1623997736197000,1,400.00000000,1.0124
1623997737569000,1,399.99997037,1.0124
1623997737767000,1,40.92914963,1.0124
1623997839123000,1,400.00000000,1.0083
1623997943773000,0,247.93962174,1.0075
1623997943773000,0,152.06037826,1.0075
1623997943973000,1,387.00000000,1.0075
1623997980637000,0,400.00000000,1.0083
1623998368933000,0,120.71062800,1.0064
1623998369171000,1,279.28937200,1.0069
1623998392125000,1,400.00000000,1.0045
1623999065254000,1,400.00000000,1.0074
1623999093661000,1,354.11182852,1.0070
1623999367359000,1,400.00000000,1.0049
1623999380619000,0,400.00000000,1.0050
1623999427626000,1,400.00000000,1.0030
1623999450278000,1,250.00000000,1.0024
1623999450397000,0,400.00000000,1.0024
1623999451547000,0,400.00000000,1.0024
1623999451840000,0,187.86648577,1.0024
1623999452442000,0,2262.13351423,1.0024
1623999624068000,0,249.35417269,1.0040
1623999903979000,1,176.83407900,1.0040
1624000027544000,0,177.27774900,1.0051
1624000477769000,0,400.00000000,1.0060
1624000483234000,1,400.00000000,1.0056
1624001068388000,0,400.00000000,1.0101
1624001069448000,0,400.00000000,1.0106
1624001070436000,0,400.00000000,1.0106
1624001486098000,1,400.00000000,1.0114
1624001486964000,1,182.00000000,1.0087
1624001486964000,1,218.00000000,1.0087
1624001488046000,1,400.00000000,1.0087
1624001583901000,0,400.00000000,1.0083
1624001584897000,0,220.00717000,1.0083
1624001629641000,0,400.00000000,1.0109
1624001630362000,0,292.78459000,1.0109
1624001663011000,1,400.00000000,1.0142
1624001664111000,1,400.00000000,1.0136
1624001666111000,1,400.00000000,1.0136
1624001808622000,1,400.00000000,1.0126
1624001809306000,1,354.41917000,1.0126
1624001809684000,1,250.00000000,1.0111
1624001810855000,0,150.00000000,1.0106
1624001836718000,0,45.58081025,1.0126
1624001843228000,0,400.00000000,1.0137
1624001844512000,0,400.00000000,1.0137
1624001845508000,0,143.41822000,1.0137
1624002176712000,0,400.00000000,1.0124
1624002178160000,0,400.00000000,1.0124
1624003362899000,1,400.00000000,1.0085
1624003363990000,1,284.87476000,1.0085
1624003364173000,0,115.12524000,1.0083
1624003364173000,0,414.00000000,1.0084
1624003365999000,1,400.00000000,1.0085
1624003383527000,1,400.00000000,1.0077
1624003385101000,1,400.00000000,1.0068
1624003385531000,1,311.00977000,1.0068
1624003385763000,1,4.07104000,1.0068
1624003386593000,1,400.00000000,1.0042
1624003387280000,0,56.08162000,1.0059
1624003401512000,0,400.00000000,1.0033
1624003401575000,0,557.26403000,1.0033
1624003415277000,0,400.00000000,1.0046
1624003418350000,0,400.00000000,1.0046
1624003420219000,0,157.33175000,1.0046
1624003420485000,1,242.66825000,1.0048
1624003420485000,1,389.00000000,1.0047
1624003421401000,0,282.85610000,1.0044
1624003438774000,0,400.00000000,0.9997
1624003496036000,0,400.00000000,1.0017
1624003510773000,0,182.00000000,1.0041
1624003511014000,1,218.00000000,1.0042
1624003608673000,1,368.33377037,1.0087
1624003623077000,1,400.00000000,1.0087
1624003674507000,1,400.00000000,1.0087
1624003675513000,1,400.00000000,1.0081
1624003676803000,1,400.00000000,1.0081
1624004097572000,0,400.00000000,1.0066
1624004114589000,0,400.00000000,1.0056
1624004534233000,0,400.00000000,1.0072
1624004896516000,0,400.00000000,1.0074
1624004897765000,0,400.00000000,1.0083
1624005191539000,1,400.00000000,1.0075
1624005281800000,0,400.00000000,1.0049
1624005302691000,0,387.83328371,1.0075
1624005378434000,1,400.00000000,1.0041
1624006056291000,1,400.00000000,1.0043
1624006057283000,1,400.00000000,1.0040
1624006058465000,1,400.00000000,1.0040
1624006231357000,1,400.00000000,1.0051
1624006313638000,0,400.00000000,1.0056
1624006335233000,0,250.00000000,1.0080
1624006335354000,1,150.00000000,1.0083
1624006972311000,1,400.00000000,1.0047
1624006973337000,1,400.00000000,1.0047
1624006988683000,0,400.00000000,1.0027
1624006990846000,0,400.00000000,1.0017
1624006990966000,0,611.93723000,1.0017
1624007685564000,0,400.00000000,1.0038
1624007687500000,1,400.00000000,1.0021
1624007688566000,1,400.00000000,1.0021
1624008277479000,0,400.00000000,0.9981
1624008965241000,1,400.00000000,0.9919
1624009205694000,1,122.20718900,0.9886
1624009848920000,0,126.21786200,0.9887
1624009848920000,0,273.78213800,0.9887
1624010035601000,1,400.00000000,0.9875
1624010166038000,1,253.16968444,0.9862
1624010435002000,1,400.00000000,0.9843
1624010583572000,1,400.00000000,0.9800
1624010583572000,1,20.80114000,0.9800
1624010583572000,1,400.00000000,0.9800
1624010583572000,1,310.43540582,0.9800
1624010598473000,0,400.00000000,0.9821
1624010651758000,1,400.00000000,0.9819
1624010781288000,0,400.00000000,0.9834
1624010783057000,0,400.00000000,0.9869
1624010792319000,1,400.00000000,0.9864
1624010793978000,1,231.41650000,0.9864
1624010821277000,1,400.00000000,0.9864
1624010963239000,1,968.22613000,0.9841
1624010964712000,1,400.00000000,0.9839
1624011032593000,0,400.00000000,0.9843
1624011529939000,1,122.36573418,0.9800
1624011529939000,1,277.63426582,0.9800
1624011537303000,1,154.76928418,0.9800
1624011537303000,1,229.23069582,0.9800
1624011538215000,1,170.76930418,0.9800
1624011538215000,1,79.23066482,0.9800
1624011545250000,1,105.71636252,0.9800
1624011752005000,0,250.00000000,0.9815
1624011752167000,1,150.00000000,0.9816
1624011752167000,1,389.00000000,0.9815
1624011972682000,1,330.95085500,0.9924
1624012232931000,0,400.00000000,0.9915
1624012233356000,0,400.00000000,0.9915
1624012234672000,0,93.39637000,0.9915
1624012236355000,0,400.00000000,0.9923
1624012238447000,0,400.00000000,0.9923
1624012245885000,0,400.00000000,0.9934
1624012252374000,0,50.04909463,0.9934
1624012252374000,0,349.95090537,0.9934
1624012255997000,1,100.09824295,0.9949
1624012296768000,0,400.00000000,0.9935
1624012371683000,1,400.00000000,0.9952
1624013121810000,0,400.00000000,0.9956
1624014594510000,0,400.00000000,1.0023
1624015048974000,1,400.00000000,1.0013
1624015082456000,1,400.00000000,0.9985
1624015918852000,1,400.00000000,0.9943
1624015921035000,1,299.91464000,0.9943
1624016415024000,0,400.00000000,0.9920
1624016520059000,0,400.00000000,0.9914
1624017101530000,1,400.00000000,0.9935
1624017333351000,0,400.00000000,0.9970
1624017885509000,1,400.00000000,0.9909
1624017886494000,1,400.00000000,0.9909
1624017888172000,1,33.42523000,0.9909
1624018263331000,1,400.00000000,0.9876
1624018264470000,1,383.14327000,0.9876
1624018264596000,0,16.85673000,0.9871
1624018264596000,0,383.14324590,0.9871
1624018544699000,1,400.00000000,0.9873
1624018560977000,1,400.00000000,0.9855
1624018561215000,1,285.59151000,0.9855
1624018579927000,0,400.00000000,0.9820
1624018581503000,0,400.00000000,0.9820
1624018586142000,0,400.00000000,0.9815
1624018587327000,0,400.00000000,0.9817
1624018785053000,0,400.00000000,0.9779
1624018992269000,1,400.00000000,0.9767
1624018993365000,1,314.09586000,0.9767
1624018994944000,0,386.00000000,0.9763
1624018995000000,1,230.65870000,0.9764
1624019357235000,1,400.00000000,0.9794
1624019937864000,1,400.00000000,0.9789
1624020132204000,1,400.00000000,0.9761
1624020671698000,0,250.00000000,0.9779
1624020788337000,1,132.47177011,0.9777
1624021253603000,0,418.00000000,0.9802
1624021263865000,1,400.00000000,0.9824
1624022365207000,0,400.00000000,0.9736
1624022790901000,0,400.00000000,0.9739
1624023375795000,1,140.03083247,0.9730
1624023791180000,1,199.85298173,0.9719
1624024960657000,0,250.00000000,0.9746
1624025125135000,1,400.00000000,0.9719
1624025260496000,0,400.00000000,0.9732
1624025388219000,1,400.00000000,0.9683
1624025391494000,1,400.00000000,0.9669
1624025610391000,1,30.00000000,0.9600
1624025610391000,1,345.19997916,0.9595
1624025685165000,1,414.99997911,0.9573
1624025687588000,1,566.56414089,0.9573
1624025797214000,0,316.74982951,0.9483
1624025797374000,1,83.25017049,0.9483
1624025797995000,1,399.00000000,0.9483
1624025799367000,1,391.00000000,0.9481
1624025919043000,1,400.00000000,0.9467
1624026169258000,1,400.00000000,0.9478
1624026265536000,1,390.00000000,0.9484
1624026267436000,1,726.72408000,0.9481
1624026269754000,1,960.54241000,0.9483
1624026553465000,1,124.31473000,0.9457
1624026626391000,1,400.00000000,0.9453
1624026627378000,1,235.42382000,0.9453
1624026751760000,1,400.00000000,0.9441
1624026795568000,0,159.11629590,0.9443
1624026795705000,1,159.11629590,0.9444
1624026795763000,1,81.76740820,0.9444
1624027046945000,1,400.00000000,0.9439
1624027232939000,1,400.00000000,0.9448
1624027578757000,1,851.96066000,0.9423
1624027818447000,0,159.45449189,0.9420
1624027841762000,1,400.00000000,0.9437
1624028157975000,0,400.00000000,0.9407
1624028162296000,0,400.00000000,0.9407
1624028165091000,0,400.00000000,0.9407
1624028193333000,0,400.00000000,0.9407
1624028194338000,0,130.91017000,0.9407
1624028195148000,1,269.08983000,0.9412
1624028195148000,1,388.00000000,0.9412
1624028195620000,0,86.15330000,0.9409
1624028303461000,1,400.00000000,0.9375
1624028304610000,1,400.00000000,0.9375
1624028328198000,0,411.23415190,0.9361
1624028331657000,1,400.00000000,0.9335
1624028333015000,1,400.00000000,0.9335
1624028334235000,1,202.28638000,0.9335
1624028379441000,0,400.00000000,0.9365
1624028380361000,0,400.00000000,0.9365
1624028381401000,0,400.00000000,0.9376
1624028383912000,0,789.32840525,0.9386
1624028383912000,0,771.04778000,0.9387
1624028383912000,0,28.61084346,0.9395
1624028383921000,0,375.38915654,0.9395
1624028383921000,0,407.00000000,0.9399
1624028383921000,0,250.00000000,0.9400
1624028383921000,0,1085.63733253,0.9403
1624028403138000,1,400.00000000,0.9419
1624028405079000,1,330.13566000,0.9419
1624028407963000,0,396.00000000,0.9406
1624028407963000,0,414.00000000,0.9408
1624028407963000,0,41.20886000,0.9410
1624028409093000,0,250.00000000,0.9411
1624028409169000,1,367.77796000,0.9416
1624028431990000,1,400.00000000,0.9444
1624029111390000,1,412.00000000,0.9414
1624029510990000,0,212.76369400,0.9400
1624029636320000,1,400.00000000,0.9371
1624029636458000,1,723.17818000,0.9371
1624029639541000,1,615.91893000,0.9367
1624029652930000,0,400.00000000,0.9340
1624029652973000,0,607.44758000,0.9340
1624029671377000,0,400.00000000,0.9350
1624029672366000,0,400.00000000,0.9350
1624029678268000,1,399.99997975,0.9340
1624029695270000,0,400.00000000,0.9338
1624029696272000,0,400.00000000,0.9338
1624029697375000,0,87.93897000,0.9338
1624029697756000,1,312.06103000,0.9340
1624029697756000,1,411.00000000,0.9332
1624029698385000,0,200.30615000,0.9332
1624029835906000,0,80.74939547,0.9346
1624029889914000,1,400.00000000,0.9327
1624029891135000,1,366.30126000,0.9327
1624029971630000,1,400.00000000,0.9310
1624029972843000,1,400.00000000,0.9310
1624029973791000,1,214.70926000,0.9310
1624030089630000,1,710.23694000,0.9316
1624030103754000,0,160.81503510,0.9344
1624030103831000,1,160.81503510,0.9344
1624030103980000,1,78.36992980,0.9344
1624030116666000,0,160.66933536,0.9356
1624030116752000,1,160.66933536,0.9356
1624030116761000,1,78.66132928,0.9356
1624030117377000,1,388.00000000,0.9356
1624030118155000,0,160.63262520,0.9363
1624030118359000,1,239.36737480,0.9363
1624030173192000,0,400.00000000,0.9333
1624030234291000,0,408.00000000,0.9350
1624030234353000,1,759.49374344,0.9350
1624030302541000,0,250.00000000,0.9351
1624030302754000,1,150.00000000,0.9352
1624030302754000,1,411.00000000,0.9350
1624030757784000,1,182.92766100,0.9323
1624030877855000,1,108.75972000,0.9320
1624030886388000,1,400.00000000,0.9320
1624030887519000,1,300.77736000,0.9320
1624030887519000,1,99.22264000,0.9319
1624031118247000,1,268.26912758,0.9326
1624031202945000,1,400.00000000,0.9325
1624031256526000,1,400.00000000,0.9316
1624031332008000,0,268.26912758,0.9325
1624031398670000,1,400.00000000,0.9319
1624031567617000,1,838.83650908,0.9303
1624031567788000,1,22.00000000,0.9300
1624031567788000,1,2002.23600000,0.9300
1624031568064000,1,403.00000000,0.9294
1624031568806000,1,684.32208000,0.9294
1624031906393000,1,407.00000000,0.9264
1624032108036000,0,400.00000000,0.9302
1624032108860000,0,400.00000000,0.9302
1624032122165000,0,400.00000000,0.9302
1624032123875000,0,400.00000000,0.9302
1624032124772000,0,400.00000000,0.9302
1624032126511000,0,24.23597850,0.9302
1624032126511000,0,375.76402150,0.9302
1624032257234000,1,400.00000000,0.9284
1624032257510000,1,324.40422300,0.9284
1624032257734000,1,123.27483700,0.9284
1624032259596000,0,399.00000000,0.9279
1624032259698000,1,400.00000000,0.9281
1624032259913000,1,49.78509000,0.9281
1624032260596000,0,89.97412300,0.9284
1624032319915000,1,268.77385367,0.9277
1624032962102000,1,250.00000000,0.9279
1624033263537000,0,400.00000000,0.9277
1624033264155000,0,376.94202000,0.9277
1624033266308000,0,1002.24505000,0.9282
1624033268379000,0,975.98708000,0.9283
1624034043907000,1,400.00000000,0.9410
1624034044812000,0,247.79455424,0.9431
1624034044985000,1,400.00000000,0.9406
1624034050108000,1,400.00000000,0.9402
1624034132434000,1,400.00000000,0.9409
1624034948073000,0,414.00000000,0.9393
1624034948073000,0,118.29177577,0.9394
1624035999120000,1,660.17250997,0.9321
1624036002532000,1,806.39521000,0.9315
1624036223272000,0,399.00000000,0.9362
1624036223272000,0,182.00000000,0.9366
1624036223272000,0,398.00000000,0.9366
1624036223272000,0,409.00000000,0.9371
1624036223272000,0,834.95653464,0.9371
1624036223272000,0,250.00000000,0.9376
1624036223272000,0,61.95450432,0.9383
1624036592814000,0,51.73643076,0.9335
1624036635528000,1,925.83269000,0.9316
1624036637957000,1,847.02037000,0.9315
1624036658245000,1,124.76657600,0.9263
1624036658763000,1,62.23342000,0.9263
1624036690752000,0,400.00000000,0.9247
1624036692454000,0,400.00000000,0.9247
1624036694875000,0,400.00000000,0.9244
1624036699190000,0,335.73217000,0.9244
1624036700740000,1,392.00000000,0.9248
1624036700822000,0,268.21440000,0.9247
1624037236693000,1,400.00000000,0.9285
1624037266231000,1,400.00000000,0.9284
1624037286182000,1,400.00000000,0.9276
1624037287232000,1,399.03201000,0.9276
1624037362335000,1,262.50599630,0.9272
1624037465187000,1,411.00000000,0.9286
1624038159281000,0,250.00000000,0.9229
1624038159380000,1,150.00000000,0.9229
1624038313938000,0,149.99997833,0.9229
1624038330968000,1,408.00000000,0.9232
1624038330968000,1,386.00000000,0.9231
1624038331559000,1,400.00000000,0.9235
1624038572977000,1,400.00000000,0.9233
1624038703927000,1,400.00000000,0.9225
1624038776220000,0,389.99997427,0.9223
1624039219053000,1,400.00000000,0.9211
1624039281496000,0,389.99997400,0.9227
1624039281496000,0,10.00002600,0.9227
1624039444540000,1,400.00000000,0.9240
1624039491092000,0,140.08011100,0.9260
1624039647850000,0,186.00000000,0.9303
1624039647850000,0,214.00000000,0.9303
1624039648031000,0,920.41655000,0.9303
1624039649653000,0,400.00000000,0.9309
1624039649770000,0,250.17598000,0.9309
1624039660359000,0,40.98190768,0.9354
1624039661257000,1,359.01809232,0.9355
1624039661714000,1,400.00000000,0.9338
1624039664916000,0,106.86272414,0.9348
1624039667200000,1,400.00000000,0.9331
1624039667877000,0,52.34587049,0.9348
1624039671741000,1,400.00000000,0.9331
1624039675244000,0,233.79140537,0.9348
1624039675244000,0,82.21903463,0.9348
1624039679773000,1,988.55664000,0.9362
1624039682637000,0,250.00000000,0.9354
1624039682637000,0,511.08560000,0.9357
1624039898163000,1,388.00000000,0.9330
1624039898163000,1,399.00000000,0.9328
1624039898666000,1,399.00000000,0.9326
1624039901907000,1,400.00000000,0.9299
1624039903202000,1,400.00000000,0.9299
1624039904219000,1,30.51324907,0.9299
1624039949477000,1,402.00000000,0.9280
1624039949680000,1,384.99998900,0.9280
1624040097787000,1,400.00000000,0.9247
1624040100275000,1,250.00000000,0.9242
1624040100275000,1,150.00000000,0.9241
1624040177494000,1,406.00000000,0.9242
1624040178034000,1,400.00000000,0.9243
1624040556769000,1,400.00000000,0.9235
1624040557847000,1,345.74925000,0.9235
1624040557847000,1,54.25075000,0.9233
1624040722982000,1,270.77667047,0.9212
1624040729739000,1,400.00000000,0.9204
1624040729802000,1,268.00000000,0.9204
1624040730233000,1,140.56530000,0.9204
1624040730411000,1,186.99998912,0.9189
1624040730940000,0,108.88146075,0.9184
1624040731126000,0,250.00000000,0.9184
1624040731196000,1,399.05731000,0.9204
1624040743647000,1,391.00000000,0.9177
1624040743647000,1,132.49134000,0.9177
1624040743715000,1,115.87346574,0.9174
1624040745192000,0,400.00000000,0.9177
1624040749827000,0,400.00000000,0.9177
1624040751904000,0,32.39620792,0.9177
1624040752168000,1,355.34018686,0.9178
1624040765139000,1,187.00000000,0.9140
1624040767305000,1,388.00000000,0.9116
1624040767305000,1,132.55079400,0.9115
1624040768560000,0,400.00000000,0.9140
1624040770673000,1,237.10943428,0.9123
1624040773535000,1,153.88791800,0.9132
1624040773644000,1,249.11207105,0.9132
1624040832187000,1,400.00000000,0.9113
1624040833278000,1,400.00000000,0.9111
1624040834289000,1,400.00000000,0.9111
1624040895477000,1,827.30627000,0.9102
1624040897585000,1,400.00000000,0.9100
1624040897853000,1,245.15337000,0.9100
1624040898171000,0,250.00000000,0.9096
1624040943396000,1,912.77747000,0.9044
1624040951430000,1,187.00000000,0.9016
1624040959092000,1,400.00000000,0.9000
1624040961037000,1,1453.12222222,0.9000
1624040967696000,1,385.13140753,0.8980
1624041062895000,1,396.00000000,0.8980
1624041062895000,1,395.00000000,0.8978
1624041062895000,1,892.92152000,0.8976
1624041063384000,1,400.00000000,0.8982
1624041106824000,1,400.00000000,0.8995
1624041110505000,1,228.42702000,0.8995
1624041110640000,0,170.58735830,0.8992
1624041134025000,1,400.00000000,0.8983
1624041135646000,1,400.00000000,0.8983
1624041203144000,1,170.36704195,0.8980
1624041333039000,1,400.00000000,0.8979
1624041343904000,1,341.14092000,0.8961
1624041502726000,1,68.30165000,0.8949
1624041571582000,1,68.35969000,0.8950
1624041656725000,1,23.00000000,0.8900
1624041832899000,1,136.24483073,0.8942
1624041898391000,1,116.95440100,0.8942
1624041975710000,0,283.04557664,0.8942
1624042189897000,1,400.00000000,0.8948
1624042813807000,1,340.05299500,0.8884
1624043130097000,0,156.53981094,0.8950
1624043168961000,0,400.00000000,0.8941
1624043700948000,0,400.00000000,0.8881
1624043702119000,0,400.00000000,0.8881
1624043716205000,1,400.00000000,0.8895
1624043721214000,0,400.00000000,0.8902
1624043763058000,0,187.00000000,0.8925
1624043912110000,1,250.00000000,0.8906
1624043912110000,1,150.00000000,0.8905
1624044099558000,1,400.00000000,0.8893
1624044101164000,1,400.00000000,0.8893
1624044617964000,1,400.00000000,0.8892
1624045625258000,1,389.99996621,0.8878
1624045625679000,1,400.00000000,0.8878
1624046487984000,0,400.00000000,0.8862
1624046689718000,0,400.00000000,0.8936
1624046691361000,0,387.28429000,0.8936
1624047319515000,0,400.00000000,0.8985
1624047320585000,0,306.51775000,0.8985
1624047350005000,0,400.00000000,0.9010
1624047351176000,0,400.00000000,0.9010
1624047352157000,0,131.62704000,0.9010
1624047371686000,1,400.00000000,0.9016
1624047650237000,1,400.00000000,0.9021
1624047651576000,0,400.00000000,0.9012
1624048340704000,1,400.00000000,0.8953
1624048367641000,0,225.44368212,0.8950
1624048488300000,0,400.00000000,0.8942
1624048579668000,1,400.00000000,0.8940
1624048615754000,1,400.00000000,0.8930
1624052659232000,1,400.00000000,0.9035
1624052708077000,0,400.00000000,0.9044
1624053963961000,1,400.00000000,0.9034
1624055460969000,1,400.00000000,0.9001
1624055775597000,0,187.00000000,0.9010
1624059101442000,0,400.00000000,0.9079
1624059136517000,0,400.00000000,0.9086
1624059137831000,0,244.30638000,0.9086
1624059507102000,0,400.00000000,0.9142
1624059508152000,0,400.00000000,0.9142
1624059509169000,0,59.85042000,0.9142
1624059509706000,1,340.14958000,0.9144
1624060076865000,0,399.99997407,0.9128
1624060078660000,0,0.00002593,0.9128
1624060078660000,0,391.99994814,0.9137
1624060087583000,1,77.99285000,0.9128
