timestamp ms,type,amount,price
1624233703666000,0,400.00000000,0.8934
1624233703734000,0,318.77599000,0.8934
1624233704296000,0,1600.93666000,0.8936
1624233705882000,1,409.00000000,0.8938
1624233705956000,0,240.08530000,0.8938
1624233849472000,1,400.00000000,0.8956
1624233960730000,1,400.00000000,0.8928
1624233961961000,1,400.00000000,0.8928
1624233974259000,1,400.00000000,0.8924
1624234144926000,0,400.00000000,0.8918
1624234513033000,0,400.00000000,0.8948
1624234514053000,0,335.47680000,0.8948
1624234515667000,1,64.52320000,0.8953
1624234515667000,1,385.00000000,0.8953
1624234515667000,1,406.00000000,0.8950
1624234515667000,1,112.11296000,0.8945
1624234521507000,0,400.00000000,0.8968
1624234535766000,1,887.74134000,0.8981
1624234536653000,1,156.68048003,0.8974
1624234543946000,1,899.79313000,0.8973
1624234548160000,1,400.00000000,0.8968
1624234548250000,1,318.25737000,0.8968
1624234549648000,1,400.00000000,0.8964
1624234549649000,1,265.97305000,0.8964
1624235203943000,1,156.95799064,0.8924
1624235324013000,1,280.13713230,0.8923
1624236732305000,0,400.00000000,0.8955
1624236733427000,0,400.00000000,0.8955
1624236733532000,0,197.07838000,0.8955
1624236737235000,0,400.00000000,0.8954
1624237283007000,0,642.95166000,0.8988
1624237285024000,1,395.00000000,0.8986
1624237285092000,0,288.18386000,0.8986
1624237714546000,0,824.92145000,0.9020
1624237717292000,0,386.99998685,0.9015
1624237717390000,0,457.27926315,0.9015
1624237720170000,0,633.32984000,0.9015
1624237741492000,1,400.00000000,0.9007
1624237824763000,0,400.00000000,0.8979
1624237826178000,0,400.00000000,0.8968
1624242700050000,1,250.00000000,0.8916
1624242704237000,1,400.00000000,0.8908
1624242705268000,1,306.66634000,0.8908
1624242705428000,0,93.33366000,0.8903
1624242705428000,0,306.66631337,0.8903
1624242864154000,1,400.00000000,0.8845
1624242899432000,0,400.00000000,0.8857
1624242900354000,0,400.00000000,0.8867
1624243422880000,1,400.00000000,0.8814
1624243495142000,1,400.00000000,0.8786
1624243983778000,0,250.00000000,0.8795
1624243985869000,0,400.00000000,0.8826
1624243986971000,0,256.30094000,0.8826
1624243987872000,1,143.69906000,0.8830
1624244807363000,1,400.00000000,0.8822
1624244809033000,1,400.00000000,0.8819
1624246441344000,1,400.00000000,0.8783
1624246617532000,1,400.00000000,0.8770
1624246618796000,1,288.94524000,0.8770
1624248086340000,1,400.00000000,0.8706
1624248087409000,1,400.00000000,0.8706
1624248432473000,1,909.60914000,0.8639
1624248434363000,1,761.75442000,0.8642
1624248456582000,0,400.00000000,0.8616
1624248461875000,0,400.00000000,0.8609
1624248486235000,0,400.00000000,0.8591
1624248487813000,0,400.00000000,0.8591
1624248488691000,0,82.83597000,0.8591
1624248801486000,1,400.00000000,0.8569
1624248805026000,1,400.00000000,0.8569
1624248807939000,1,400.00000000,0.8559
1624248809047000,1,366.75920000,0.8559
1624248810778000,0,33.24080000,0.8557
1624248814653000,1,400.00000000,0.8557
1624248877743000,1,176.95997000,0.8515
1624248972466000,1,619.79034000,0.8537
1624248974816000,1,922.56783000,0.8530
1624248977161000,1,705.68105000,0.8530
1624249210138000,0,353.66216396,0.8501
1624249210382000,1,46.33783604,0.8502
1624249210382000,1,385.00000000,0.8501
1624249266191000,1,400.00000000,0.8492
1624249271639000,1,243.32928000,0.8492
1624249273821000,1,826.43408000,0.8484
1624249279889000,0,177.47282904,0.8478
1624249279889000,0,393.00000000,0.8478
1624249279940000,1,296.49990096,0.8482
1624249320813000,0,400.00000000,0.8458
1624249344641000,0,357.21634000,0.8458
1624249345563000,1,400.00000000,0.8470
1624249346520000,0,400.00000000,0.8464
1624249347527000,0,400.00000000,0.8464
1624249348670000,0,160.26148000,0.8464
1624249348959000,1,239.73852000,0.8467
1624249569059000,1,400.00000000,0.8447
1624249574077000,1,400.00000000,0.8440
1624249675061000,1,400.00000000,0.8432
1624249728755000,1,176.95993200,0.8445
1624249953014000,1,400.00000000,0.8456
1624249954757000,1,485.50631000,0.8456
1624250054472000,1,400.00000000,0.8439
1624250448636000,1,624.96554000,0.8377
1624250459661000,1,400.00000000,0.8368
1624250460577000,1,654.66887000,0.8364
1624250632019000,1,776.54602000,0.8348
1624250704962000,0,184.00000000,0.8411
1624250704962000,0,407.00000000,0.8411
1624251655865000,0,400.00000000,0.8508
1624251656778000,0,244.29687000,0.8508
1624251875537000,0,772.87391000,0.8555
1624251876985000,0,950.40198000,0.8555
1624251955659000,1,400.00000000,0.8570
1624252508651000,0,400.00000000,0.8565
1624252553802000,0,400.00000000,0.8536
1624252954967000,1,400.00000000,0.8577
1624253384682000,1,400.00000000,0.8555
1624255271256000,0,400.00000000,0.8652
1624255272944000,0,257.12879000,0.8652
1624256358552000,1,144.70832456,0.8657
1624256693524000,1,400.00000000,0.8617
1624256839370000,1,400.00000000,0.8616
1624256879053000,1,355.55774391,0.8535
1624256879053000,1,2.03866609,0.8522
1624256879302000,1,721.99614159,0.8522
1624256912938000,1,681.91602000,0.8483
1624256917981000,1,875.09282000,0.8467
1624256921520000,1,373.96960352,0.8492
1624256921520000,1,704.06441091,0.8479
1624256921520000,1,708.38943434,0.8466
1624256921520000,1,785.91154000,0.8455
1624256936761000,1,401.00000000,0.8439
1624256952792000,0,373.14461417,0.8423
1624256952795000,0,26.85538583,0.8423
1624256954359000,1,357.03093341,0.8427
1624256962566000,1,361.50756119,0.8435
1624256972718000,1,353.74803981,0.8418
1624256985556000,1,249.50628740,0.8416
1624257011957000,1,832.15464000,0.8391
1624257030659000,1,408.00000000,0.8371
1624257031169000,1,383.00000000,0.8369
1624257031723000,1,875.41374000,0.8367
1624257032411000,1,394.00000000,0.8358
1624257033061000,1,409.00000000,0.8355
1624257033578000,1,1626.49694000,0.8354
1624257035557000,1,853.43903000,0.8370
1624257036743000,1,400.00000000,0.8356
1624257036771000,1,436.82591000,0.8356
1624257043787000,1,104.46697034,0.8322
1624257082182000,1,409.00000000,0.8270
1624257082224000,1,226.23565298,0.8268
1624257157663000,1,400.00000000,0.8252
1624257212709000,1,375.53913254,0.8277
1624257242578000,0,65.85893000,0.8287
1624257243360000,0,65.72795000,0.8287
1624257244314000,0,65.77232000,0.8287
1624257248891000,0,383.58840175,0.8276
1624257289683000,1,400.00000000,0.8260
1624257291711000,1,400.00000000,0.8260
1624257302380000,0,361.58867497,0.8255
1624257308253000,1,400.00000000,0.8252
1624257312719000,1,342.50482000,0.8252
1624257314600000,0,51.74566200,0.8248
1624257314624000,0,5.74951800,0.8248
1624257314624000,0,380.25047700,0.8250
1624257381598000,1,653.89846000,0.8233
1624257398104000,1,846.99137000,0.8220
1624257496962000,0,367.32891184,0.8197
1624257515124000,1,383.93782400,0.8205
1624257515257000,1,618.70026696,0.8205
1624257517181000,1,0.00001904,0.8205
1624257549996000,0,400.00000000,0.8209
1624257681002000,1,836.42573000,0.8210
1624257682083000,1,676.07109000,0.8205
1624257684980000,1,757.18587000,0.8206
1624257685905000,1,897.31243000,0.8196
1624257818141000,1,400.00000000,0.8144
1624257892736000,1,728.05835000,0.8118
1624257894758000,1,637.73629000,0.8124
1624257904554000,1,833.12224000,0.8106
1624257905079000,1,373.33686568,0.8099
1624257970725000,0,364.22709003,0.8118
1624257992239000,0,371.17978970,0.8137
1624258002739000,0,365.35042340,0.8157
1624258004778000,1,34.64957660,0.8159
1624258004778000,1,345.34599879,0.8159
1624258170002000,1,400.00000000,0.8146
1624258173169000,1,400.00000000,0.8146
1624258326634000,1,400.00000000,0.8174
1624258830851000,0,399.99997557,0.8191
1624258830964000,1,0.00002443,0.8192
1624258830964000,1,415.00000000,0.8191
1624259002620000,0,363.09915801,0.8195
1624259057540000,0,392.34881190,0.8259
1624259158233000,0,400.00000000,0.8291
1624259159498000,0,385.52463000,0.8291
1624259280248000,0,400.00000000,0.8329
1624259402385000,1,400.00000000,0.8293
1624260058743000,1,400.00000000,0.8200
1624260318045000,1,400.00000000,0.8193
1624260381869000,0,182.88496476,0.8215
1624260381957000,1,217.11503524,0.8215
1624260386120000,0,97.37453899,0.8216
1624260386925000,0,85.52418026,0.8216
1624260387064000,1,182.89871925,0.8216
1624260387157000,1,412.00000000,0.8219
1624260387157000,1,131.57710049,0.8216
1624260387157000,1,396.00000000,0.8215
1624260420909000,1,400.00000000,0.8185
1624260479319000,1,400.00000000,0.8184
1624260481129000,1,400.00000000,0.8176
1624260483273000,1,400.00000000,0.8172
1624260483937000,1,484.42034000,0.8172
1624262152829000,1,400.00000000,0.8196
1624262154135000,1,400.00000000,0.8193
1624262155245000,1,400.00000000,0.8193
1624262181087000,1,400.00000000,0.8193
1624262613069000,1,250.00000000,0.8173
1624262613174000,0,150.00000000,0.8171
1624263176278000,0,368.97188985,0.8242
1624263178011000,0,400.00000000,0.8249
1624263269616000,0,400.00000000,0.8304
1624263434112000,1,400.00000000,0.8306
1624263511381000,1,250.00000000,0.8300
1624263511602000,0,150.00000000,0.8300
1624264100531000,0,400.00000000,0.8296
1624264101544000,0,400.00000000,0.8296
1624264103532000,0,77.47511000,0.8296
1624264104263000,0,400.00000000,0.8294
1624264104376000,0,257.05226000,0.8294
1624264245803000,0,399.99997131,0.8275
1624264568511000,1,411.00000000,0.8254
1624264569247000,1,396.00000000,0.8252
1624264570554000,1,239.51128578,0.8251
1624264715267000,0,381.62998876,0.8261
1624264718577000,1,400.00000000,0.8280
1624264790880000,0,250.00000000,0.8273
1624264792224000,1,386.00000000,0.8275
1624264793421000,1,400.00000000,0.8276
1624264953623000,1,400.00000000,0.8253
1624264954818000,1,400.00000000,0.8253
1624264955790000,1,27.97602000,0.8253
1624264955790000,1,372.02398000,0.8251
1624265344148000,1,400.00000000,0.8288
1624265779501000,0,395.00780821,0.8315
1624265780997000,0,400.00000000,0.8327
1624265823734000,0,180.76370051,0.8317
1624265916618000,1,400.00000000,0.8297
1624265964437000,1,400.00000000,0.8302
1624265965578000,0,400.00000000,0.8302
1624265984469000,1,400.00000000,0.8299
1624266075341000,0,180.80419102,0.8323
1624266079760000,1,219.19580898,0.8327
1624266079760000,1,386.00000000,0.8327
1624266080283000,1,400.00000000,0.8329
1624266311379000,1,400.00000000,0.8277
1624266500404000,1,400.00000000,0.8247
1624266501953000,1,238.64255000,0.8247
1624266502130000,0,161.35745000,0.8243
1624266505841000,1,238.64252119,0.8243
1624266537784000,1,250.00000000,0.8213
1624266654060000,1,400.00000000,0.8203
1624266655171000,1,255.85503000,0.8203
1624266658777000,1,907.29513000,0.8201
1624266852023000,0,139.13015137,0.8254
1624266886677000,0,379.94462601,0.8343
1624267020402000,1,189.57229675,0.8315
1624267070686000,1,400.00000000,0.8306
1624267224681000,1,386.41614133,0.8210
1624267237826000,1,395.04461822,0.8174
1624267238973000,1,400.00000000,0.8171
1624267239070000,1,285.69402000,0.8171
1624267390832000,1,867.98355000,0.8055
1624267448154000,1,705.28841000,0.8061
1624267508076000,1,754.69585000,0.8038
1624267741451000,1,288.96574800,0.8095
1624267861789000,1,279.34820500,0.8151
1624271008440000,1,400.00000000,0.8055
1624271078794000,1,653.63843000,0.8043
1624271197385000,1,400.00000000,0.8018
1624271319712000,1,389.19201915,0.8075
1624272300417000,1,255.69734070,0.8012
1624272774191000,1,934.25844000,0.7990
1624272775969000,1,673.20531000,0.7993
1624273210062000,1,822.44470000,0.7879
1624273522487000,1,804.00942000,0.7870
1624273524962000,1,624.79462000,0.7864
1624273644849000,1,100.00000000,0.7842
1624274668111000,1,12835.18324635,0.7800
1624274863633000,0,400.00000000,0.7750
1624275048564000,1,400.00000000,0.7730
1624275383811000,0,400.00000000,0.7913
1624275385147000,0,400.00000000,0.7913
1624275422640000,0,400.00000000,0.7934
1624275423673000,0,388.08378753,0.7936
1624275423673000,0,11.91621247,0.7936
1624275444042000,1,400.00000000,0.7923
1624275536202000,0,389.00000000,0.7881
1624275536821000,0,389.00000000,0.7882
1624275565497000,0,400.00000000,0.7898
1624275566125000,0,400.00000000,0.7898
1624275567867000,0,400.00000000,0.7899
1624275698587000,1,400.00000000,0.7887
1624275723448000,0,400.00000000,0.7875
1624275724605000,0,387.79108472,0.7875
1624275725573000,0,322.99096915,0.7881
1624275740336000,1,400.00000000,0.7883
1624275744946000,1,400.00000000,0.7883
1624275746501000,1,28.64690668,0.7883
1624275863595000,0,400.00000000,0.7919
1624275865060000,0,400.00000000,0.7919
1624275865806000,0,165.10215000,0.7919
1624275867110000,0,400.00000000,0.7933
1624275928288000,1,400.00000000,0.7928
1624276048286000,0,400.00000000,0.7928
1624276052603000,0,400.00000000,0.7932
1624276053704000,0,400.00000000,0.7932
1624276093462000,0,369.56310887,0.7970
1624276093462000,0,30.43689113,0.7971
1624276248820000,1,400.00000000,0.7998
1624276329972000,0,554.99997042,0.8028
1624276383027000,1,254.18101117,0.7996
1624276383269000,0,145.81898883,0.7995
1624276384289000,1,264.18099632,0.7995
1624276399727000,1,400.00000000,0.7987
1624276407099000,0,411.00000000,0.7997
1624276577794000,1,400.00000000,0.7964
1624276796761000,0,400.00000000,0.7970
1624276797577000,0,394.25345020,0.7970
1624276827884000,0,300.34339461,0.7984
1624276828116000,0,400.00000000,0.7984
1624276930021000,1,200.17063000,0.7961
1624276930972000,0,819.12895467,0.7982
1624276930972000,0,411.00000000,0.7982
1624276931548000,0,387.00000000,0.7979
1624276974495000,1,400.00000000,0.7998
1624277050136000,1,302.58493500,0.7943
1624277170187000,1,227.00082500,0.7897
1624277307889000,1,400.00000000,0.7936
1624277312673000,1,400.00000000,0.7928
1624277476289000,1,400.00000000,0.7958
1624277660872000,0,400.00000000,0.7923
1624277732987000,1,400.00000000,0.7919
1624277741973000,0,400.00000000,0.7913
1624278407595000,0,400.00000000,0.8000
1624278534474000,0,250.00000000,0.8007
1624278534564000,1,150.00000000,0.8007
1624278536541000,0,400.00000000,0.8020
1624278540473000,0,400.00000000,0.8031
1624278550953000,1,400.00000000,0.8072
1624278566111000,1,389.00000000,0.8088
1624278566111000,1,785.17508207,0.8087
1624278566111000,1,384.00000000,0.8087
1624278573510000,1,132.77273452,0.8067
1624278846947000,0,400.00000000,0.8047
1624278848016000,0,400.00000000,0.8054
1624278850345000,0,466.42350000,0.8054
1624279296147000,0,400.00000000,0.7992
1624279567924000,1,400.00000000,0.7964
1624279571203000,1,400.00000000,0.7964
1624279572275000,1,400.00000000,0.7964
1624280052379000,1,400.00000000,0.7917
1624280054917000,1,400.00000000,0.7913
1624280056684000,1,400.00000000,0.7913
1624280057911000,1,200.96930000,0.7913
1624280058171000,0,199.03070000,0.7911
1624280060662000,1,394.37600130,0.7922
1624280265669000,1,399.99996999,0.7909
1624280265669000,1,0.00003001,0.7909
1624280267654000,1,958.15935999,0.7909
1624280419677000,0,400.00000000,0.7912
1624280420730000,0,399.99997472,0.7912
1624280445314000,0,70.16136560,0.7944
1624280447443000,1,400.00000000,0.7948
1624280447443000,1,410.00000000,0.7948
1624280523581000,0,400.00000000,0.7919
1624280526107000,1,396.99998500,0.7919
1624280526995000,1,400.00000000,0.7911
1624280528019000,1,371.61553000,0.7911
1624281385499000,0,211.00000000,0.7888
1624281432343000,0,400.00000000,0.7927
1624282014629000,0,400.00000000,0.7959
1624282113343000,0,400.00000000,0.7959
1624282114233000,0,125.60066000,0.7959
1624282297657000,0,400.00000000,0.7985
1624282298839000,0,400.00000000,0.7985
1624282299923000,0,57.22869000,0.7985
1624282339590000,0,400.00000000,0.8005
1624282343553000,0,347.69925000,0.8005
1624283329149000,0,400.00000000,0.8045
1624283330304000,0,280.48401000,0.8045
1624283435425000,0,400.00000000,0.8037
1624283447372000,0,400.00000000,0.8056
1624283961151000,0,823.23303000,0.8163
1624284146923000,0,211.00000000,0.8108
1624284147489000,1,681.00000000,0.8099
1624284261767000,0,400.00000000,0.8115
1624284935175000,0,399.99997048,0.8065
1624284935175000,0,0.00002952,0.8065
1624285294226000,1,250.00000000,0.8013
1624285294737000,0,150.00000000,0.8010
1624285422062000,0,118.73961028,0.8001
1624286193030000,1,400.00000000,0.8087
1624286576651000,0,309.29493127,0.8083
1624286628439000,0,211.00000000,0.8094
1624286628439000,0,189.00000000,0.8094
1624286880450000,1,400.00000000,0.8072
1624287243034000,0,400.00000000,0.8114
1624287243049000,0,609.08567000,0.8114
1624287244367000,0,862.63487000,0.8115
1624287256690000,0,409.27477478,0.8119
1624287276805000,1,400.00000000,0.8113
1624287282515000,0,92.78952804,0.8145
1624287331067000,1,400.00000000,0.8129
1624287656829000,1,400.00000000,0.8057
1624287666068000,0,399.99998519,0.8038
1624287666616000,0,383.99997036,0.8035
1624287666790000,0,0.00002964,0.8035
1624287666790000,0,365.84839906,0.8036
1624287674390000,0,400.00000000,0.8058
1624287697433000,1,400.00000000,0.8028
1624287942514000,0,396.03255613,0.8050
1624287943164000,1,395.00000000,0.8053
1624287945407000,1,3.96744387,0.8052
1624288097146000,0,400.00000000,0.8094
1624288099997000,0,400.00000000,0.8111
1624288351210000,1,400.00000000,0.8066
1624288371297000,1,337.22089525,0.8066
1624288371375000,0,62.77910475,0.8065
1624288515891000,0,250.00000000,0.8089
1624288519196000,1,403.00000000,0.8096
1624288519263000,1,402.65598897,0.8096
1624288585784000,0,400.00000000,0.8063
1624288591398000,1,309.89184678,0.8063
1624288591591000,0,90.10815322,0.8062
1624288693132000,0,400.00000000,0.8079
1624289357848000,1,400.00000000,0.8036
1624289602100000,1,400.00000000,0.8012
1624289602255000,1,458.12431000,0.8012
1624289604983000,1,763.97407000,0.8008
1624289743149000,0,400.00000000,0.7954
1624289793275000,1,400.00000000,0.7928
1624289876224000,1,654.15406000,0.7919
1624290322072000,1,400.00000000,0.7943
1624290378805000,0,188.40996452,0.7972
1624290378957000,1,211.59003548,0.7972
1624290379457000,1,211.59001285,0.7967
1624290384093000,0,188.36101449,0.7975
1624290384169000,1,211.63898551,0.7976
1624290384702000,1,397.00000000,0.7977
1624290384702000,1,407.00000000,0.7974
1624290444349000,0,332.87664674,0.7974
1624290631820000,1,400.00000000,0.7969
1624290633389000,1,399.99997012,0.7967
1624291043994000,0,211.00000000,0.7987
1624291043994000,0,189.00000000,0.7987
1624291386622000,0,400.00000000,0.8053
1624291409160000,1,403.00000000,0.8060
1624291409682000,1,400.00000000,0.8064
1624291414409000,1,348.26348013,0.8058
1624291414409000,1,413.00000000,0.8058
1624291414966000,1,400.00000000,0.8059
1624291580368000,0,400.00000000,0.7998
1624291590967000,1,404.63329000,0.8027
1624291707899000,0,400.00000000,0.8035
1624292206620000,1,399.99997027,0.7988
1624292291196000,0,400.00000000,0.7978
1624292699468000,1,785.99079000,0.7933
1624292701484000,1,400.00000000,0.7932
1624292703925000,1,400.00000000,0.7922
1624292764240000,0,400.00000000,0.7916
1624292778181000,1,315.80011116,0.7912
1624292898315000,1,315.97573306,0.7905
1624293096254000,1,400.00000000,0.7894
1624293110258000,1,400.00000000,0.7871
1624293129263000,1,379.41356859,0.7882
1624293174186000,1,400.00000000,0.7837
1624293175202000,1,271.75649000,0.7837
1624293175320000,0,128.24351000,0.7834
1624293176889000,1,271.75645960,0.7834
1624293260731000,1,400.00000000,0.7798
1624293312159000,1,407.00000000,0.7791
1624293312700000,1,400.00000000,0.7795
1624293313264000,1,406.00000000,0.7791
1624293315198000,1,1015.57265000,0.7787
1624293317067000,1,400.00000000,0.7786
1624293317180000,1,508.77541000,0.7786
1624293352920000,1,400.00000000,0.7766
1624293360327000,1,392.12693390,0.7766
1624293410155000,1,374.97414990,0.7781
1624293414330000,1,814.01970000,0.7766
1624293738888000,1,185.97081804,0.7754
1624293858971000,1,141.28070100,0.7745
1624293930850000,0,99.50581516,0.7798
1624293930993000,1,300.49418484,0.7799
1624293974673000,1,400.00000000,0.7763
1624293978963000,1,176.27899600,0.7756
1624294078023000,1,400.00000000,0.7755
1624294078857000,1,303.54394000,0.7755
1624294141837000,1,408.00000000,0.7747
1624294210771000,1,954.92935000,0.7728
1624294321520000,0,206.00000000,0.7793
1624294321520000,0,194.00000000,0.7793
1624294670035000,0,400.00000000,0.7730
1624294827177000,1,412.00000000,0.7725
1624294913171000,1,407.00000000,0.7734
1624295059932000,1,177.41317422,0.7766
1624295175965000,0,400.00000000,0.7817
1624295227611000,1,401.00000000,0.7919
1624295227611000,1,786.81200139,0.7915
1624295227611000,1,391.00000000,0.7915
1624295228123000,1,868.73033238,0.7919
1624295235914000,1,400.00000000,0.7892
1624295238552000,1,400.00000000,0.7892
1624295239719000,1,400.00000000,0.7892
1624295240907000,1,30.79809598,0.7892
1624295247057000,1,127.07017590,0.7866
1624295247171000,0,272.92982410,0.7865
1624295317452000,1,264.54726316,0.7834
1624295317598000,0,135.45273684,0.7830
1624295318628000,1,393.99998481,0.7830
1624295318628000,1,6.00001519,0.7827
1624295624607000,0,400.00000000,0.7742
1624295646147000,0,400.00000000,0.7738
1624295649422000,0,400.00000000,0.7738
1624295720578000,0,856.20326363,0.7753
1624295720578000,0,385.00000000,0.7754
1624295722765000,0,400.00000000,0.7801
1624295724043000,0,400.00000000,0.7801
1624295724985000,0,390.69763038,0.7801
1624295730568000,0,400.00000000,0.7846
1624295754968000,1,803.98828845,0.7851
1624295831865000,1,400.00000000,0.7840
1624296230458000,1,250.00000000,0.7826
1624296230575000,0,150.00000000,0.7826
1624296232339000,1,400.00000000,0.7823
1624296325785000,1,400.00000000,0.7799
1624296326885000,1,392.99998474,0.7798
1624296677565000,0,400.00000000,0.7809
1624297279384000,0,400.00000000,0.7786
1624297636882000,1,400.00000000,0.7759
1624297726757000,1,842.20706676,0.7681
1624297772417000,1,392.00000000,0.7658
1624297775683000,0,398.99996893,0.7661
1624297775817000,0,0.00003107,0.7661
1624297775817000,0,405.11704013,0.7664
1624297781011000,0,451.37239212,0.7664
1624297781154000,1,435.90302788,0.7664
1624297781154000,1,396.00000000,0.7654
1624297803576000,1,405.00000000,0.7646
1624297805354000,1,400.00000000,0.7642
1624297805546000,1,260.48219000,0.7642
1624297806847000,0,407.00000000,0.7636
1624297806847000,0,240.52695000,0.7640
1624297849685000,1,398.00000000,0.7623
1624297849685000,1,798.15247398,0.7622
1624297851201000,1,400.00000000,0.7623
1624297851853000,1,408.00000000,0.7622
1624297957505000,1,703.70179000,0.7606
1624297958270000,0,400.00000000,0.7587
1624297958270000,0,231.03132000,0.7593
1624297973954000,1,205.79889000,0.7587
1624297975905000,1,406.00000000,0.7569
1624297975905000,1,376.00000000,0.7568
1624297977158000,1,400.00000000,0.7572
1624298082587000,1,400.00000000,0.7553
1624298083843000,1,400.00000000,0.7553
1624298147205000,0,400.00000000,0.7598
1624298338642000,1,400.00000000,0.7600
1624298339713000,1,290.12471000,0.7600
1624298340515000,0,109.87529000,0.7596
1624298340527000,1,384.00000000,0.7600
1624298481618000,1,328.95602515,0.7617
1624298498109000,0,250.00000000,0.7648
1624298498248000,1,150.00000000,0.7651
1624298499244000,0,99.96461670,0.7651
1624298633608000,0,389.00000000,0.7670
1624298633608000,0,405.00000000,0.7672
1624298633608000,0,835.28803634,0.7674
1624298633608000,0,395.00000000,0.7674
1624298633608000,0,250.00000000,0.7676
1624298633608000,0,1154.61391181,0.7686
1624298633608000,0,382.38479768,0.7696
1624298633608000,0,821.75343201,0.7708
1624298633608000,0,2500.00000000,0.7712
1624298633608000,0,761.10036321,0.7719
1624298633608000,0,867.67345000,0.7732
1624298633608000,0,1709.39299000,0.7769
1624298633608000,0,902.63141000,0.7772
1624298633608000,0,2061.82079000,0.7844
1624298633608000,0,1910.67598000,0.7865
1624298633608000,0,2187.41259000,0.7894
1624298633699000,1,400.00000000,0.8000
1624298633777000,1,13054.11609575,0.8000
1624298633872000,1,114.25000000,0.8000
1624298633883000,1,409.00000000,0.8000
1624298634233000,1,901.66171000,0.8000
1624298634866000,1,716.97511478,0.8769
1624298634866000,1,566.05815024,0.8769
1624298635091000,1,162.45104872,0.8769
1624298635091000,1,353.82436391,0.8769
1624298635091000,1,1078.34103737,0.8000
1624298635093000,1,961.87283000,0.8000
1624298635098000,1,1803.98329000,0.8000
1624298635109000,1,2077.05169000,0.8000
1624298635823000,1,250.00000000,0.8000
1624298636322000,1,1879.21252000,0.8000
1624298636563000,1,903.42278000,0.8000
1624298639260000,1,409.22391200,0.8691
1624298639263000,1,308.40643270,0.8691
1624298639263000,1,75.49677930,0.8000
1624298639268000,1,544.42833400,0.8000
1624298639394000,1,982.05400700,0.8000
1624298639790000,1,545.23565300,0.8000
1624298639861000,1,742.33344600,0.8000
1624298640008000,1,668.53848750,0.8000
1624298640300000,1,1638.36541000,0.8000
1624298640562000,1,103.71717000,0.8000
1624298640937000,1,341.91022800,0.8000
1624298640962000,1,2373.89380700,0.8000
1624298641118000,1,160.07820100,0.8000
1624298641130000,1,359.41157500,0.8000
1624298641376000,1,301.62488700,0.8000
1624298641545000,1,194.14141000,0.8000
1624298641713000,1,891.24702500,0.8000
1624298641721000,1,214.49739400,0.8000
1624298641855000,1,748.88750000,0.8000
1624298642039000,1,879.34288000,0.8000
1624298642090000,1,124.70267700,0.8000
1624298644496000,1,286.56880200,0.8000
1624298644631000,1,904.47592300,0.8000
1624298648221000,1,901.45000000,0.8000
1624298650246000,1,2097.58410000,0.8000
1624298661920000,1,836.29210003,0.8000
1624298661920000,1,2.87430997,0.7989
1624298664700000,0,127.11325791,0.7867
1624298665250000,0,127.11325791,0.7858
1624298665993000,0,456.62784098,0.7858
1624298666486000,0,136.65624111,0.7858
1624298671468000,0,128.54957514,0.7779
1624298672218000,0,128.54957514,0.7779
1624298672820000,0,128.54957514,0.7779
1624298674632000,0,88.67942483,0.7734
1624298675429000,0,41.28819159,0.7734
1624298683722000,0,798.20230000,0.7726
1624298683722000,0,99.76500000,0.7779
1624298685538000,0,233.67675096,0.7724
1624298686539000,1,223.66183094,0.7715
1624298686539000,1,397.00000000,0.7690
1624298686539000,1,250.00000000,0.7682
1624298686539000,1,2066.53400000,0.7674
1624298686539000,1,1952.48201567,0.7674
1624298686539000,1,2603.30935422,0.7662
1624298686539000,1,206.00000000,0.7651
1624298686539000,1,777.02322340,0.7651
1624298686539000,1,2500.00000000,0.7639
1624298686539000,1,698.00000000,0.7639
1624298686539000,1,400.74068802,0.7639
1624298686539000,1,6770.00000000,0.7628
1624298686539000,1,3252.11908954,0.7625
1624298686539000,1,803.11297536,0.7617
1624298686539000,1,841.65817000,0.7617
1624298686539000,1,1442.73764000,0.7598
1624298686539000,1,3456.00000000,0.7590
1624298686539000,1,1276.94736000,0.7585
1624298686539000,1,6495.79228699,0.7571
1624298686539000,1,1076.12706000,0.7537
1624298686539000,1,1665.96867000,0.7528
1624298686539000,1,258.38410228,0.7500
1624298686540000,0,395.00000000,0.7500
1624298686588000,0,1190.61247352,0.7500
1624298686658000,0,400.00000000,0.7500
1624298686697000,0,1952.48201567,0.7500
1624298686793000,0,2012.34400000,0.7500
1624298686921000,1,113.11782649,0.7485
1624298687056000,0,133.33333333,0.7500
1624298687096000,0,12785.56721106,0.7500
1624298687096000,0,237.67024693,0.7536
1624298687652000,0,799.68173701,0.7630
1624298687652000,0,810.09745577,0.7630
1624298687652000,0,414.18331955,0.7630
1624298700603000,0,196.71062096,0.7689
1624298716161000,0,400.00000000,0.7671
1624298717189000,0,400.00000000,0.7671
1624298718579000,0,400.00000000,0.7669
1624298719594000,0,400.00000000,0.7669
1624298721960000,1,321.37393785,0.7661
1624298739252000,0,400.00000000,0.7669
1624298807922000,1,407.00000000,0.7659
1624298808006000,0,291.00000000,0.7659
1624298812952000,1,250.00000000,0.7656
1624298819988000,1,250.00000000,0.7653
1624298820168000,0,448.00000000,0.7653
1624298824105000,1,250.00000000,0.7653
1624298824105000,1,448.00000000,0.7652
1624298828973000,1,250.00000000,0.7653
1624298830044000,0,448.00000000,0.7653
1624298832564000,1,698.00000000,0.7649
1624298842142000,1,326.40910811,0.7649
1624298844934000,1,698.00000000,0.7649
1624298849880000,1,236.26893192,0.7649
1624298849993000,0,461.73106808,0.7649
1624298880371000,0,698.00000000,0.7649
1624298962324000,1,326.40910811,0.7657
1624299012369000,1,400.00000000,0.7644
1624299062091000,1,400.00000000,0.7627
1624299161272000,0,400.00000000,0.7649
1624299162255000,0,206.00000000,0.7656
1624299163505000,1,194.00000000,0.7659
1624299284896000,0,398.00000000,0.7654
1624299284896000,0,255.09242380,0.7658
1624299322822000,1,326.60099809,0.7638
1624299563101000,1,327.22513089,0.7649
1624299759311000,1,400.00000000,0.7648
1624299763066000,1,400.00000000,0.7648
1624299803553000,1,326.70770115,0.7634
1624299923812000,1,327.48660579,0.7618
1624300043918000,1,328.18735559,0.7609
1624300164150000,1,327.68835526,0.7624
1624300257581000,0,201.00000000,0.7643
1624300284193000,1,60.98953820,0.7643
1624300404379000,1,327.10096952,0.7634
1624300467869000,1,400.00000000,0.7634
1624300524636000,1,327.47373660,0.7636
1624300644818000,1,327.47373660,0.7640
1624300764835000,1,327.20799958,0.7642
1624300885073000,1,249.99998693,0.7651
1624301005269000,1,326.77600449,0.7676
1624301064313000,0,201.00000000,0.7686
1624301187870000,0,201.00000000,0.7693
1624301253810000,0,393.00000000,0.7709
1624301253810000,0,201.00000000,0.7710
1624301255585000,0,201.00000000,0.7710
1624301404783000,0,389.00000000,0.7716
1624301516569000,1,400.00000000,0.7705
1624301668058000,1,201.00000000,0.7714
1624302005659000,0,201.00000000,0.7745
1624302824225000,0,400.00000000,0.7695
1624303765449000,1,400.00000000,0.7643
1624303766116000,1,579.89165000,0.7643
1624303768174000,0,400.00000000,0.7639
1624303768515000,1,213.68242000,0.7639
1624303769469000,0,186.31754893,0.7635
1624303769807000,0,194.28625556,0.7635
1624304041733000,1,924.47160000,0.7588
1624304043867000,0,393.00000000,0.7593
1624304043962000,1,384.75613000,0.7594
1624304047553000,1,400.00000000,0.7587
1624304047575000,1,409.78494000,0.7587
1624304423116000,0,201.00000000,0.7603
1624304824619000,0,201.00000000,0.7634
1624304825349000,0,250.00000000,0.7638
1624304826043000,1,397.00000000,0.7642
1624305099121000,0,201.00000000,0.7650
1624305867090000,0,201.00000000,0.7701
1624305867157000,1,199.00000000,0.7705
1624305883959000,1,400.00000000,0.7731
1624306040309000,1,400.00000000,0.7715
1624306177783000,1,216.36749486,0.7740
1624306177783000,1,183.63250514,0.7740
1624306178801000,1,400.00000000,0.7740
1624306193281000,1,400.00000000,0.7740
1624306421962000,1,407.00000000,0.7686
1624307976571000,0,400.00000000,0.7665
1624307977404000,1,400.00000000,0.7663
1624308118098000,0,400.00000000,0.7688
1624308118098000,0,408.00000000,0.7689
1624309959104000,1,390.00000000,0.7632
1624309959104000,1,887.98188000,0.7631
1624309960762000,1,414.00000000,0.7629
1624309966069000,1,47.50909799,0.7608
1624310055262000,1,400.00000000,0.7607
1624310056633000,1,400.00000000,0.7607
1624310057400000,1,168.87090000,0.7607
1624310058866000,0,231.12910000,0.7603
1624310146541000,1,809.61874000,0.7571
1624310151251000,1,758.92591000,0.7565
1624310378757000,0,250.00000000,0.7586
1624310665306000,0,400.00000000,0.7599
1624310666955000,1,400.00000000,0.7619
1624310724310000,0,201.00000000,0.7624
1624310759779000,0,400.00000000,0.7649
1624310760529000,0,201.00000000,0.7649
1624311613802000,0,401.18235502,0.7637
1624311925355000,0,400.00000000,0.7571
1624312005231000,1,409.00000000,0.7525
1624312005231000,1,390.00000000,0.7524
1624312005231000,1,90.73267218,0.7521
1624312032401000,1,400.00000000,0.7506
1624312033389000,1,400.00000000,0.7506
1624312311178000,1,400.00000000,0.7519
1624312311377000,1,433.88138000,0.7519
1624312313780000,1,624.27288000,0.7516
1624312314299000,1,624.27285124,0.7515
1624312778650000,1,654.13506000,0.7510
1624312779762000,1,680.68871000,0.7510
1624312783917000,1,400.00000000,0.7504
1624312888534000,0,201.00000000,0.7534
1624312888770000,1,199.00000000,0.7534
1624312902511000,1,400.00000000,0.7513
1624312902615000,1,243.38331000,0.7513
1624312903780000,1,683.64262000,0.7514
1624313863174000,0,201.00000000,0.7529
1624314958232000,1,354.16840028,0.7451
1624315311952000,1,703.59831000,0.7433
1624315314953000,1,1019.92137000,0.7433
1624315898082000,1,799.02457000,0.7428
1624317140746000,1,400.00000000,0.7509
1624317682637000,0,250.00000000,0.7517
1624317682769000,1,150.00000000,0.7517
1624317683333000,1,396.00000000,0.7516
1624317683333000,1,408.00000000,0.7513
1624317750972000,0,400.00000000,0.7536
1624319395230000,1,672.50546000,0.7450
1624319397173000,1,884.97455000,0.7449
1624319788641000,1,400.00000000,0.7445
1624319980626000,0,400.00000000,0.7454
1624319980779000,1,10.74658269,0.7461
1624320371445000,0,381.90385857,0.7531
1624320371571000,1,18.09614143,0.7532
1624320884395000,1,828.45869000,0.7407
1624320889084000,1,974.87066000,0.7405
1624320890782000,1,647.11648000,0.7405
1624320908453000,1,400.00000000,0.7400
1624320908634000,1,13528.61849368,0.7400
1624320909540000,1,400.00000000,0.7400
1624321186723000,1,106.77973800,0.7374
1624321187019000,1,391.00000000,0.7378
1624321187019000,1,8.99999500,0.7374
1624321187283000,1,118.73003700,0.7378
1624321378143000,1,106.30497200,0.7374
1624321378332000,1,290.69500088,0.7374
1624321384118000,1,400.00000000,0.7374
1624321468769000,1,397.99995925,0.7361
1624321477364000,1,412.99997278,0.7346
1624321668921000,0,250.60877000,0.7313
1624321759682000,1,854.13018749,0.7296
1624321763645000,1,0.00003953,0.7296
1624322001160000,1,106.98719500,0.7271
1624322004357000,1,293.01277750,0.7271
1624322297736000,1,654.37321000,0.7263
1624322299226000,1,250.00000000,0.7260
1624322805693000,0,400.00000000,0.7227
1624322826282000,0,400.00000000,0.7231
1624322891222000,1,400.00000000,0.7202
1624322892246000,1,400.00000000,0.7202
1624322980279000,1,202.51527668,0.7191
1624323700423000,1,365.94103748,0.7152
1624323712596000,0,365.94107000,0.7152
1624324237688000,0,400.00000000,0.7258
1624324265701000,0,400.00000000,0.7252
1624324362348000,1,400.00000000,0.7275
1624324363433000,1,400.00000000,0.7275
1624324398234000,1,200.00000000,0.7275
1624324492992000,0,400.00000000,0.7316
1624324494341000,0,400.00000000,0.7316
1624324519938000,0,400.00000000,0.7359
1624324540515000,0,400.00000000,0.7386
1624324541055000,0,585.60438000,0.7386
1624324541663000,0,400.00000000,0.7404
1624324542702000,0,400.00000000,0.7404
1624324544425000,0,573.58098000,0.7404
1624324545047000,0,400.00000000,0.7424
1624324556600000,0,400.00000000,0.7446
1624324557162000,0,6.79535403,0.7446
1624324557162000,0,829.78233097,0.7457
1624324557623000,0,400.00000000,0.7474
1624324558827000,0,429.65493000,0.7474
1624324558909000,0,400.00000000,0.7487
1624324565968000,0,400.00000000,0.8396
1624324566135000,1,149.99939285,0.8625
1624324566341000,1,389.50691672,0.8174
1624324566341000,1,436.52070328,0.8174
1624324572772000,0,400.00000000,0.8007
1624324572820000,1,356.72345700,0.8345
1624324572820000,1,17.46356786,0.8345
1624324588135000,1,400.00000000,0.7585
1624324589156000,1,393.56416307,0.7585
1624324589271000,0,6.43583693,0.7581
1624324589271000,0,412.00000000,0.7582
1624324590247000,1,400.00000000,0.7585
1624324591213000,1,130.65154307,0.7585
1624324592235000,1,400.00000000,0.7565
1624324598391000,1,400.00000000,0.7574
1624324607352000,0,400.00000000,0.7659
1624324608171000,0,394.37307469,0.7659
1624324608171000,0,5.62692531,0.7659
1624324609140000,0,400.00000000,0.7659
1624324615454000,1,400.00000000,0.7701
1624324620771000,0,802.94023694,0.7705
1624324621919000,0,400.00000000,0.7781
1624324622633000,0,162.69582572,0.7776
1624324623004000,1,159.49680240,0.7733
1624324623036000,0,400.00000000,0.7776
1624324626109000,0,400.00000000,0.7765
1624324626260000,0,612.60134000,0.7765
1624324631159000,0,400.00000000,0.7844
1624324632311000,0,400.00000000,0.7844
1624324633088000,0,11.96178941,0.7844
1624324650139000,1,400.00000000,0.7882
1624324651147000,1,400.00000000,0.7899
1624324653002000,1,400.00000000,0.7884
1624324656095000,0,148.91492700,0.7870
1624324656095000,0,251.08507300,0.7871
1624324657566000,0,64.91487619,0.7871
1624324658672000,0,247.17561495,0.7899
1624324659817000,0,400.00000000,0.7935
1624324674144000,1,400.00000000,0.7884
1624324675576000,1,400.00000000,0.7873
1624324676486000,1,355.01695000,0.7873
1624324678648000,0,44.98305000,0.7869
1624324688552000,0,400.00000000,0.7887
1624324689448000,0,355.01692483,0.7880
1624324689485000,0,333.83734517,0.7880
1624324722974000,0,731.77128000,0.7902
1624324723778000,1,400.00000000,0.7899
1624324753542000,1,413.00000000,0.7905
1624324753542000,1,280.65778000,0.7901
1624324757097000,1,400.00000000,0.7901
1624324758588000,1,400.00000000,0.7901
1624324784538000,1,744.29815000,0.7901
1624324802274000,0,1020.48652000,0.7909
1624324810785000,0,400.00000000,0.7910
1624324812080000,0,400.00000000,0.7910
1624324813138000,0,22.25240000,0.7910
1624324814428000,0,400.00000000,0.7916
1624324838578000,1,123.98640315,0.7914
1624324839121000,0,152.02717057,0.7913
1624324839167000,0,123.98642628,0.7913
1624324839167000,0,123.98637308,0.7913
1624324857605000,0,400.00000000,0.7901
1624324872536000,1,400.00000000,0.7897
1624324873540000,1,400.00000000,0.7897
1624324874701000,1,400.00000000,0.7897
1624324881369000,1,408.00000000,0.7901
1624324881492000,0,243.23222000,0.7899
1624324885530000,0,400.00000000,0.7903
1624324901523000,0,123.98640800,0.7899
1624324906259000,0,556.76773932,0.7904
1624324912820000,1,190.68004762,0.7894
1624324920552000,1,400.00000000,0.7859
1624324921582000,1,400.00000000,0.7859
1624324938880000,0,400.00000000,0.7837
1624324939004000,0,335.21078000,0.7837
1624324940567000,1,408.00000000,0.7853
1624324940567000,1,398.00000000,0.7851
1624324940567000,1,81.39606000,0.7849
1624324943771000,0,869.84783000,0.7850
1624324946535000,0,400.00000000,0.7855
1624324946979000,0,327.95418000,0.7855
1624325003980000,1,400.00000000,0.7854
1624325024581000,0,787.67247000,0.7852
1624325053954000,1,385.99998484,0.7852
1624325054182000,0,14.00001516,0.7851
1624325083641000,0,400.00000000,0.7850
1624325103102000,0,400.00000000,0.7850
1624325104280000,0,155.80953000,0.7850
1624325105350000,1,244.19047000,0.7851
1624325105350000,1,385.00000000,0.7847
1624325105350000,1,361.33592000,0.7846
1624325130622000,0,190.74270998,0.7863
1624325160577000,0,190.68004700,0.7862
1624325160577000,0,701.01315000,0.7862
1624325163171000,0,849.94861000,0.7859
1624325170550000,0,667.00912000,0.7869
1624325240411000,0,718.62478000,0.7869
1624325268773000,0,401.00000000,0.7863
1624325268792000,1,243.99001018,0.7857
1624325268869000,0,156.00998982,0.7855
1624325273908000,0,873.67689788,0.7849
1624325273963000,0,0.00003212,0.7849
1624325314434000,0,400.00000000,0.7860
1624325357882000,0,600.00000000,0.7860
1624325381659000,1,122.37328158,0.7850
1624325501867000,1,121.67943700,0.7839
1624326222187000,1,125.17120000,0.7873
1624326342188000,1,100.00000000,0.7873
1624326443735000,0,150.15015900,0.7882
1624327487094000,0,250.00000000,0.7908
1624327528812000,1,400.00000000,0.7910
1624327530316000,1,180.59646059,0.7910
1624327691390000,0,400.00000000,0.7894
1624327741916000,1,130.81879917,0.7893
1624327741916000,1,390.00000000,0.7892
1624327742554000,1,259.18117364,0.7891
1624327808772000,0,400.00000000,0.7840
1624327866236000,1,400.00000000,0.7803
1624327869182000,1,400.00000000,0.7796
1624327871963000,0,400.00000000,0.7803
1624327876540000,1,169.65393589,0.7800
1624327876780000,0,230.34606411,0.7800
1624327880174000,1,400.00000000,0.7796
1624327909714000,0,155.49741500,0.7817
1624327909773000,1,244.50258500,0.7820
1624328123734000,1,400.00000000,0.7854
1624328125593000,1,394.85840192,0.7854
1624328138757000,1,400.00000000,0.7825
1624328473551000,0,250.00000000,0.7807
1624329117199000,1,412.00000000,0.7764
1624329302569000,0,400.00000000,0.7774
1624329313466000,1,400.00000000,0.7747
1624329314554000,1,487.04308000,0.7747
1624329314628000,1,400.00000000,0.7711
1624329315648000,1,142.16140997,0.7711
1624329315648000,1,257.83859003,0.7711
1624329317694000,1,687.91011000,0.7753
1624329318197000,1,687.68971333,0.7722
1624329351408000,1,863.01315241,0.7673
1624329352708000,1,2248.23399306,0.7662
1624329358049000,0,400.00000000,0.7646
1624329359109000,0,400.00000000,0.7633
1624329359499000,0,289.39369000,0.7633
1624329387081000,0,76.17308000,0.7651
1624329387682000,0,76.07932000,0.7651
1624329387853000,0,57.56929638,0.7651
1624329388397000,0,150.84484000,0.7651
1624329388989000,0,152.07609000,0.7651
1624329390155000,1,397.24728649,0.7667
1624329390766000,1,402.00000000,0.7659
1624329391305000,1,400.00000000,0.7660
1624329392090000,1,400.00000000,0.7686
1624329392807000,1,600.43148000,0.7686
1624329395562000,1,395.83698439,0.7666
1624329400123000,1,400.00000000,0.7672
1624329400761000,1,243.46439000,0.7672
1624329403356000,1,620.59916000,0.7671
1624329403356000,1,409.00000000,0.7667
1624329403998000,1,400.00000000,0.7668
1624329503851000,1,400.00000000,0.7648
1624329517195000,1,262.94421000,0.7648
1624329538959000,1,400.00000000,0.7646
1624329541463000,1,262.25194000,0.7646
1624329552328000,0,69.29719000,0.7642
1624329716970000,1,950.16806000,0.7629
1624330063309000,1,328.72245305,0.7592
1624330139122000,0,250.00000000,0.7598
1624330423465000,1,136.73810900,0.7576
1624330521240000,1,400.00000000,0.7583
1624330784400000,0,250.00000000,0.7601
1624330785380000,0,399.44480199,0.7615
1624331185852000,0,397.99996857,0.7574
1624331432978000,1,400.00000000,0.7564
1624331604089000,0,250.00000000,0.7556
1624331688074000,1,400.00000000,0.7550
1624331715427000,0,250.00000000,0.7559
1624331923746000,1,298.19881894,0.7565
1624332242839000,0,400.00000000,0.7580
1624332255714000,1,400.00000000,0.7571
1624332579316000,0,198.32740409,0.7574
1624332579316000,0,201.67259591,0.7575
1624332579578000,0,198.32740409,0.7574
1624332579760000,1,210.67259591,0.7575
1624332579760000,1,406.00000000,0.7573
1624332597257000,0,198.33003995,0.7574
1624332597362000,1,201.66996005,0.7575
1624333248860000,0,400.00000000,0.7637
1624333353705000,1,250.00000000,0.7602
1624333353705000,1,150.00000000,0.7601
1624333355214000,1,400.00000000,0.7594
1624333376263000,1,400.00000000,0.7590
1624333629423000,0,400.00000000,0.7582
1624333646314000,1,250.00000000,0.7562
1624333646737000,0,150.00000000,0.7561
1624333661743000,0,386.00000000,0.7569
1624333804515000,0,400.00000000,0.7578
1624334421983000,0,400.00000000,0.7582
1624334615159000,1,400.00000000,0.7545
1624334616138000,1,331.88469000,0.7545
1624334617135000,0,379.36310343,0.7537
1624334618875000,0,386.00000000,0.7533
1624334618875000,0,359.90157075,0.7537
1624334618875000,0,113.95302925,0.7537
1624334620133000,1,400.00000000,0.7531
1624334645781000,1,400.00000000,0.7512
1624335097077000,1,785.53920000,0.7480
1624335099978000,0,400.56224355,0.7476
1624335099978000,0,427.78627645,0.7476
1624335100954000,1,651.02944000,0.7471
1624335128424000,0,250.00000000,0.7470
1624335128806000,1,150.00000000,0.7471
1624335364626000,0,400.00000000,0.7457
1624335635893000,1,27.00000000,0.7450
1624335834629000,1,400.00000000,0.7427
1624335835684000,1,400.00000000,0.7427
1624336244956000,1,385.00000000,0.7391
1624336245080000,1,56.55891324,0.7389
1624336440599000,1,402.00000000,0.7406
1624336508379000,1,737.26881000,0.7396
1624336509588000,1,826.54937000,0.7396
1624336571691000,0,400.00000000,0.7401
1624336750476000,1,400.00000000,0.7383
1624336752118000,1,400.00000000,0.7383
1624336753220000,1,117.78890000,0.7383
1624336753543000,0,282.21110000,0.7382
1624336760186000,0,400.00000000,0.7390
1624336980055000,1,400.00000000,0.7349
1624336981275000,1,400.00000000,0.7349
1624337064224000,0,400.00000000,0.7350
1624337074502000,0,189.85238847,0.7344
1624337107333000,0,400.00000000,0.7348
1624337138313000,0,400.00000000,0.7358
1624337180572000,0,400.00000000,0.7361
1624337208572000,0,400.00000000,0.7381
1624337209574000,0,400.00000000,0.7390
1624337210590000,0,28.72586838,0.7390
1624337210781000,1,371.27413162,0.7393
1624337236790000,0,400.00000000,0.7392
1624338275066000,1,250.00000000,0.7376
1624338275190000,0,387.00000000,0.7375
1624338275190000,0,150.00000000,0.7375
1624338275190000,0,416.00000000,0.7378
1624338276384000,0,401.00000000,0.7377
1624338276888000,0,400.00000000,0.7375
1624338277614000,0,952.99998646,0.7380
1624338747449000,1,400.00000000,0.7372
1624338747562000,1,10.00000000,0.7372
1624339182994000,0,127.55645359,0.7325
1624339194681000,1,400.00000000,0.7315
1624339198235000,1,312.00565000,0.7315
1624339403190000,1,624.32652000,0.7297
1624339403329000,1,258.38410228,0.7288
1624339407534000,1,850.19143000,0.7298
1624339788269000,1,811.51634220,0.7236
1624339832961000,1,400.00000000,0.7233
1624339857892000,1,400.00000000,0.7217
1624340245220000,1,401.00000000,0.7161
1624340245220000,1,394.00000000,0.7161
1624340245804000,1,400.00000000,0.7163
1624340417207000,0,400.00000000,0.7146
1624340418040000,0,352.72503277,0.7146
1624340418181000,1,47.27496723,0.7148
1624340875945000,0,59.24234396,0.7147
1624341055731000,1,400.00000000,0.7136
1624341056805000,1,400.00000000,0.7136
1624341250647000,1,393.00000000,0.7126
1624341251165000,1,392.99996662,0.7126
1624341300872000,1,400.00000000,0.7091
1624341395596000,0,381.21234545,0.7091
1624341395758000,1,18.78765455,0.7092
1624341395787000,1,390.00000000,0.7091
1624341424384000,1,250.00000000,0.7073
1624342067620000,1,123.30677400,0.7069
1624342094758000,1,400.00000000,0.7068
1624342175847000,1,400.00000000,0.7050
1624342175945000,1,14200.94100776,0.7050
1624342226661000,1,400.00000000,0.7050
1624342227773000,1,400.00000000,0.7050
1624342259378000,1,394.00000000,0.7053
1624342582155000,0,400.00000000,0.7087
1624342637083000,0,400.00000000,0.7099
1624342649161000,1,400.00000000,0.7113
1624342820869000,1,400.00000000,0.7104
1624342824959000,1,400.00000000,0.7104
1624342828111000,1,200.00000000,0.7104
1624343030554000,1,400.00000000,0.7129
1624343032766000,1,400.00000000,0.7132
1624343263323000,1,400.00000000,0.7121
1624343346975000,0,400.00000000,0.7111
1624343960320000,1,400.00000000,0.7092
1624344452190000,1,14198.60992878,0.7050
1624344693366000,0,213.75735035,0.7031
1624344693580000,1,186.24264965,0.7031
1624344694152000,1,393.00000000,0.7030
1624344694539000,0,213.72329732,0.7033
1624344694790000,1,186.27670268,0.7033
1624344694790000,1,410.00000000,0.7028
1624344695896000,0,213.74414047,0.7032
1624344695962000,1,186.25585953,0.7033
1624344831889000,0,400.00000000,0.7059
1624344975879000,1,189.85238847,0.7061
1624345312202000,0,400.00000000,0.7101
1624345313089000,1,400.00000000,0.7100
1624345568284000,0,385.55624247,0.7102
1624345568411000,0,390.00000000,0.7099
1624345568411000,0,396.00000000,0.7102
1624345568411000,0,14.44375753,0.7102
1624345946933000,1,135.73102000,0.7080
1624345948562000,1,400.00000000,0.7084
1624345959863000,0,400.00000000,0.7078
1624346203154000,1,400.00000000,0.7068
1624346240916000,1,400.00000000,0.7060
1624346723168000,1,400.00000000,0.7042
1624346788239000,0,400.00000000,0.7063
1624346844156000,0,400.00000000,0.7077
1624347046348000,0,181.00000000,0.7134
1624347046348000,0,219.00000000,0.7135
1624347047358000,0,210.44733040,0.7155
1624347047571000,1,189.55266960,0.7158
1624347047571000,1,384.00000000,0.7155
1624347557674000,1,201.00000000,0.7134
1624347557674000,1,199.00000000,0.7134
1624347759610000,0,250.00000000,0.7162
1624347761018000,0,400.00000000,0.7182
1624347762007000,0,313.89890000,0.7182
1624347870998000,0,250.00000000,0.7184
1624348142391000,0,400.00000000,0.7146
1624348394935000,1,400.00000000,0.7137
1624348509135000,1,400.00000000,0.7132
1624348522676000,1,85.04928000,0.7125
1624348914844000,1,400.00000000,0.7104
1624348916971000,1,391.58792700,0.7104
1624348916971000,1,8.41207300,0.7102
1624348917986000,1,400.00000000,0.7102
1624348933582000,1,400.00000000,0.7098
1624348939747000,1,29.00000000,0.7070
1624348958643000,0,789.92981508,0.7049
1624348958643000,0,412.00000000,0.7050
1624349126203000,1,100.00000000,0.7000
1624349160219000,0,394.00000000,0.6929
1624349162578000,0,801.17760130,0.6944
1624349162578000,0,949.91211000,0.6944
1624349163138000,0,814.51103626,0.6950
1624349166064000,0,791.01762593,0.6946
1624349166198000,0,127.83739407,0.6946
1624349279088000,0,400.00000000,0.6924
1624349425537000,0,73.27345000,0.6910
1624349426314000,0,71.82599000,0.6912
1624349516976000,1,389.00000000,0.6900
1624349517510000,1,400.00000000,0.6902
1624349517510000,1,394.00000000,0.6900
1624349761124000,0,218.23960595,0.6881
1624349761268000,1,181.76039405,0.6881
1624349933578000,1,250.00000000,0.6838
1624349933786000,0,150.00000000,0.6836
1624349966556000,1,250.00000000,0.6834
1624350535657000,0,90.56414000,0.6820
1624350536388000,0,90.56414000,0.6820
1624350537464000,0,103.39934000,0.6820
1624350537950000,0,97.92519000,0.6820
1624350538810000,0,1.54719000,0.6820
1624350538810000,0,90.00000000,0.6820
1624350538810000,0,6.33916000,0.6820
1624350539793000,0,86.66084000,0.6820
1624350539793000,0,15.75394000,0.6820
1624350540492000,0,102.41331000,0.6820
1624350541306000,0,100.63285000,0.6820
1624350635739000,1,184.11536684,0.6801
1624350636246000,0,220.41465141,0.6815
1624350636373000,1,179.58534859,0.6818
1624350636373000,1,402.00000000,0.6817
1624350649753000,0,220.37551122,0.6817
1624350649980000,1,179.62448878,0.6818
1624350649985000,0,220.27000363,0.6819
1624350650483000,1,182.72999637,0.6819
1624350810317000,1,400.00000000,0.6806
1624350811544000,1,400.00000000,0.6806
1624350885194000,1,16.00000000,0.6806
1624350941158000,1,400.00000000,0.6800
1624350954252000,1,400.00000000,0.6800
1624350978094000,1,467.05600000,0.6800
1624350978299000,1,532.94397059,0.6800
1624350978353000,1,467.05600000,0.6800
1624351046489000,1,12732.94402941,0.6800
1624351048774000,1,397.00000000,0.6794
1624351351799000,1,400.00000000,0.6756
1624351397774000,0,400.00000000,0.6740
1624351500358000,1,400.00000000,0.6764
1624351501959000,1,395.00000000,0.6757
1624351502477000,1,400.00000000,0.6758
1624351540987000,0,396.00000000,0.6770
1624351541081000,1,400.00000000,0.6770
1624351541168000,1,2229.09786542,0.6770
1624351625966000,1,369.09778383,0.6764
1624351711460000,1,813.62649854,0.6748
1624351811701000,0,250.00000000,0.6754
1624351812221000,1,150.00000000,0.6755
1624351813958000,1,406.00000000,0.6748
1624351914336000,1,843.19042165,0.6753
1624352272916000,1,400.00000000,0.6696
1624352417913000,0,201.00000000,0.6716
1624352419676000,0,400.00000000,0.6724
1624352485008000,0,250.00000000,0.6761
1624352520871000,1,400.00000000,0.6754
1624352521968000,0,400.00000000,0.6754
1624352605786000,0,400.00000000,0.6722
1624352739588000,1,400.00000000,0.6715
1624352869648000,0,400.00000000,0.6699
1624352911967000,1,400.00000000,0.6710
1624352915368000,1,387.00000000,0.6710
1624352923020000,1,406.00000000,0.6708
1624352968279000,0,400.00000000,0.6763
1624353005596000,0,400.00000000,0.6750
1624353362168000,1,250.00000000,0.6704
1624353362168000,1,150.00000000,0.6703
1624353363785000,1,400.00000000,0.6703
1624353376658000,1,400.00000000,0.6703
1624353612766000,0,250.00000000,0.6728
1624354179028000,1,400.00000000,0.6688
1624354948171000,0,400.00000000,0.6667
1624354949389000,0,199.00000000,0.6690
1624354967930000,1,400.00000000,0.6690
1624354971641000,1,398.84252454,0.6690
1624355094283000,1,407.00000000,0.6650
1624355094363000,0,400.00000000,0.6650
1624355094368000,0,2218.09786542,0.6650
1624355167821000,1,250.00000000,0.6645
1624355167983000,0,150.00000000,0.6644
1624355167987000,0,393.00000000,0.6645
1624355167987000,0,414.00000000,0.6648
1624355423784000,1,407.00000000,0.6646
1624355592213000,1,407.00000000,0.6595
1624355705168000,1,387.00000000,0.6616
1624355729151000,1,400.00000000,0.6608
1624355732170000,1,400.00000000,0.6608
1624356022850000,0,415.00000000,0.6661
1624356052570000,1,861.38592006,0.6673
1624356703763000,1,396.00000000,0.6583
1624356704368000,1,400.00000000,0.6586
1624356806243000,0,394.00000000,0.6572
1624356806243000,0,147.31548000,0.6573
1624356808999000,0,390.00000000,0.6577
1624356808999000,0,103.01543000,0.6577
1624356811343000,0,310.67467000,0.6580
1624357254761000,1,411.00000000,0.6569
1624357264999000,1,399.00000000,0.6569
1624357389606000,1,800.70669000,0.6546
1624357393963000,1,400.00000000,0.6543
1624357396819000,1,400.00000000,0.6537
1624357428880000,0,400.00000000,0.6563
1624357430933000,0,400.00000000,0.6563
1624357882473000,0,400.00000000,0.6538
1624357883501000,0,400.00000000,0.6538
1624357884146000,0,24.50568929,0.6538
1624357884367000,1,375.49431071,0.6540
1624357884959000,1,410.00000000,0.6540
1624357887568000,0,807.79879614,0.6544
1624357938620000,0,400.00000000,0.6640
1624357940918000,0,400.00000000,0.6647
1624357945169000,0,400.00000000,0.6647
1624357951954000,1,400.00000000,0.6673
1624357952195000,1,250.00000000,0.6673
1624357955062000,1,292.40246000,0.6673
1624357961845000,1,400.00000000,0.6644
1624357964943000,0,249.99999500,0.6648
1624357965023000,0,0.00000500,0.6648
1624357965591000,1,150.42569974,0.6648
1624357967509000,0,76.13272000,0.6644
1624357968416000,0,76.13272000,0.6644
1624357968979000,1,590.85114000,0.6644
1624357969235000,0,76.16210000,0.6643
1624357973695000,1,400.00000000,0.6644
1624357973767000,1,2660.13996538,0.6644
1624357986558000,1,397.00000000,0.6649
1624357987080000,1,413.00000000,0.6646
1624357987713000,1,398.00000000,0.6646
1624357988334000,1,400.00000000,0.6648
1624357988334000,1,381.00000000,0.6644
1624357991101000,1,869.13981166,0.6642
1624358014743000,1,150.42569974,0.6638
1624358338037000,0,406.00000000,0.6659
1624358514357000,1,100.00000000,0.6708
1624358624901000,0,400.00000000,0.6732
1624358695884000,1,125.27583800,0.6748
1624358721105000,0,389.56649831,0.6753
1624358721178000,0,10.43350169,0.6753
1624358726934000,1,395.69962494,0.6747
1624358726934000,1,4.30037506,0.6746
1624358738499000,1,400.00000000,0.6730
1624358908972000,0,400.00000000,0.6724
1624358909956000,1,381.00000000,0.6719
1624359166043000,1,400.00000000,0.6676
1624359196904000,1,400.00000000,0.6668
1624359197931000,1,400.00000000,0.6668
1624359334500000,1,400.00000000,0.6655
1624359335002000,0,400.00000000,0.6655
1624359340599000,0,2260.13996538,0.6655
1624359416076000,1,195.04734519,0.6660
1624359622472000,0,400.00000000,0.6667
1624359776526000,1,400.00000000,0.6655
1624359834960000,1,400.00000000,0.6620
1624359901746000,1,400.00000000,0.6604
1624359966184000,0,399.99996399,0.6599
1624359966771000,1,400.00000000,0.6596
1624359967857000,1,400.00000000,0.6596
1624359969067000,1,107.08756000,0.6596
1624359969532000,0,292.91244000,0.6595
1624360049718000,1,791.65788873,0.6625
1624360052418000,1,656.54355000,0.6619
1624360055291000,1,664.65352000,0.6608
1624360387825000,1,393.38908441,0.6592
1624360472906000,1,902.06378000,0.6581
1624360808797000,1,400.00000000,0.6589
1624360809888000,1,400.00000000,0.6591
1624360856479000,1,199.41654760,0.6579
1624360890274000,1,400.00000000,0.6579
1624361065156000,1,822.69989000,0.6571
1624361147838000,1,750.70107000,0.6558
1624361265760000,1,400.00000000,0.6550
1624361328380000,1,952.58721000,0.6541
1624361328380000,1,394.00000000,0.6540
1624361513028000,1,851.58555000,0.6536
1624361515968000,1,400.00000000,0.6535
1624361518653000,1,280.45682000,0.6535
1624361569062000,1,385.00000000,0.6533
1624361569575000,1,400.00000000,0.6534
1624362507177000,0,400.00000000,0.6561
1624362511292000,0,400.00000000,0.6574
1624362542206000,1,400.00000000,0.6579
1624362606319000,1,3029.60040218,0.6564
1624362616467000,0,400.00000000,0.6569
1624362851054000,1,400.00000000,0.6546
1624362934393000,1,400.00000000,0.6533
1624362935385000,1,400.00000000,0.6533
1624363017785000,1,408.00000000,0.6534
1624363017895000,0,400.00000000,0.6533
1624363019851000,0,400.00000000,0.6533
1624363022005000,0,400.00000000,0.6533
1624363023790000,0,400.00000000,0.6533
1624363025913000,0,400.00000000,0.6533
1624363030208000,0,400.00000000,0.6533
1624363073780000,1,221.60040218,0.6523
1624363135875000,0,407.99996355,0.6524
1624363235694000,1,400.00000000,0.6516
1624363237476000,1,400.00000000,0.6516
1624363239402000,1,86.32067000,0.6516
1624363242541000,1,400.00000000,0.6512
1624363247370000,0,400.00000000,0.6502
1624363251883000,1,38.25680000,0.6514
1624363286995000,1,400.00000000,0.6509
1624363288837000,1,201.00000000,0.6503
1624363289036000,0,199.00000000,0.6502
1624363297022000,1,400.00000000,0.6516
1624363355132000,0,400.00000000,0.6522
1624363415822000,0,400.00000000,0.6518
1624363639388000,1,400.00000000,0.6508
1624363651279000,1,400.00000000,0.6508
1624363676327000,1,400.00000000,0.6500
1624363684021000,1,276.56849000,0.6500
1624363684021000,1,15000.00000000,0.6500
1624363684780000,1,250.00000000,0.6495
1624363728176000,1,405.00000000,0.6487
1624363732287000,1,847.83774000,0.6479
1624363742711000,1,404.00000000,0.6469
1624363762505000,0,400.00000000,0.6452
1624363892115000,1,400.00000000,0.6436
1624363897466000,1,400.00000000,0.6436
1624363968781000,1,400.00000000,0.6433
1624364024776000,1,612.42398000,0.6439
1624364042759000,1,845.32070000,0.6433
1624364048183000,1,989.65119000,0.6427
1624364051682000,0,394.00000000,0.6428
1624364051682000,0,268.91524000,0.6431
1624364063169000,1,713.97479000,0.6426
1624364066160000,1,811.43286000,0.6430
1624364078208000,1,989.98256000,0.6434
1624364111782000,1,862.34961928,0.6435
1624364121936000,1,743.65473000,0.6432
1624364122957000,1,839.15952998,0.6430
1624364125652000,0,249.99996890,0.6430
1624364173400000,1,400.00000000,0.6484
1624364182190000,0,400.00000000,0.6521
1624364190565000,0,201.00000000,0.6554
1624364190771000,1,199.00000000,0.6555
1624364204589000,1,814.40201667,0.6577
1624364204589000,1,575.30694393,0.6573
1624364244842000,0,400.00000000,0.6531
1624364419536000,1,400.00000000,0.6491
1624364617622000,1,400.00000000,0.6432
1624364618377000,1,493.92215000,0.6432
1624364728454000,1,400.00000000,0.6396
1624364729447000,1,400.00000000,0.6396
1624364760892000,1,807.59702785,0.6380
1624364773977000,1,398.00000000,0.6371
1624364773977000,1,804.86830273,0.6371
1624364782000000,1,823.86575491,0.6365
1624364788713000,1,801.32039867,0.6363
1624364790194000,1,752.16728000,0.6353
1624364884356000,1,203.93172000,0.6322
1624364894030000,0,203.93168302,0.6336
1624364895417000,0,250.00000000,0.6348
1624364896754000,1,396.00000000,0.6354
1624364897343000,1,400.00000000,0.6357
1624364900317000,0,250.00000000,0.6369
1624364900564000,1,150.00000000,0.6370
1624364900564000,1,812.62382684,0.6361
1624364905597000,1,390.00000000,0.6357
1624364912168000,1,795.88361000,0.6354
1624364913961000,1,633.45309000,0.6354
1624364957446000,1,400.00000000,0.6335
1624364961350000,1,400.00000000,0.6335
1624364962939000,1,400.00000000,0.6335
1624364964079000,1,92.26625000,0.6335
1624364965148000,1,400.00000000,0.6328
1624364966268000,1,400.00000000,0.6328
1624364976272000,0,400.00000000,0.6326
1624364992376000,0,400.00000000,0.6326
1624365022103000,0,250.00000000,0.6332
1624365026627000,1,400.00000000,0.6322
1624365065394000,1,380.42569666,0.6411
1624365067659000,0,400.00000000,0.6425
1624365070297000,0,400.00000000,0.6425
1624365074807000,0,400.00000000,0.6425
1624365077725000,0,400.00000000,0.6425
1624365078737000,0,400.00000000,0.6425
1624365080364000,0,400.00000000,0.6425
1624365132409000,0,400.00000000,0.6418
1624365244672000,0,388.67971241,0.6412
1624365288532000,1,201.00000000,0.6392
1624365288714000,0,399.99996287,0.6390
1624365290213000,0,11.00003713,0.6390
1624365290784000,0,808.80934621,0.6390
1624365290784000,0,382.00000000,0.6391
1624365291303000,0,402.00000000,0.6389
1624365291851000,0,400.00000000,0.6388
1624365299253000,0,401.00000000,0.6389
1624365299253000,0,385.00000000,0.6390
1624365299253000,0,19.31861000,0.6392
1624365300375000,1,400.00000000,0.6371
1624365301474000,1,400.00000000,0.6371
1624365368810000,1,385.00000000,0.6302
1624365369362000,1,400.00000000,0.6301
1624365401469000,1,400.00000000,0.6290
1624365404205000,1,400.00000000,0.6290
1624365404697000,1,58.39786000,0.6290
1624365406224000,1,705.59533000,0.6289
1624365553403000,1,802.09711129,0.6311
1624365684792000,1,413.00668900,0.6234
1624365684944000,1,401.06397077,0.6234
1624366700797000,0,400.00000000,0.6294
1624366720012000,0,400.00000000,0.6325
1624366721820000,0,400.00000000,0.6325
1624366748242000,1,400.00000000,0.6331
1624366793182000,0,400.00000000,0.6284
1624366815176000,0,400.00000000,0.6229
1624366823787000,0,400.00000000,0.6272
1624366824091000,0,400.00000000,0.6272
1624366826584000,0,18.19983692,0.6272
1624366831950000,0,400.00000000,0.6292
1624366835312000,0,400.00000000,0.6292
1624366836472000,0,35.74401055,0.6292
1624366840780000,0,400.00000000,0.6305
1624366843045000,0,400.00000000,0.6305
1624366844293000,0,400.00000000,0.6305
1624366845184000,0,400.00000000,0.6305
1624366868938000,1,400.00000000,0.6303
1624366869800000,1,384.65497992,0.6303
1624366875471000,0,400.00000000,0.6291
1624366880294000,0,400.00000000,0.6319
1624366944299000,1,400.00000000,0.6313
1624366945400000,1,400.00000000,0.6313
1624366946618000,1,31.02700491,0.6313
1624366952583000,1,400.00000000,0.6290
1624366954856000,1,400.00000000,0.6285
1624366957396000,1,250.00000000,0.6279
1624366957575000,0,150.00000000,0.6278
1624366960205000,0,393.00000000,0.6269
1624366960708000,0,414.00000000,0.6271
1624366961229000,0,400.00000000,0.6273
1624366964442000,1,400.00000000,0.6270
1624366968215000,0,400.00000000,0.6277
1624366982318000,0,400.00000000,0.6324
1624366983996000,1,400.00000000,0.6324
1624366991966000,1,400.00000000,0.6293
1624366993004000,1,395.76531275,0.6293
1624367004331000,1,214.37507954,0.6276
1624367004331000,1,185.62492046,0.6275
1624367005985000,0,400.00000000,0.6264
1624367030785000,1,399.00000000,0.6312
1624367032455000,1,400.00000000,0.6315
1624367032959000,1,400.00000000,0.6318
1624367052583000,1,400.00000000,0.6318
1624367053430000,0,400.00000000,0.6318
1624367059178000,1,400.00000000,0.6337
1624367064557000,1,387.00000000,0.6342
1624367071250000,0,237.23118097,0.6347
1624367071373000,1,162.76881903,0.6349
1624367071373000,1,393.00000000,0.6348
1624367071373000,1,416.00000000,0.6345
1624367074485000,1,400.00000000,0.6304
1624367078869000,0,237.53557399,0.6336
1624367078966000,1,162.46442601,0.6337
1624367078966000,1,824.30191116,0.6331
1624367078985000,0,237.53557399,0.6336
1624367104011000,1,400.00000000,0.6308
1624367105375000,1,400.00000000,0.6308
1624367118702000,1,400.00000000,0.6302
1624367125806000,1,400.00000000,0.6305
1624367160356000,1,832.99232547,0.6331
1624367160356000,1,384.00000000,0.6331
1624367160976000,1,400.00000000,0.6332
1624367162964000,0,400.00000000,0.6359
1624367164489000,1,250.00000000,0.6351
1624367169097000,1,400.00000000,0.6330
1624367183557000,1,250.00000000,0.6357
1624367184075000,1,836.90918334,0.6357
1624367184075000,1,397.00000000,0.6353
1624367266009000,0,391.00000000,0.6300
1624367266590000,0,400.00000000,0.6298
1624367276173000,0,400.00000000,0.6294
1624367288826000,1,400.00000000,0.6284
1624367290118000,1,400.00000000,0.6284
1624367291841000,0,400.00000000,0.6299
1624367315283000,0,400.00000000,0.6338
1624367317706000,0,250.00000000,0.6344
1624367317977000,1,403.00000000,0.6348
1624367317977000,1,150.00000000,0.6346
1624367317977000,1,411.00000000,0.6346
1624367317977000,1,450.79283327,0.6343
1624367323265000,1,250.00000000,0.6339
1624367359663000,1,400.00000000,0.6306
1624367360699000,1,400.00000000,0.6306
1624367363847000,1,400.00000000,0.6299
1624367364850000,1,400.00000000,0.6299
1624367393395000,1,250.00000000,0.6303
1624367393422000,1,154.00000000,0.6303
1624367394159000,1,112.23543042,0.6300
1624367399577000,0,413.00000000,0.6276
1624367400135000,0,400.00000000,0.6274
1624367409960000,1,400.00000000,0.6266
1624367409995000,0,249.99996207,0.6267
1624367411179000,0,407.00000000,0.6265
1624367417683000,1,400.00000000,0.6261
1624367422297000,1,223.13568000,0.6267
1624367422375000,0,176.86432000,0.6267
1624367620898000,0,400.00000000,0.6230
1624367633945000,0,848.91768394,0.6235
1624367635087000,0,2485.32688464,0.6244
1624367640754000,1,293.64109074,0.6248
1624367645937000,0,400.00000000,0.6264
1624367647141000,0,387.35983623,0.6264
1624367647397000,1,12.64016377,0.6267
1624367660688000,0,400.00000000,0.6297
1624367665034000,1,400.00000000,0.6265
1624367672083000,0,400.00000000,0.6272
1624367701245000,0,250.00000000,0.6267
1624367711718000,1,401.00000000,0.6287
1624367711718000,1,393.00000000,0.6284
1624367712984000,1,400.00000000,0.6275
1624367718842000,0,400.00000000,0.6290
1624367720608000,0,400.00000000,0.6290
1624367722698000,0,238.75319516,0.6307
1624367722754000,1,161.24680484,0.6315
1624367723947000,0,238.27141481,0.6323
1624367724159000,1,161.72858519,0.6327
1624367725275000,0,249.99996828,0.6308
1624367725375000,1,150.00003172,0.6311
1624367725375000,1,405.00000000,0.6306
1624367725947000,1,405.00000000,0.6304
1624367725947000,1,236.21100037,0.6302
1624367726497000,1,641.21097214,0.6297
1624367810574000,0,392.00000000,0.6258
1624367811186000,0,400.00000000,0.6256
1624367859185000,0,409.00000000,0.6243
1624367882567000,0,400.00000000,0.6254
1624367883611000,0,400.00000000,0.6254
1624367883953000,0,18.74277959,0.6254
1624367893214000,1,400.00000000,0.6267
1624367894268000,1,215.26637000,0.6267
1624367896209000,0,184.73363000,0.6264
1624367896209000,0,65.75782000,0.6264
1624367896756000,0,328.24218000,0.6264
1624367924572000,1,400.00000000,0.6298
1624367925748000,0,400.00000000,0.6301
1624367935015000,1,410.72875000,0.6268
1624367972982000,1,400.00000000,0.6232
1624367974175000,0,400.00000000,0.6228
1624367989017000,1,400.00000000,0.6263
1624368008759000,1,400.00000000,0.6289
1624368011991000,1,809.12706206,0.6279
1624368011991000,1,410.00000000,0.6279
1624368012766000,1,400.00000000,0.6279
1624368064813000,1,400.00000000,0.6247
1624368065828000,1,400.00000000,0.6245
1624368066327000,1,425.03602761,0.6245
1624368066327000,1,574.96397239,0.6236
1624368066851000,1,400.00000000,0.6236
1624368071245000,1,399.99996180,0.6225
1624368072972000,0,0.00003820,0.6223
1624368084024000,1,201.00000000,0.6234
1624368084024000,1,199.22902000,0.6234
1624368085944000,0,400.00000000,0.6260
1624368087102000,0,385.92019292,0.6260
1624368087357000,1,14.07980708,0.6261
1624368087357000,1,386.00000000,0.6260
1624368087357000,1,414.00000000,0.6258
1624368126950000,0,406.00000000,0.6180
1624368179269000,1,400.00000000,0.6168
1624368196607000,0,462.74614352,0.6196
1624368196889000,0,375.41007857,0.6196
1624368196977000,1,87.88113143,0.6196
1624368203511000,1,400.00000000,0.6183
1624368204969000,1,383.07792000,0.6183
1624368261011000,1,400.00000000,0.6174
1624368266121000,1,350.85331000,0.6174
1624368268788000,0,49.14669000,0.6174
1624368314388000,1,200.00000000,0.6169
1624368340558000,1,400.00000000,0.6177
1624368341927000,1,242.36523000,0.6177
1624368375752000,1,400.00000000,0.6172
1624368380358000,1,247.14758000,0.6172
1624368454420000,1,400.00000000,0.6168
1624368473106000,0,141.38405300,0.6177
1624368473106000,0,258.61594700,0.6177
1624368473510000,1,256.61590766,0.6177
1624368473577000,1,141.38409234,0.6177
1624368473577000,1,392.00000000,0.6175
1624368485306000,0,400.00000000,0.6171
1624368489268000,1,400.00000000,0.6171
1624368489268000,1,391.62160000,0.6169
1624368520137000,1,409.00000000,0.6206
1624368626145000,1,400.00000000,0.6196
1624368628800000,1,400.00000000,0.6196
1624368646674000,1,400.00000000,0.6191
1624368647785000,1,400.00000000,0.6187
1624368649424000,1,126.14031700,0.6187
1624368649652000,1,249.99996763,0.6187
1624368649657000,1,67.42920537,0.6187
1624368650085000,1,400.00000000,0.6181
1624368651173000,1,400.00000000,0.6181
1624368653458000,0,400.00000000,0.6177
1624368686109000,1,400.00000000,0.6168
1624368797633000,0,400.00000000,0.6171
1624368814655000,1,400.00000000,0.6158
1624368913782000,1,981.82551000,0.6153
1624368928695000,1,400.00000000,0.6147
1624368928779000,1,321.18110000,0.6147
1624368931175000,1,798.83206000,0.6147
1624368962378000,1,231.66608435,0.6125
1624368988722000,0,400.00000000,0.6149
1624368989726000,0,89.03383771,0.6149
1624368989816000,1,310.96616229,0.6151
1624368989852000,0,178.06767542,0.6149
1624369090938000,1,400.00000000,0.6128
1624369091162000,1,618.17172000,0.6128
1624369091671000,1,391.00000000,0.6125
1624369093352000,1,400.00000000,0.6121
1624369194531000,1,400.00000000,0.6105
1624369202062000,1,400.00000000,0.6091
1624369241935000,0,400.00000000,0.6106
1624369251105000,0,100.00000000,0.6105
1624369386167000,1,692.00432000,0.6096
1624369387760000,1,1008.87142000,0.6097
1624369431806000,1,399.00000000,0.6079
1624369431806000,1,845.49632715,0.6078
1624369431806000,1,405.00000000,0.6077
1624369431806000,1,398.00000000,0.6076
1624369431806000,1,830.20408000,0.6073
1624369431806000,1,1476.96514781,0.6071
1624369464720000,0,400.00000000,0.6091
1624369465761000,0,400.00000000,0.6091
1624369465905000,0,64.49778668,0.6091
1624369466744000,0,400.00000000,0.6100
1624369468154000,0,400.00000000,0.6103
1624369531558000,1,400.00000000,0.6067
1624369533923000,1,400.00000000,0.6067
1624369537381000,1,400.00000000,0.6061
1624369538463000,1,400.00000000,0.6061
1624369543190000,0,400.00000000,0.6051
1624369562787000,1,125.30618400,0.6037
1624369564988000,0,400.00000000,0.6047
1624369578559000,0,409.00000000,0.6044
1624369608981000,1,400.00000000,0.6031
1624369610551000,1,400.00000000,0.6031
1624369682748000,1,124.69375000,0.6018
1624369742709000,0,400.00000000,0.6032
1624369744115000,0,400.00000000,0.6032
1624369745712000,0,19.08277507,0.6032
1624369748857000,0,405.00000000,0.6035
1624369748955000,1,235.27538000,0.6037
1624369752639000,1,627.36447000,0.6030
1624369754357000,1,394.00000000,0.6027
1624369754889000,1,392.00000000,0.6025
1624369766743000,1,400.00000000,0.6017
1624369769222000,1,257.91598000,0.6017
1624369777015000,1,400.00000000,0.6005
1624369787934000,1,250.00000000,0.5997
1624369787934000,1,150.00000000,0.5995
1624369928998000,1,831.02102992,0.6001
1624369973044000,1,844.42660103,0.5991
1624369973561000,1,622.45259000,0.5986
1624370177960000,1,996.40220000,0.5933
1624370200896000,0,252.84930232,0.5942
1624370200994000,1,147.15069768,0.5942
1624370201564000,1,411.00000000,0.5941
1624370202097000,1,378.00000000,0.5938
1624370224154000,1,400.00000000,0.5935
1624370225320000,1,400.00000000,0.5941
1624370231695000,1,400.00000000,0.5936
1624370263383000,1,401.00000000,0.5963
1624370286914000,0,400.00000000,0.6021
1624370364377000,0,400.00000000,0.5983
1624370381593000,0,386.00000000,0.5985
1624370381593000,0,452.36691835,0.5988
1624370406966000,1,806.90223054,0.5968
1624370442566000,1,3072.71116163,0.5981
1624370442566000,1,845.09084305,0.5980
1624370470824000,1,390.00000000,0.5981
1624370471425000,1,400.00000000,0.5983
1624370471953000,1,412.00000000,0.5981
1624370471953000,1,411.00000000,0.5980
1624370472487000,1,836.27767264,0.5978
1624370495630000,1,400.00000000,0.6029
1624370620105000,1,400.00000000,0.6009
1624370621235000,1,398.02881943,0.6009
1624370627107000,1,400.00000000,0.5989
1624370708666000,1,836.24560348,0.5944
1624370774313000,1,789.60780949,0.5940
1624370777996000,1,398.00000000,0.5940
1624370778526000,1,400.00000000,0.5941
1624370825319000,1,400.00000000,0.5918
1624370828936000,1,412.00000000,0.5921
1624370828936000,1,415.00000000,0.5920
1624370856694000,0,400.00000000,0.5920
1624370857941000,0,400.00000000,0.5920
1624370858887000,0,69.78195111,0.5920
1624370859447000,1,330.21804889,0.5922
1624370859947000,1,407.00000000,0.5921
1624370888184000,0,400.00000000,0.5923
1624370893496000,0,400.00000000,0.5934
1624370964101000,1,400.00000000,0.5953
1624370965100000,1,400.00000000,0.5953
1624370966593000,1,112.15696000,0.5953
1624370977097000,0,400.00000000,0.5957
1624371061453000,1,400.00000000,0.5953
1624371131461000,1,400.00000000,0.5970
1624371132392000,1,392.41990000,0.5970
1624371135307000,1,400.00000000,0.5963
1624371138206000,1,363.09900000,0.5963
1624371255567000,0,400.00000000,0.5962
1624371350544000,0,408.00000000,0.5985
1624371437101000,1,400.00000000,0.5991
1624371456736000,1,400.00000000,0.5976
1624371505507000,0,400.00000000,0.5983
1624371506576000,0,391.31365544,0.5983
1624371506777000,1,8.68634456,0.5984
1624371518716000,0,399.00000000,0.5986
1624371518716000,0,806.60935985,0.5986
1624371518716000,0,408.00000000,0.5987
1624371518716000,0,395.00000000,0.5989
1624371550758000,1,396.00000000,0.5986
1624371550758000,1,391.00000000,0.5986
1624371551386000,1,400.00000000,0.5987
1624371560941000,0,300.00000000,0.5995
1624371625436000,1,400.00000000,0.5974
1624371697278000,0,400.00000000,0.5976
1624371831767000,1,400.00000000,0.5977
1624371832640000,0,369.00000000,0.5985
1624371841748000,0,400.00000000,0.6016
1624371842795000,0,400.00000000,0.6016
1624371844039000,0,49.19029782,0.6016
1624371853720000,0,400.00000000,0.6022
1624371872177000,0,400.00000000,0.6048
1624371873244000,0,385.50762505,0.6048
1624371879172000,1,415.00000000,0.6048
1624371892710000,1,400.00000000,0.6047
1624371893649000,1,457.31112479,0.6047
1624371907078000,1,400.00000000,0.6042
1624371908264000,1,400.00000000,0.6042
1624371910248000,1,2.79496751,0.6042
1624371925131000,1,400.00000000,0.6041
1624371925595000,1,400.00000000,0.6041
1624371926668000,1,59.54930592,0.6041
1624371940994000,1,865.38960942,0.6044
1624371940994000,1,385.00000000,0.6044
1624371996138000,1,400.00000000,0.6043
1624372003629000,1,400.00000000,0.6043
1624372003677000,1,9.96914384,0.6043
1624372018301000,1,400.00000000,0.6031
1624372054373000,1,778.23404323,0.6053
1624372084570000,0,400.00000000,0.6060
1624372087586000,0,400.00000000,0.6064
1624372088680000,0,400.00000000,0.6064
1624372228815000,0,36.72092100,0.6046
1624372231887000,0,400.00000000,0.6049
1624372232989000,0,400.00000000,0.6049
1624372234068000,0,46.66446017,0.6049
1624372234165000,1,353.33553983,0.6049
1624372237355000,1,54.48953806,0.6038
1624372271024000,1,400.00000000,0.6052
1624372286711000,1,400.00000000,0.6052
1624372354249000,1,400.00000000,0.6048
1624372499905000,1,386.00000000,0.6057
1624372499905000,1,407.00000000,0.6055
1624372499905000,1,390.00000000,0.6054
1624372535863000,1,400.00000000,0.6030
1624372552526000,0,400.00000000,0.6031
1624372580773000,0,400.00000000,0.6023
1624372581929000,1,400.00000000,0.6021
1624372584378000,1,400.00000000,0.6022
1624372695396000,1,394.00000000,0.6022
1624372695963000,1,397.00000000,0.6027
1624372723317000,0,400.00000000,0.6030
1624372790908000,0,400.00000000,0.6031
1624372812684000,0,400.00000000,0.6032
1624372897666000,0,391.00000000,0.6021
1624373064398000,0,385.99998349,0.6057
1624373064570000,1,14.00001651,0.6057
1624373069585000,0,395.00000000,0.6065
1624373070090000,1,311.71722158,0.6068
1624373153382000,0,400.00000000,0.6056
1624373154190000,0,400.00000000,0.6060
1624373171066000,1,400.00000000,0.6057
1624373189084000,1,399.72881490,0.6056
1624373189273000,0,0.27118510,0.6055
1624373190856000,1,399.99995640,0.6055
1624373191660000,0,0.00004360,0.6054
1624373191660000,0,385.99991712,0.6056
1624373230276000,0,404.99996072,0.6058
1624373285004000,1,392.00000000,0.6037
1624373319356000,1,384.00000000,0.6047
1624373319964000,1,400.00000000,0.6050
1624373389043000,0,400.00000000,0.6050
1624373427948000,0,400.00000000,0.6057
1624373429900000,0,204.34479600,0.6056
1624373430105000,0,196.62353387,0.6062
1624373430437000,0,201.37646613,0.6062
1624373430437000,0,2057.89775266,0.6078
1624373431061000,0,201.00000000,0.6078
1624373432892000,0,400.00000000,0.6101
1624373445454000,0,400.00000000,0.6120
1624373460755000,1,386.00000000,0.6121
1624373616581000,0,196.62358700,0.6141
1624373956175000,0,393.00000000,0.6262
1624373957569000,0,394.00000000,0.6263
1624373958093000,0,400.00000000,0.6263
1624373961826000,0,415.00000000,0.6263
1624373963367000,0,414.00000000,0.6263
1624373963751000,0,400.00000000,0.6261
1624373963877000,0,401.00000000,0.6265
1624373963877000,0,477.70881451,0.6266
1624373968395000,0,405.00000000,0.6268
1624373996648000,1,400.00000000,0.6271
1624374000423000,1,400.00000000,0.6271
1624374348556000,1,402.00000000,0.6223
1624374388202000,0,241.17304408,0.6225
1624374388348000,1,158.82695592,0.6225
1624374423183000,0,82.34608816,0.6225
1624374423401000,1,317.65391184,0.6227
1624374423967000,1,408.00000000,0.6225
1624374423967000,1,387.00000000,0.6222
1624374424512000,1,400.00000000,0.6223
1624374425105000,0,241.22891574,0.6224
1624374425362000,1,158.77108426,0.6227
1624374425362000,1,396.00000000,0.6227
1624374425362000,1,390.00000000,0.6224
1624374427826000,0,241.22891574,0.6224
1624374427826000,0,415.00000000,0.6229
1624374427826000,0,250.00000000,0.6232
1624374427826000,0,394.00000000,0.6233
1624374427826000,0,321.66312009,0.6233
1624374427826000,0,411.00000000,0.6234
1624374427826000,0,453.39647316,0.6244
1624374427826000,0,620.53021000,0.6244
1624374427826000,0,402.16893120,0.6259
1624374427826000,0,975.40826057,0.6266
1624374427826000,0,952.13445907,0.6266
1624374427826000,0,2500.00000000,0.6268
1624374427826000,0,1084.09504000,0.6270
1624374427826000,0,1229.62121000,0.6301
1624374427826000,0,425.71128391,0.6308
1624374429788000,0,241.22891574,0.6224
1624374429961000,1,158.77108426,0.6225
1624374431159000,1,410.00000000,0.6220
1624374436861000,1,400.00000000,0.6219
1624374447799000,1,46.87874804,0.6219
1624374449188000,0,353.12125196,0.6218
1624374449712000,0,389.00000000,0.6219
1624374496086000,1,414.00000000,0.6232
1624374496086000,1,842.07283068,0.6231
1624374496086000,1,448.73961703,0.6231
1624374496655000,1,400.00000000,0.6234
1624374579528000,1,400.00000000,0.6278
1624374586432000,1,400.00000000,0.6274
1624374587650000,1,400.00000000,0.6274
1624374605737000,1,400.00000000,0.6305
1624374658081000,1,400.00000000,0.6340
1624374679548000,1,400.00000000,0.6340
1624374729556000,1,400.00000000,0.6338
1624374761199000,1,481.01308949,0.6337
1624374872303000,1,444.72198301,0.6330
1624374899424000,1,386.00000000,0.6312
1624374981190000,1,804.10843747,0.6285
1624375155671000,0,250.00000000,0.6283
1624375155777000,1,150.00000000,0.6287
1624375155777000,1,387.00000000,0.6286
1624375162983000,0,150.00000000,0.6287
1624375163172000,1,250.00000000,0.6287
1624375163172000,1,406.00000000,0.6286
1624375163172000,1,390.00000000,0.6283
1624375192770000,1,400.00000000,0.6282
1624375265337000,0,686.91736000,0.6321
1624375265877000,0,394.00000000,0.6332
1624375265877000,0,1179.69515000,0.6332
1624375266441000,0,393.00000000,0.6335
1624375268141000,1,392.00000000,0.6342
1624375268141000,1,366.76368000,0.6341
1624375281899000,1,400.00000000,0.6356
1624375284171000,1,26.32805485,0.6356
1624375284379000,0,373.67194515,0.6356
1624375346554000,1,400.00000000,0.6390
1624375349644000,1,400.00000000,0.6390
1624375368314000,0,399.00000000,0.6387
1624375368852000,0,400.00000000,0.6386
1624375478782000,1,387.00000000,0.6392
1624375479403000,1,400.00000000,0.6393
1624375479998000,1,405.00000000,0.6391
1624375545120000,0,400.00000000,0.6417
1624375584685000,0,798.30943000,0.6439
1624375585558000,0,400.00000000,0.6443
1624375587570000,0,1004.34181000,0.6440
1624375590262000,1,408.00000000,0.6450
1624375590262000,1,233.52324000,0.6449
1624375695833000,1,400.00000000,0.6475
1624375730168000,1,400.00000000,0.6470
1624375731341000,1,400.00000000,0.6470
1624375782161000,0,400.00000000,0.6472
1624375799223000,0,400.00000000,0.6479
1624375800336000,0,387.79516672,0.6479
1624375800336000,0,12.20483328,0.6479
1624375801540000,0,400.00000000,0.6479
1624375815410000,0,415.00000000,0.6471
1624375862268000,1,400.00000000,0.6482
1624375865708000,1,400.00000000,0.6482
1624375866596000,1,67.96218302,0.6482
1624375866782000,0,332.03781698,0.6481
1624375875574000,0,400.00000000,0.6504
1624375876750000,0,400.00000000,0.6504
1624375877403000,0,154.58581000,0.6504
1624375878834000,1,401.00000000,0.6505
1624375878834000,1,401.26061000,0.6500
1624375896244000,1,400.00000000,0.6546
1624375966274000,1,400.00000000,0.6528
1624376049081000,1,400.00000000,0.6536
1624376052811000,0,400.00000000,0.6550
1624376106545000,1,400.00000000,0.6552
1624376107774000,1,250.00000000,0.6544
1624376107978000,0,150.00000000,0.6544
1624376107978000,0,411.00000000,0.6545
1624376130740000,1,400.00000000,0.6521
1624376133971000,0,785.92471000,0.6526
1624376163964000,0,400.00000000,0.6542
1624376168685000,0,400.00000000,0.6543
1624376171338000,0,400.00000000,0.6545
1624376225292000,1,400.00000000,0.6532
1624376423370000,0,462.07413843,0.6499
1624376423370000,0,268.74071969,0.6500
1624376467127000,0,400.00000000,0.6492
1624376468625000,0,400.00000000,0.6495
1624376469214000,0,62.51387513,0.6495
1624376469357000,1,337.48612487,0.6498
1624376484044000,0,400.00000000,0.6490
1624376485095000,0,400.00000000,0.6493
1624376500590000,0,400.00000000,0.6507
1624376509985000,0,400.00000000,0.6510
1624376787786000,0,400.00000000,0.6470
1624376859457000,0,400.00000000,0.6474
1624376870043000,0,400.00000000,0.6478
1624377326573000,0,384.00000000,0.6494
1624377853185000,0,400.00000000,0.6610
1624378093559000,1,400.00000000,0.6719
1624378135919000,1,400.00000000,0.6707
1624378137577000,0,400.00000000,0.6704
1624378147911000,0,400.00000000,0.6719
1624378182788000,1,400.00000000,0.6709
1624378189666000,1,400.00000000,0.6707
1624378190554000,1,402.00000000,0.6695
1624378206294000,0,406.00000000,0.6674
1624378207706000,0,400.00000000,0.6674
1624378238539000,0,400.00000000,0.6663
1624378251760000,1,400.00000000,0.6673
1624378256615000,0,400.00000000,0.6677
1624378257677000,0,177.79809089,0.6673
1624378257934000,0,400.00000000,0.6673
1624378529347000,1,400.00000000,0.6664
1624378562345000,1,400.00000000,0.6663
1624378565299000,1,400.00000000,0.6663
1624378614476000,0,400.00000000,0.6631
1624378735376000,0,400.00000000,0.6646
1624378754850000,0,400.00000000,0.6679
1624378761098000,0,400.00000000,0.6716
1624378762174000,0,400.00000000,0.6705
1624378769530000,1,819.20790974,0.6723
1624378769530000,1,385.00000000,0.6723
1624378781963000,1,400.00000000,0.6720
1624378782916000,1,390.81580176,0.6720
1624378819104000,1,400.00000000,0.6707
1624378820616000,1,400.00000000,0.6707
1624378874757000,1,343.52518864,0.6720
1624378954888000,1,400.00000000,0.6707
1624378959504000,1,400.00000000,0.6707
1624378961978000,1,7.67372379,0.6707
1624378963015000,0,392.32627621,0.6707
1624379183289000,0,400.00000000,0.6692
1624379198162000,1,400.00000000,0.6700
1624379348299000,1,399.00000000,0.6667
1624379353132000,0,400.00000000,0.6670
1624379418395000,1,250.00000000,0.6650
1624379418582000,0,150.00000000,0.6648
1624379444914000,1,414.00000000,0.6640
1624379445494000,1,406.00000000,0.6639
1624379466474000,1,400.00000000,0.6616
1624379484735000,1,201.00000000,0.6600
1624379541348000,1,409.00000000,0.6564
1624379541348000,1,392.00000000,0.6563
1624379541348000,1,2279.89654879,0.6560
1624379541348000,1,201.00000000,0.6552
1624379541348000,1,445.10501900,0.6552
1624379541348000,1,957.89915424,0.6552
1624379541348000,1,3039.60094990,0.6550
1624379541348000,1,933.21596011,0.6530
1624379541348000,1,700.00000000,0.6530
1624379541348000,1,664.35245000,0.6524
1624379541348000,1,653.88782170,0.6522
1624379541570000,0,845.57417343,0.6552
1624379544068000,1,400.00000000,0.6560
1624379545089000,1,391.56713369,0.6560
1624379552466000,1,250.05300000,0.6552
1624379552567000,0,149.94700000,0.6551
1624379552567000,0,391.00000000,0.6552
1624379562321000,0,400.00000000,0.6554
1624379563387000,0,400.00000000,0.6554
1624379567445000,1,400.00000000,0.6550
1624379592287000,1,400.00000000,0.6549
1624379618290000,0,400.00000000,0.6560
1624379626867000,1,45.57414381,0.6549
1624379705547000,0,400.00000000,0.6543
1624379707361000,1,400.00000000,0.6575
1624379712081000,0,296.19042000,0.6575
1624379718619000,0,400.00000000,0.6586
1624379826566000,0,400.00000000,0.6613
1624379906548000,1,400.00000000,0.6577
1624379951858000,1,400.00000000,0.6571
1624380024690000,1,856.74745271,0.6608
1624380051204000,1,400.00000000,0.6592
1624380053556000,1,400.00000000,0.6586
1624380078877000,1,388.00000000,0.6594
1624380080675000,1,400.00000000,0.6597
1624380369764000,0,400.00000000,0.6585
1624380371208000,0,85.31148462,0.6585
1624380371377000,1,314.68851538,0.6585
1624380382318000,1,389.00000000,0.6584
1624380382871000,1,411.00000000,0.6584
1624380435228000,0,405.00000000,0.6618
1624380529441000,1,400.00000000,0.6610
1624380557385000,0,387.00000000,0.6603
1624380683217000,0,400.00000000,0.6642
1624381280020000,0,70.76666368,0.6712
1624381335912000,1,400.00000000,0.6699
1624381337049000,1,400.00000000,0.6699
1624381339409000,0,400.00000000,0.6684
1624381433299000,0,400.00000000,0.6674
1624381434730000,0,400.00000000,0.6674
1624381702574000,1,400.00000000,0.6655
1624381753190000,1,400.00000000,0.6645
1624381754302000,1,400.00000000,0.6645
1624381766286000,1,400.00000000,0.6642
1624382124677000,0,400.00000000,0.6623
1624382300689000,0,400.00000000,0.6613
1624382385476000,1,400.00000000,0.6608
1624382388481000,1,400.00000000,0.6608
1624382417176000,0,400.00000000,0.6596
1624382429571000,1,393.20691589,0.6596
1624382432985000,0,401.00000000,0.6593
1624382433786000,0,400.00000000,0.6592
1624382448790000,0,400.00000000,0.6589
1624382835923000,0,226.64136670,0.6629
1624382836009000,1,173.35863330,0.6629
1624383083383000,0,201.00000000,0.6664
1624383083581000,1,199.00000000,0.6665
1624383670879000,0,66.50000000,0.6673
1624383849901000,0,794.19277586,0.6645
1624383894466000,0,400.00000000,0.6651
1624384152844000,0,400.00000000,0.6650
1624384292930000,0,225.36139983,0.6670
1624384293043000,1,225.36139983,0.6670
1624384293160000,1,174.63860017,0.6670
1624384294728000,0,225.50395954,0.6667
1624384294976000,1,174.49604046,0.6668
1624384294976000,1,401.00000000,0.6667
1624384307160000,1,400.00000000,0.6673
1624384610360000,1,400.00000000,0.6704
1624384611470000,1,400.00000000,0.6704
1624384612654000,1,390.97478692,0.6704
1624384612786000,0,9.02521308,0.6704
1624384817605000,0,399.99996462,0.6744
1624384818062000,1,395.00000000,0.6740
1624384818550000,1,416.00000000,0.6737
1624385167660000,1,400.00000000,0.6687
1624385168711000,1,400.00000000,0.6687
1624385169701000,1,38.44127933,0.6687
1624385296772000,1,405.00000000,0.6698
1624385297464000,1,400.00000000,0.6699
1624385366601000,1,400.00000000,0.6689
1624385537712000,1,205.94637800,0.6682
1624385657813000,1,103.24510200,0.6681
1624385777917000,1,102.70125500,0.6680
1624385797906000,0,250.00000000,0.6708
1624385798140000,0,400.00000000,0.6708
1624385884713000,1,400.00000000,0.6715
1624386540324000,1,405.00000000,0.6712
1624386542976000,1,391.10054624,0.6711
1624386553439000,0,8.89945376,0.6708
1624386553439000,0,388.00000000,0.6708
1624386553974000,0,400.00000000,0.6707
1624386695896000,0,400.00000000,0.6748
1624386697249000,0,222.84572000,0.6748
1624386730815000,0,201.00000000,0.6753
1624386732349000,0,400.00000000,0.6780
1624386733524000,0,400.00000000,0.6780
1624386804018000,1,400.00000000,0.6780
1624386806242000,1,400.00000000,0.6780
1624386813203000,0,387.00000000,0.6790
1624386814533000,0,393.00000000,0.6794
1624386836205000,0,247.59860924,0.6800
1624386858072000,0,385.00000000,0.6800
1624386860122000,0,400.00000000,0.6799
1624386860798000,0,400.00000000,0.6797
1624387197924000,0,400.00000000,0.6855
1624387199032000,0,400.00000000,0.6868
1624387505702000,0,250.00000000,0.6896
1624387506674000,0,400.00000000,0.6896
1624387507152000,0,34.26123000,0.6896
1624387507789000,0,400.00000000,0.6914
1624387789084000,0,400.00000000,0.6926
1624387847710000,0,400.00000000,0.6890
1624388025603000,1,387.00000000,0.6908
1624388025681000,0,400.00000000,0.6908
1624388055484000,1,250.00000000,0.6909
1624388055622000,0,629.89041169,0.6909
1624388074567000,1,118.96546979,0.6904
1624388074567000,1,847.94495471,0.6904
1624388074685000,0,387.41674155,0.6904
1624388074770000,0,51.49358389,0.6904
1624388178767000,1,118.96547000,0.6909
1624388467315000,1,400.00000000,0.6910
1624388469970000,0,400.00000000,0.6909
1624388563302000,0,250.00000000,0.6879
1624388709313000,0,217.80842125,0.6898
1624388709563000,1,182.19157875,0.6900
1624388709563000,1,396.00000000,0.6896
1624388740714000,1,411.00000000,0.6886
1624388740714000,1,397.00000000,0.6884
1624388853558000,1,250.00000000,0.6900
1624388855961000,1,250.00000000,0.6905
1624388933224000,1,201.00000000,0.6877
1624389074531000,1,201.00000000,0.6839
1624389074531000,1,700.00000000,0.6839
1624389170303000,1,250.00000000,0.6821
1624389170503000,0,150.00000000,0.6821
1624389171519000,1,99.99998250,0.6821
1624389174969000,0,400.00000000,0.6793
1624389259038000,1,125.27916300,0.6844
1624389612105000,1,400.00000000,0.6876
1624389636352000,0,124.72081900,0.6886
1624389749282000,1,30.07413573,0.6889
1624389749421000,1,368.92586427,0.6889
1624389749494000,1,387.00000000,0.6887
1624389749494000,1,409.00000000,0.6885
1624389749494000,1,394.00000000,0.6882
1624389749494000,1,641.37246000,0.6826
1624389749494000,1,192.86354000,0.6806
1624389752769000,1,400.00000000,0.6823
1624389754474000,1,398.01486480,0.6823
1624389765917000,1,400.00000000,0.6808
1624389771160000,0,399.99996486,0.6788
1624389771246000,0,0.00003514,0.6788
1624389779201000,0,387.00000000,0.6789
1624389782841000,0,646.48537711,0.6822
1624389788369000,0,387.00000000,0.6797
1624389861352000,1,400.00000000,0.6789
1624389991848000,1,30.07413573,0.6803
1624390125389000,1,400.00000000,0.6815
1624390209212000,1,400.00000000,0.6816
1624390639753000,1,366.02149278,0.6845
1624390910098000,0,400.00000000,0.6861
1624391000011000,1,148.23118400,0.6845
1624391268936000,0,147.98600600,0.6829
1624391269571000,1,252.01399400,0.6832
1624391486692000,0,366.97823692,0.6808
1624391513578000,0,400.00000000,0.6810
1624391566011000,0,400.00000000,0.6815
1624391779886000,1,400.00000000,0.6798
1624391784909000,1,387.00000000,0.6792
1624391784909000,1,421.00000000,0.6790
1624391785407000,1,384.90122524,0.6789
1624391915773000,0,391.00000000,0.6791
1624391915773000,0,388.00000000,0.6792
1624391915773000,0,411.00000000,0.6794
1624391915773000,0,378.00000000,0.6796
1624392045200000,0,400.00000000,0.6805
1624392055843000,0,400.00000000,0.6811
1624392114245000,0,400.00000000,0.6802
1624392540133000,1,379.35828154,0.6806
1624392540133000,1,20.64171846,0.6806
1624392680618000,1,189.95548900,0.6812
1624393309272000,0,189.40282300,0.6838
1624393311104000,1,210.59717700,0.6838
1624393579776000,0,394.00000000,0.6824
1624393579776000,0,392.00000000,0.6827
1624393714705000,1,843.11367378,0.6848
1624393992237000,1,400.00000000,0.6797
1624394122793000,0,414.00000000,0.6814
1624394123122000,0,250.00000000,0.6819
1624394123366000,0,148.00000000,0.6819
1624394293838000,0,400.00000000,0.6846
1624394294915000,0,400.00000000,0.6846
1624394929833000,1,400.00000000,0.6861
1624394951382000,1,400.00000000,0.6861
1624394953039000,1,2271.53476169,0.6861
1624395162777000,0,400.00000000,0.6871
1624395198580000,0,400.00000000,0.6867
1624395199767000,0,395.41959416,0.6867
1624395199974000,1,4.58040584,0.6867
1624395761981000,0,400.00000000,0.6841
1624395992910000,1,400.00000000,0.6842
1624396736425000,0,201.00000000,0.6832
1624396736558000,1,199.00000000,0.6835
1624396762340000,0,400.00000000,0.6838
1624397154754000,0,400.00000000,0.6876
1624397365560000,1,390.00000000,0.6875
1624397366104000,1,400.00000000,0.6876
1624397424673000,1,201.00000000,0.6857
1624397818890000,1,400.00000000,0.6842
1624397852698000,0,397.00000000,0.6811
1624397855788000,1,400.00000000,0.6811
1624398232856000,1,400.00000000,0.6752
1624398239798000,0,405.00000000,0.6751
1624398239798000,0,384.00000000,0.6752
1624398240369000,0,400.00000000,0.6750
1624398665360000,0,201.00000000,0.6752
1624398704085000,0,201.00000000,0.6771
1624398704085000,0,199.00000000,0.6772
1624398831785000,1,400.00000000,0.6756
1624400296251000,0,400.00000000,0.6785
1624400304243000,0,400.00000000,0.6784
1624400872312000,0,400.00000000,0.6749
1624401531223000,1,144.05671499,0.6718
1624401531446000,0,255.94325347,0.6716
1624401533111000,1,400.00000000,0.6711
1624401624696000,1,144.05671500,0.6706
1624401954909000,0,400.00000000,0.6715
1624402627564000,0,111.88653900,0.6693
1624402783101000,1,400.00000000,0.6729
1624403335667000,1,397.00000000,0.6713
1624403661152000,1,206.68228847,0.6698
1624403785379000,1,103.63548800,0.6701
1624403870733000,0,250.00000000,0.6718
1624403870733000,0,150.00000000,0.6719
1624403872412000,1,390.00000000,0.6705
1624403872933000,1,400.00000000,0.6708
1624403905424000,1,102.89011221,0.6693
1624404336106000,0,154.61563542,0.6654
1624404337243000,1,400.00000000,0.6643
1624404338206000,1,400.00000000,0.6643
1624404736204000,1,408.00000000,0.6616
1624404737347000,1,400.00000000,0.6617
1624404974156000,1,401.00000000,0.6582
1624404975127000,1,400.00000000,0.6582
1624405203847000,1,400.00000000,0.6594
1624405225776000,1,154.77232300,0.6593
1624405471870000,1,400.00000000,0.6585
1624405472849000,1,400.00000000,0.6579
1624405473933000,1,316.82391000,0.6579
1624405484595000,0,84.56136000,0.6572
1624405704373000,1,385.12552000,0.6617
1624405768810000,0,400.00000000,0.6619
