timestamp ms,type,amount,price
1627171297430000,1,162.35655240,1.1070
1627171303735000,1,163.75565529,1.1061
1627171332957000,0,411.38695641,1.1081
1627171584489000,1,915.38307000,1.1076
1627171609109000,1,407.31883952,1.1047
1627171609109000,1,409.26475474,1.1045
1627171609109000,1,262.13548096,1.1043
1627171609109000,1,391.09399754,1.1042
1627171609109000,1,392.12383403,1.1039
1627171609109000,1,162.29909321,1.1026
1627171614418000,0,299.45034058,1.1045
1627171614632000,0,0.00000001,1.1045
1627171619718000,0,323.11228295,1.1052
1627171620303000,0,53.70456630,1.1053
1627171620697000,1,338.23910940,1.1057
1627171621248000,1,210.89971079,1.1057
1627171960734000,0,250.03628366,1.1140
1627171963994000,0,693.08626633,1.1140
1627172028412000,1,366.85977281,1.1170
1627172038805000,1,314.97872428,1.1152
1627172038805000,1,685.02127572,1.1146
1627172041369000,1,941.21271000,1.1142
1627172045186000,1,909.46130000,1.1130
1627172062777000,1,426.63550413,1.1137
1627172075632000,0,396.90578544,1.1142
1627172075632000,0,250.00000000,1.1143
1627172075859000,0,124.20782414,1.1154
1627172082327000,0,709.24187000,1.1170
1627172114674000,0,800.00000000,1.1200
1627172131818000,0,248.26501991,1.1230
1627172132925000,1,165.29560622,1.1236
1627172132925000,1,133.59004984,1.1227
1627172132926000,1,165.29560623,1.1227
1627172133627000,0,30.61849358,1.1227
1627172134463000,0,47.72554000,1.1227
1627172135205000,0,6.36034238,1.1227
1627172145443000,1,684.81577000,1.1227
1627172147867000,1,1000.00000000,1.1200
1627172148527000,0,408.97789306,1.1209
1627172148527000,0,257.16547386,1.1211
1627172148527000,0,6.23969308,1.1211
1627172159193000,1,76.96819592,1.1195
1627172159677000,1,198.36808488,1.1190
1627172159677000,1,302.36939849,1.1186
1627172159685000,0,136.62799965,1.1181
1627172160473000,1,239.07471108,1.1193
1627172165674000,0,796.28368000,1.1151
1627172167532000,0,952.49862000,1.1142
1627172169961000,0,190.38219736,1.1172
1627172170268000,0,92.08679230,1.1172
1627172171022000,1,51.57037185,1.1168
1627172179518000,0,915.81398000,1.1134
1627172204908000,0,994.73676000,1.1132
1627172207671000,0,237.80113850,1.1152
1627172212113000,0,988.89379000,1.1153
1627172241874000,0,140.11407871,1.1180
1627172302457000,1,195.16619952,1.1191
1627172389670000,0,239.07469848,1.1193
1627172389670000,0,288.87188401,1.1196
1627172558041000,1,250.00000000,1.1241
1627172558067000,0,211.03263669,1.1236
1627172559241000,1,941.49106000,1.1224
1627172564547000,0,92.20466617,1.1244
1627172564547000,0,907.79533383,1.1249
1627172662088000,1,216.93704665,1.1215
1627172725092000,0,263.10258686,1.1199
1627172725937000,0,408.54736314,1.1199
1627172726345000,0,84.90972784,1.1205
1627172726790000,0,0.00000001,1.1205
1627172727338000,0,983.21347000,1.1213
1627172759828000,1,891.58338000,1.1246
1627172760821000,0,30.56234720,1.1244
1627172760982000,0,398.89975551,1.1241
1627172763488000,0,250.00000000,1.1218
1627172763630000,0,108.52638000,1.1218
1627172765021000,0,105.21503010,1.1205
1627172765991000,0,386.45866000,1.1219
1627172767136000,0,250.00000000,1.1213
1627172768704000,0,396.19322244,1.1217
1627172768704000,0,27.46933756,1.1220
1627172769343000,1,36.67470473,1.1198
1627172769872000,1,136.56000381,1.1198
1627172770244000,0,250.00000000,1.1202
1627172770244000,0,144.51037000,1.1220
1627172772458000,1,0.00000001,1.1198
1627172774336000,0,68.14862000,1.1193
1627172775437000,0,30.68425899,1.1167
1627172775613000,0,295.99744945,1.1164
1627172775791000,1,1000.00000000,1.1181
1627172776162000,1,9.59247000,1.1181
1627172781798000,1,512.00000000,1.1134
1627172785217000,0,258.97113268,1.1145
1627172787198000,0,769.97416000,1.1137
1627172859298000,0,804.33496000,1.1086
1627172874102000,1,651.87824000,1.1110
1627172875714000,1,413.83403476,1.1120
1627172875783000,1,216.14304603,1.1122
1627172876821000,0,250.00000000,1.1139
1627172877270000,0,720.31984367,1.1140
1627172880515000,0,194.30981422,1.1140
1627172882804000,0,0.00000001,1.1140
1627172900658000,0,30.71253072,1.1136
1627172900930000,1,688.30284000,1.1129
1627172902416000,0,220.61902305,1.1113
1627172916898000,1,731.28369000,1.1159
1627172917729000,1,271.89584605,1.1148
1627172917729000,1,249.99999999,1.1142
1627172917912000,1,965.37619000,1.1131
1627172917973000,0,0.00000001,1.1127
1627172918601000,0,30.72196622,1.1121
1627172921285000,0,131.46253693,1.1116
1627172926800000,0,131.53121000,1.1112
1627172973990000,1,217.26088293,1.1068
1627172975888000,0,870.07646000,1.1082
1627172988547000,1,1000.00000000,1.1054
1627172993653000,0,396.48298827,1.1112
1627173010351000,1,412.95783952,1.1122
1627173071186000,1,934.43373000,1.1083
1627173071850000,1,142.90818115,1.1070
1627173071895000,1,0.00000001,1.1070
1627173072224000,1,250.00000000,1.1063
1627173072224000,1,12.55088393,1.1062
1627173072283000,1,247.76002534,1.1062
1627173093189000,1,1000.00000000,1.1040
1627173110677000,1,286.66689533,1.1040
1627173110677000,1,313.33310467,1.1040
1627173117265000,1,414.69425928,1.1001
1627173117265000,1,333.76989072,1.0999
1627173121589000,0,387.85046428,1.1023
1627173121932000,0,58.20287314,1.1031
1627173121932000,0,342.01214950,1.1035
1627173132065000,1,200.00000000,1.1017
1627173146895000,0,756.99993000,1.1006
1627173152517000,0,639.17026999,1.1007
1627173183761000,1,411.56464264,1.0999
1627173183791000,0,411.56464264,1.0998
1627173183880000,1,512.00000000,1.0979
1627173189908000,0,164.15100131,1.1011
1627173295701000,1,553.37646951,1.0973
1627173389821000,1,104.99086995,1.1005
1627173389821000,1,895.00913005,1.1005
1627173393387000,1,952.17343000,1.1012
1627173455346000,1,660.27540000,1.0967
1627173479764000,0,987.88303000,1.0984
1627173479764000,0,12.11697000,1.0988
1627173480881000,0,401.05750872,1.0988
1627173481417000,1,189.54693163,1.0993
1627173481879000,0,482.07766837,1.0993
1627173528393000,0,214.39617043,1.1015
1627173554999000,1,777.96888000,1.0991
1627173554999000,1,222.03112000,1.0990
1627173567446000,1,92.78967173,1.0984
1627173637417000,1,200.00000000,1.0950
1627173639676000,0,362.68028990,1.0950
1627173657529000,1,200.00000000,1.0950
1627173663463000,0,200.00000000,1.0950
1627173743258000,1,1000.00000000,1.0915
1627173923377000,0,84.25682989,1.0899
1627173933163000,1,400.00000000,1.0870
1627173939945000,0,22.97519600,1.0868
1627173948427000,0,22.99865700,1.0859
1627173959285000,0,23.02195400,1.0862
1627174020293000,0,23.05209800,1.0848
1627174074193000,0,23.12202900,1.0813
1627174098440000,0,23.15887000,1.0771
1627174120023000,0,23.26079100,1.0748
1627174121673000,0,1000.00000000,1.0751
1627174126483000,0,634.26184999,1.0777
1627174126490000,0,0.00000001,1.0777
1627174127815000,1,401.34543672,1.0807
1627174127937000,1,384.51717950,1.0809
1627174127955000,0,1000.00000000,1.0820
1627174128557000,1,0.16709066,1.0809
1627174128557000,1,0.18096587,1.0807
1627174128557000,1,191.55372745,1.0804
1627174129003000,0,1000.00000000,1.0799
1627174129019000,0,6.92532000,1.0799
1627174142621000,0,31.40703519,1.0794
1627174143161000,0,26.69118083,1.0794
1627174143334000,1,402.67169013,1.0798
1627174153010000,0,31.40703519,1.0802
1627174153055000,0,355.36483879,1.0802
1627174166698000,0,60.61982000,1.0814
1627174168280000,1,250.00000000,1.0808
1627174168280000,1,205.37411132,1.0806
1627174168774000,0,47.29005000,1.0817
1627174169204000,0,47.55832000,1.0817
1627174169261000,1,31.22435719,1.0802
1627174169261000,1,163.76841669,1.0798
1627174169849000,0,47.57254000,1.0792
1627174170508000,0,47.57316000,1.0809
1627174172698000,0,66.28582300,1.0797
1627174172698000,0,4.14421700,1.0799
1627174173615000,0,31.42677562,1.0795
1627174175097000,0,52.70435000,1.0788
1627174180192000,1,380.43825582,1.0768
1627174209796000,0,929.32029000,1.0770
1627174212962000,0,384.58622868,1.0739
1627174213056000,0,31.58559698,1.0739
1627174215883000,1,1000.00000000,1.0728
1627174217155000,0,82.25364453,1.0735
1627174236803000,0,705.01538000,1.0738
1627174291259000,1,977.88574000,1.0747
1627174296062000,1,648.25388000,1.0749
1627174312598000,0,331.41205083,1.0756
1627174313518000,0,512.00000000,1.0782
1627174313518000,0,175.75455011,1.0804
1627174313753000,1,384.52126033,1.0788
1627174315053000,0,689.83710000,1.0804
1627174316745000,0,166.25813251,1.0819
1627174316745000,0,250.00000000,1.0822
1627174318329000,0,765.59044000,1.0809
1627174319323000,1,250.00000000,1.0794
1627174319396000,0,134.58623000,1.0788
1627174323204000,1,312.31884602,1.0822
1627174328178000,0,396.91848442,1.0811
1627174328228000,1,414.52297558,1.0813
1627174328299000,1,115.41375910,1.0788
1627174329617000,0,31.50598615,1.0790
1627174329807000,0,365.87145400,1.0790
1627174330280000,0,0.00000508,1.0790
1627174330280000,0,31.50598107,1.0790
1627174332953000,0,512.00000000,1.0797
1627174342138000,1,792.68052000,1.0799
1627174344176000,0,271.72483149,1.0784
1627174344176000,0,385.95383690,1.0787
1627174344176000,0,259.53932161,1.0791
1627174353358000,0,86.54701000,1.0781
1627174422441000,0,1000.00000000,1.0816
1627174423587000,0,709.26675163,1.0816
1627174461114000,0,386.90659033,1.0814
1627174461736000,0,1000.00000000,1.0811
1627174476099000,1,1000.00000000,1.0799
1627174476809000,1,569.49121616,1.0799
1627174477080000,1,280.26208409,1.0799
1627174477109000,1,138.94915975,1.0799
1627174478967000,0,125.92006831,1.0783
1627174478967000,0,399.04660810,1.0787
1627174478967000,0,147.48040359,1.0788
1627174532640000,0,1000.00000000,1.0787
1627174533300000,0,978.03520000,1.0803
1627174535649000,1,422.30212469,1.0801
1627174555129000,0,173.11456343,1.0817
1627174631195000,1,249.92091436,1.0810
1627174631435000,1,750.07908564,1.0810
1627174631435000,1,134.09384024,1.0804
1627174631435000,1,819.42748000,1.0797
1627174634779000,1,1000.00000000,1.0780
1627174692599000,0,806.83582000,1.0775
1627174697516000,0,986.25588000,1.0776
1627174722473000,1,134.09046734,1.0803
1627174722473000,1,115.77035707,1.0803
1627174722473000,1,750.13917559,1.0798
1627174804884000,1,1000.00000000,1.0789
1627174805880000,1,711.88821507,1.0789
1627174811693000,1,707.24504000,1.0786
1627174814948000,1,49.64709869,1.0779
1627174814988000,1,573.86769131,1.0779
1627174814988000,1,21.83453788,1.0772
1627174822952000,1,573.86766619,1.0772
1627174827523000,0,384.40656566,1.0753
1627174827642000,0,31.56565658,1.0753
1627174837459000,0,617.71040000,1.0741
1627174858793000,0,835.93410000,1.0736
1627174873312000,0,23.29243200,1.0733
1627174903314000,0,646.44910800,1.0733
1627174905896000,0,23.31741500,1.0743
1627174915818000,0,1000.00000000,1.0754
1627174942065000,0,21.14475108,1.0781
1627174942065000,0,49.44477836,1.0788
1627174943456000,1,177.02718354,1.0797
1627174943493000,1,219.81329118,1.0797
1627174946032000,0,177.02717377,1.0797
1627174946032000,0,226.70397000,1.0797
1627174998924000,1,809.21494000,1.0786
1627174998924000,1,190.78506000,1.0786
1627174999707000,0,377.75935501,1.0767
1627175002493000,1,973.75899000,1.0787
1627175074465000,0,250.00000000,1.0757
1627175074465000,0,73.10359449,1.0760
1627175074465000,0,666.03696000,1.0762
1627175074465000,0,10.85944551,1.0762
1627175079671000,0,628.21149000,1.0767
1627175134959000,1,402.44132813,1.0786
1627175382360000,1,123.43509106,1.0816
1627175382360000,1,76.56490894,1.0813
1627175393149000,1,200.00000000,1.0827
1627175470894000,1,1608.71469090,1.0817
1627175471564000,1,935.22096000,1.0804
1627175471564000,1,64.77904000,1.0803
1627175473312000,0,406.96641308,1.0799
1627175473312000,0,181.53242700,1.0800
1627175489061000,0,907.90883000,1.0775
1627175511712000,0,411.01847826,1.0807
1627175511712000,0,368.67866371,1.0812
1627175642633000,0,310.14664945,1.0854
1627176111926000,0,1000.00000000,1.0786
1627176219051000,1,1000.00000000,1.0777
1627176220066000,1,668.51509742,1.0777
1627176347295000,0,1000.00000000,1.0828
1627176439505000,0,1000.00000000,1.0798
1627176653839000,0,89.42659984,1.0795
1627176654058000,0,654.52165376,1.0795
1627176654887000,1,896.81185999,1.0781
1627176657555000,1,699.73818000,1.0788
1627176679431000,0,852.27586000,1.0771
1627176679431000,0,121.83144338,1.0776
1627176748508000,0,1000.00000000,1.0794
1627176775903000,0,250.00000000,1.0798
1627176775903000,0,233.31956304,1.0803
1627176796907000,1,58.70231709,1.0799
1627176807442000,1,132.04748694,1.0760
1627176808494000,1,999.82526000,1.0754
1627176820108000,1,388.67605876,1.0762
1627176820193000,0,240.26086124,1.0761
1627176835631000,0,400.49278138,1.0771
1627176869813000,0,444.93951540,1.0782
1627176869839000,0,572.79644460,1.0782
1627176870317000,1,121.60964186,1.0804
1627176870379000,0,689.96509814,1.0791
1627176870379000,0,250.00000000,1.0804
1627176880379000,0,394.51975536,1.0802
1627176880379000,0,142.97153520,1.0803
1627176880379000,0,140.04966920,1.0808
1627176881834000,1,187.13339024,1.0812
1627176887773000,0,392.85605107,1.0806
1627176901794000,1,384.87035378,1.0823
1627176902189000,1,0.00001355,1.0823
1627176902189000,1,154.52163645,1.0822
1627176905391000,1,759.65309000,1.0829
1627176925163000,1,616.04551000,1.0832
1627176927200000,0,1015.36625000,1.0828
1627176930498000,0,97.47693000,1.0802
1627176932177000,0,409.17720422,1.0798
1627176932177000,0,169.44553957,1.0800
1627176932177000,0,250.71296621,1.0802
1627176937946000,1,384.46231059,1.0790
1627176974114000,1,195.21950221,1.0739
1627176988457000,1,415.20139740,1.0744
1627176988457000,1,274.80541335,1.0744
1627177002309000,0,270.74055647,1.0767
1627177154731000,1,413.21338994,1.0748
1627177258413000,1,250.07786256,1.0759
1627177338025000,1,1000.00000000,1.0721
1627177339031000,1,715.88048500,1.0721
1627177339031000,1,284.11951500,1.0720
1627177393500000,1,1000.00000000,1.0749
1627177488956000,0,1000.00000000,1.0761
1627177489993000,0,720.72377649,1.0761
1627177533289000,0,636.01021557,1.0769
1627177533289000,0,255.61729461,1.0769
1627177557484000,1,844.31073000,1.0745
1627177607351000,0,386.04037159,1.0731
1627177640125000,1,115.88048500,1.0720
1627177655387000,1,1585.21006603,1.0700
1627177655488000,1,350.94685020,1.0704
1627177655488000,1,649.05314980,1.0700
1627177657205000,1,1000.00000000,1.0700
1627177660681000,0,23.34463200,1.0711
1627177674238000,1,6581.75547575,1.0700
1627177684136000,0,23.37191300,1.0688
1627177748745000,0,23.40320000,1.0676
1627177762587000,1,1675.71437597,1.0654
1627177770646000,0,23.46448400,1.0631
1627177779225000,0,23.49712400,1.0629
1627177782911000,0,831.17130000,1.0636
1627177787949000,0,646.25827000,1.0639
1627177789449000,0,989.56575000,1.0647
1627177790897000,0,862.42477000,1.0646
1627177798818000,0,969.81361000,1.0659
1627177835799000,1,727.81850000,1.0679
1627177870305000,1,852.18792000,1.0668
1627177871381000,1,250.00000000,1.0658
1627177871549000,0,180.88416678,1.0656
1627177873410000,0,54.80428000,1.0656
1627177895223000,1,512.00000000,1.0612
1627177895223000,1,105.54652478,1.0612
1627177895650000,1,23.29502595,1.0601
1627177895650000,1,1576.65397738,1.0601
1627177895650000,1,195.34602262,1.0601
1627177895744000,1,665.48908000,1.0584
1627177895744000,1,936.71503218,1.0568
1627177896090000,1,708.03765980,1.0568
1627177897872000,0,397.37749927,1.0575
1627177897872000,0,410.21921832,1.0577
1627177897872000,0,133.85104241,1.0580
1627177905398000,0,23.58201400,1.0579
1627177912184000,0,23.62993600,1.0558
1627177912640000,0,655.12971400,1.0558
1627177913755000,1,408.13944366,1.0551
1627177913755000,1,71.65028683,1.0549
1627177913813000,0,433.86665951,1.0549
1627177914828000,0,413.54466669,1.0564
1627177919956000,0,23.67962400,1.0574
1627177922917000,0,744.77335000,1.0539
1627177934838000,0,665.87593999,1.0556
1627177935767000,1,391.44804555,1.0555
1627177935956000,0,307.81743445,1.0554
1627178004969000,1,747.80074000,1.0547
1627178047900000,0,1000.00000000,1.0574
1627178075632000,1,630.06757000,1.0533
1627178107630000,1,1000.00000000,1.0498
1627178112248000,0,23.72321600,1.0533
1627178148067000,0,23.77013300,1.0518
1627178172068000,1,718.13189000,1.0486
1627178174274000,0,71.04045669,1.0478
1627178174274000,0,409.06715043,1.0479
1627178180123000,0,23.82949500,1.0513
1627178189056000,1,86.30380675,1.0488
1627178189146000,1,1000.00000000,1.0471
1627178190978000,0,129.80962648,1.0463
1627178199227000,1,98.85746776,1.0464
1627178200244000,1,722.21191000,1.0447
1627178210760000,0,23.91978300,1.0454
1627178228001000,0,59.62243408,1.0457
1627178230575000,0,920.60843000,1.0475
1627178232100000,1,402.57250394,1.0477
1627178232100000,1,56.64538947,1.0474
1627178232169000,0,510.09232658,1.0472
1627178232619000,1,381.37225451,1.0452
1627178255624000,0,137.23155576,1.0445
1627178266811000,1,88.38186623,1.0438
1627178266811000,1,911.61813377,1.0435
1627178269504000,0,33.00418417,1.0449
1627178285934000,0,141.90746209,1.0445
1627178291267000,0,23.95026000,1.0432
1627178299292000,1,200.00000000,1.0418
1627178312649000,0,23.97529600,1.0450
1627178317910000,1,396.12843829,1.0440
1627178317910000,1,390.23634057,1.0439
1627178317910000,1,399.14414174,1.0436
1627178317970000,0,1000.00000000,1.0436
1627178346933000,1,882.50262000,1.0417
1627178348278000,0,396.71683705,1.0421
1627178348356000,1,391.50310295,1.0421
1627178384977000,0,533.12837808,1.0422
1627178391888000,0,0.00000001,1.0422
1627178397168000,0,1000.00000000,1.0441
1627178432677000,0,176.02470400,1.0450
1627178432677000,0,249.99999999,1.0453
1627178616539000,0,217.99169272,1.0516
1627178616539000,0,396.12892555,1.0517
1627178616539000,0,416.57387322,1.0522
1627178616539000,0,512.00000000,1.0522
1627178616539000,0,1153.83732785,1.0525
1627178651377000,1,621.76540000,1.0485
1627178653136000,0,394.32522953,1.0481
1627178653136000,0,255.18304096,1.0484
1627178657038000,1,240.23640630,1.0481
1627178697991000,0,922.89335000,1.0434
1627178699926000,0,805.18346000,1.0433
1627178746935000,0,1000.00000000,1.0446
1627178747131000,0,250.00000000,1.0446
1627178748006000,0,512.56628000,1.0446
1627178791826000,1,680.56296999,1.0472
1627178792925000,1,631.86326000,1.0473
1627178792925000,1,0.00000001,1.0472
1627178795646000,0,280.81000485,1.0479
1627178932911000,0,512.00000000,1.0510
1627178941931000,1,250.04190593,1.0500
1627179033912000,0,182.42181651,1.0506
1627179069054000,0,512.00000000,1.0536
1627179107902000,0,400.00000000,1.0550
1627179159509000,1,756.28440000,1.0477
1627179159509000,1,84.13503944,1.0475
1627179183320000,1,412.01791198,1.0484
1627179189661000,0,409.24654973,1.0500
1627179251466000,1,223.09682634,1.0501
1627179251466000,1,564.79876573,1.0500
1627179298214000,0,147.53111759,1.0509
1627179309991000,0,802.46746000,1.0522
1627179376132000,0,961.95989000,1.0554
1627179397098000,1,728.70686000,1.0518
1627179431174000,1,1000.00000000,1.0546
1627179477992000,1,189.90188843,1.0550
1627179602188000,0,410.26047090,1.0572
1627179609635000,0,891.99478000,1.0583
1627179610738000,0,202.96545777,1.0592
1627179610738000,0,250.00000000,1.0593
1627179654319000,0,143.17471628,1.0603
1627179654461000,0,721.23955000,1.0614
1627179654461000,0,278.76045000,1.0618
1627179654587000,0,203.38472260,1.0618
1627179659273000,0,1114.86402000,1.0637
1627179660506000,0,179.25959556,1.0647
1627179660567000,0,250.00000000,1.0647
1627179663395000,1,94.57676409,1.0654
1627179664665000,0,112.14808540,1.0647
1627179664665000,0,280.35121048,1.0661
1627179665456000,0,31.91828919,1.0681
1627179681928000,0,393.84756008,1.0672
1627179681957000,0,162.33100671,1.0675
1627179681972000,0,407.13566990,1.0676
1627179696985000,0,58.24703000,1.0698
1627179697373000,0,800.00000000,1.0700
1627179741765000,1,255.93763879,1.0705
1627179742216000,1,749.33374000,1.0671
1627179742801000,1,831.58640000,1.0662
1627179745262000,1,840.10964000,1.0659
1627179750257000,0,912.51753000,1.0660
1627179760645000,1,218.15713082,1.0679
1627179761270000,1,387.77305655,1.0685
1627179761353000,1,0.18125187,1.0685
1627179761353000,1,65.18716809,1.0684
1627179761353000,1,214.02514117,1.0682
1627179774164000,1,406.90581092,1.0673
1627179774164000,1,393.22749992,1.0670
1627179774164000,1,90.17900387,1.0667
1627179788681000,0,794.15684000,1.0664
1627179857570000,1,1000.00000000,1.0637
1627179857872000,1,511.99999999,1.0636
1627179857955000,1,0.00000001,1.0636
1627179857955000,1,371.47280826,1.0631
1627179858666000,1,724.03328000,1.0601
1627179860209000,0,250.48522667,1.0592
1627179860255000,1,586.89326332,1.0593
1627179861250000,1,0.00000001,1.0593
1627179861472000,1,194.08230168,1.0577
1627179861472000,1,250.00000000,1.0573
1627179866269000,0,698.13524000,1.0611
1627179870444000,0,244.09170912,1.0598
1627179870444000,0,236.01602057,1.0600
1627179871520000,0,356.15503467,1.0608
1627179871584000,1,331.31324902,1.0612
1627179871602000,1,551.50772711,1.0612
1627179910309000,0,753.45199000,1.0610
1627179915840000,0,1011.43682000,1.0625
1627179915859000,1,88.81925377,1.0635
1627179915917000,1,9419.05357725,1.0635
1627179916369000,0,629.68616999,1.0634
1627179934298000,1,1000.00000000,1.0653
1627179936328000,1,9.98848000,1.0653
1627179936435000,1,249.84921157,1.0643
1627179936499000,1,685.17655000,1.0653
1627179970113000,0,104.80784159,1.0646
1627179970157000,1,757.87452841,1.0648
1627179992829000,1,867.29315000,1.0610
1627179994277000,1,676.85999000,1.0612
1627180005407000,0,995.23706000,1.0597
1627180078769000,0,741.59623000,1.0596
1627180088972000,0,629.92395000,1.0596
1627180089362000,0,250.00000000,1.0611
1627180089970000,0,638.63807999,1.0635
1627180090032000,1,101.65915785,1.0619
1627180090032000,1,835.29376215,1.0609
1627180090479000,0,69.70484447,1.0632
1627180090588000,0,0.00000001,1.0632
1627180090971000,0,0.00000001,1.0635
1627180090971000,0,175.01342000,1.0636
1627180096489000,0,794.73261000,1.0645
1627180098161000,0,169.56985794,1.0653
1627180098481000,0,265.59394569,1.0653
1627180106835000,1,1000.00000000,1.0665
1627180111800000,0,97.72944695,1.0681
1627180224066000,1,133.68761781,1.0705
1627180225144000,1,1000.00000000,1.0674
1627180250861000,0,760.61841000,1.0681
1627180253046000,1,409.67350600,1.0687
1627180253046000,1,336.42368816,1.0686
1627180253046000,1,3.43711584,1.0684
1627180257466000,0,250.00000000,1.0702
1627180257466000,0,317.58673649,1.0704
1627180257905000,0,168.17026443,1.0704
1627180258671000,0,900.46753000,1.0730
1627180258756000,1,150.94845716,1.0698
1627180258756000,1,348.39182402,1.0690
1627180258756000,1,250.00000000,1.0689
1627180258756000,1,139.50391882,1.0688
1627180269078000,1,153.57805556,1.0723
1627180269342000,1,96.42193348,1.0723
1627180269342000,1,44.20459417,1.0723
1627180272926000,1,326.58370583,1.0723
1627180272926000,1,673.41629417,1.0722
1627180273491000,1,3.57581583,1.0722
1627180278579000,1,621.78668000,1.0713
1627180281315000,1,311.43285114,1.0701
1627180319868000,1,661.11285999,1.0684
1627180320306000,1,0.00000001,1.0684
1627180320306000,1,406.48620986,1.0683
1627180321095000,1,250.00000000,1.0673
1627180321927000,0,176.99687307,1.0668
1627180321927000,0,158.80291571,1.0674
1627180322269000,1,557.45459122,1.0681
1627180331584000,0,627.32998999,1.0685
1627180334820000,0,637.66728000,1.0683
1627180334820000,0,0.00000001,1.0685
1627180362548000,0,896.72734000,1.0666
1627180364958000,1,396.60942330,1.0704
1627180365082000,0,271.29305916,1.0700
1627180365508000,1,228.70692984,1.0700
1627180370211000,0,696.54838000,1.0699
1627180400479000,1,984.38546000,1.0731
1627180408428000,0,405.52139699,1.0716
1627180408428000,0,409.51955234,1.0720
1627180408476000,1,127.98942067,1.0720
1627180692928000,0,698.16936000,1.0683
1627180692928000,0,301.83064000,1.0685
1627180694667000,1,404.45392499,1.0682
1627180702158000,1,966.28545999,1.0653
1627180756075000,1,1000.00000000,1.0631
1627180905846000,0,219.30661009,1.0658
1627180905894000,1,780.69338991,1.0663
1627180906853000,0,1000.00000000,1.0661
1627180941931000,1,617.55372000,1.0629
1627180941931000,1,293.97573599,1.0626
1627180943689000,1,922.63874000,1.0626
1627181030032000,0,1000.00000000,1.0633
1627181031139000,0,640.80817836,1.0633
1627181156593000,1,1000.00000000,1.0650
1627181158153000,1,750.37058133,1.0650
1627181216126000,0,319.30831505,1.0660
1627181216126000,0,680.69168495,1.0662
1627181217434000,0,7.67268505,1.0662
1627181218377000,1,413.60958007,1.0669
1627181218434000,0,416.71260993,1.0665
1627181301672000,1,1000.00000000,1.0695
1627181322312000,1,158.21900966,1.0698
1627181322312000,1,389.18104847,1.0696
1627181322312000,1,397.95612830,1.0692
1627181322312000,1,1725.42981270,1.0680
1627181322312000,1,1402.00884450,1.0679
1627181322312000,1,6527.20515637,1.0679
1627181375003000,1,146.75342466,1.0680
1627181375098000,1,250.28557384,1.0680
1627181381218000,0,428.57660642,1.0680
1627181386226000,0,1000.00000000,1.0688
1627181538357000,0,661.29880000,1.0718
1627181542768000,0,250.31249067,1.0725
1627181543021000,0,474.41944933,1.0725
1627181544605000,1,131.84355594,1.0742
1627181584506000,1,880.00112000,1.0754
1627181584506000,1,95.92082435,1.0753
1627181585111000,1,258.82973652,1.0749
1627181585306000,1,249.99998904,1.0741
1627181588356000,0,51.28083000,1.0757
1627181589862000,0,146.69415000,1.0757
1627181590525000,0,134.57709000,1.0757
1627181591041000,0,128.01311000,1.0757
1627181591950000,0,285.62132000,1.0757
1627181592914000,0,512.00000000,1.0778
1627181625593000,1,627.84536000,1.0705
1627181627552000,1,616.73144000,1.0698
1627181628928000,0,401.65631442,1.0692
1627181640789000,0,209.64634591,1.0694
1627181640812000,0,0.00000001,1.0694
1627181640812000,0,260.23114733,1.0698
1627181641834000,0,963.58971000,1.0716
1627181643745000,1,311.77799357,1.0722
1627181643745000,1,512.00000000,1.0714
1627181643745000,1,62.86294643,1.0710
1627181648039000,0,889.65111000,1.0721
1627181737548000,1,324.01316104,1.0727
1627181835430000,0,992.50737000,1.0740
1627181880060000,1,289.28114312,1.0748
1627181888472000,0,275.51762261,1.0748
1627181985452000,1,288.37508074,1.0733
1627182001295000,0,265.00138877,1.0733
1627182083957000,0,78.25332381,1.0747
1627182083957000,0,171.74667619,1.0749
1627182164749000,0,780.83860000,1.0798
1627182164749000,0,398.79111094,1.0798
1627182176511000,1,249.99999999,1.0844
1627182177027000,0,31.56565658,1.0840
1627182177175000,1,352.87728853,1.0838
1627182177193000,1,317.31084279,1.0838
1627182177718000,1,798.28971999,1.0822
1627182177747000,0,31.56565658,1.0831
1627182178736000,1,0.00000001,1.0822
1627182178736000,1,141.57222638,1.0814
1627182178744000,1,0.00000002,1.0814
1627182184545000,0,65.12384000,1.0800
1627182184941000,0,65.12384000,1.0800
1627182186028000,0,45.67286874,1.0800
1627182187734000,0,58.14320000,1.0814
1627182188173000,0,58.14827000,1.0814
1627182192473000,0,75.87916000,1.0836
1627182194707000,0,75.61344000,1.0836
1627182198760000,0,59.56915000,1.0856
1627182199308000,0,59.56915000,1.0856
1627182199716000,0,68.65106000,1.0856
1627182200394000,0,68.63408000,1.0856
1627182202192000,0,47.72115000,1.0860
1627182202889000,0,82.22032000,1.0860
1627182203498000,0,90.67325000,1.0860
1627182204327000,0,92.08756000,1.0860
1627182205119000,0,92.63653000,1.0860
1627182205744000,0,159.93173000,1.0860
1627182206344000,0,160.02250000,1.0861
1627182206990000,0,159.99561000,1.0861
1627182209569000,0,133.31243000,1.0871
1627182210384000,0,116.68757000,1.0871
1627182210384000,0,16.57552000,1.0874
1627182211488000,0,65.74699000,1.0878
1627182212621000,0,97.67417000,1.0878
1627182213240000,0,97.48306000,1.0878
1627182214295000,0,98.43524000,1.0878
1627182215223000,0,31.47623545,1.0878
1627182215231000,0,247.73162500,1.0878
1627182215283000,0,96.51168000,1.0878
1627182215803000,0,31.47623545,1.0878
1627182216016000,0,122.31827000,1.0880
1627182218843000,1,713.44350000,1.0880
1627182220431000,1,184.08889647,1.0853
1627182220454000,1,414.64938312,1.0833
1627182228005000,1,414.99364255,1.0806
1627182231738000,0,384.66995694,1.0813
1627182231738000,0,296.61969306,1.0816
1627182231942000,0,272.14539654,1.0816
1627182231943000,0,112.52456040,1.0816
1627182236262000,1,23.95026000,1.0822
1627182236936000,1,23.97529600,1.0822
1627182240635000,1,115.16178652,1.0857
1627182240695000,1,0.00662841,1.0857
1627182240695000,1,134.83021496,1.0855
1627182261094000,0,627.23884000,1.0831
1627182278671000,0,249.99998914,1.0826
1627182322763000,0,250.11413925,1.0846
1627182323794000,0,459.47868075,1.0846
1627182513849000,1,512.00000000,1.0846
1627182518451000,1,875.06164000,1.0809
1627182522116000,1,960.81250000,1.0792
1627182531540000,0,996.08187000,1.0795
1627182549913000,1,404.87275442,1.0795
1627182549913000,1,372.24969050,1.0795
1627182553342000,0,152.07388819,1.0791
1627182553343000,0,88.84506689,1.0791
1627182553343000,0,63.22882130,1.0798
1627182553359000,0,88.84506690,1.0798
1627182556764000,1,384.18173808,1.0794
1627182556824000,0,531.66611192,1.0792
1627182867497000,1,172.12144184,1.0817
1627182982617000,1,1000.00000000,1.0783
1627182983786000,1,162.62768105,1.0778
1627182985188000,1,990.07086000,1.0768
1627182985873000,1,254.36813973,1.0763
1627182986274000,1,573.07502035,1.0763
1627182986966000,0,216.41060971,1.0761
1627182986966000,0,392.18852444,1.0763
1627182987862000,1,405.74896585,1.0764
1627183035122000,0,976.49698884,1.0770
1627183130969000,0,936.35988000,1.0775
1627183392202000,0,835.95768809,1.0785
1627183525190000,0,350.39358545,1.0789
1627183528573000,0,797.17869999,1.0812
1627183529109000,0,0.00000001,1.0812
1627183529109000,0,59.83441222,1.0819
1627183529109000,0,190.23670356,1.0825
1627183529402000,0,1000.00000000,1.0825
1627183529567000,0,164.06272562,1.0825
1627183545703000,1,944.51841000,1.0839
1627183547983000,0,386.05761591,1.0814
1627183547983000,0,102.13558125,1.0815
1627183547983000,0,73.85734760,1.0817
1627183547983000,0,282.88806524,1.0818
1627183550116000,0,219.25960347,1.0809
1627183550759000,1,384.48800756,1.0810
1627183550759000,1,31.70577046,1.0807
1627183551136000,0,31.70577046,1.0804
1627183552224000,0,122.64509991,1.0804
1627183552986000,1,154.53476549,1.0804
1627183552986000,1,21.62668995,1.0800
1627183553189000,1,249.99999999,1.0795
1627183555163000,1,1000.00000000,1.0806
1627183573583000,1,330.91943886,1.0801
1627183573631000,1,0.00000001,1.0801
1627183598064000,0,735.43634000,1.0793
1627183602067000,1,391.72625290,1.0791
1627183602067000,1,94.24205952,1.0789
1627183602158000,0,459.96861757,1.0788
1627183645943000,1,231.34652933,1.0789
1627183811419000,1,175.27097619,1.0798
1627183812508000,1,669.33001000,1.0769
1627183813423000,1,249.99998141,1.0756
1627183813886000,0,250.00000000,1.0770
1627183813943000,1,578.46200000,1.0774
1627183839425000,0,328.21253248,1.0717
1627183839425000,0,448.01141752,1.0718
1627183839665000,0,328.21253248,1.0718
1627183841079000,1,398.15461394,1.0740
1627183845925000,1,136.81979522,1.0743
1627183855960000,0,984.02108000,1.0754
1627183887368000,1,30.24932000,1.0760
1627183887709000,1,476.49300289,1.0753
1627183888923000,0,60.56430000,1.0755
1627183889818000,1,526.50127711,1.0753
1627183890462000,0,77.17186000,1.0752
1627183890851000,1,849.54396000,1.0737
1627183896303000,1,249.99998141,1.0764
1627183898848000,0,679.59524000,1.0780
1627183900137000,1,217.16257968,1.0778
1627183900193000,1,0.00403651,1.0778
1627183900193000,1,408.86588370,1.0778
1627183900252000,0,253.27369076,1.0775
1627183914597000,0,31.87759006,1.0748
1627183977982000,1,1000.00000000,1.0692
1627184002548000,0,383.36414383,1.0718
1627184002548000,0,266.09853617,1.0720
1627184003237000,0,383.36414383,1.0720
1627184191824000,0,339.52145462,1.0686
1627184191907000,0,660.47854538,1.0686
1627184283336000,1,1000.00000000,1.0670
1627184312270000,0,144.01593455,1.0695
1627184334678000,1,893.22645000,1.0680
1627184410961000,0,93.05269678,1.0709
1627184666162000,1,246.80616680,1.0670
1627184666162000,1,753.19383320,1.0670
1627184666274000,1,250.00000000,1.0670
1627184666558000,1,8596.80616680,1.0670
1627184669545000,1,272.59402537,1.0650
1627184669587000,1,392.07212463,1.0650
1627184669952000,1,212.46908000,1.0644
1627184669960000,1,203.38472260,1.0644
1627184838143000,0,271.26942385,1.0583
1627185438725000,0,1000.00000000,1.0569
1627185459829000,1,1000.00000000,1.0540
1627185486228000,0,1000.00000000,1.0544
1627185498747000,1,600.00000000,1.0540
1627185568833000,1,1000.00000000,1.0499
1627185570699000,0,404.23908061,1.0517
1627185572201000,0,885.43862000,1.0526
1627185573408000,0,848.92230000,1.0535
1627185602701000,1,200.42263605,1.0537
1627185602701000,1,799.57736395,1.0536
1627185605105000,1,990.03549000,1.0536
1627185605105000,1,9.96451000,1.0536
1627185618712000,0,622.41333999,1.0533
1627185620938000,0,945.01148000,1.0532
1627185620938000,0,0.00000001,1.0533
1627185620938000,0,54.98851999,1.0536
1627185653519000,1,406.43155829,1.0535
1627185668062000,0,512.00000000,1.0560
1627185963779000,1,671.89036999,1.0602
1627186055556000,0,1000.00000000,1.0623
1627186145601000,0,785.51149000,1.0687
1627186146077000,0,1000.00000000,1.0698
1627186390017000,1,512.00000000,1.0664
1627186390203000,1,151.13532837,1.0660
1627186390734000,1,727.39514999,1.0647
1627186390768000,1,0.00000001,1.0647
1627186391082000,1,1000.00000000,1.0630
1627186392003000,0,392.10610344,1.0633
1627186392003000,0,405.81619197,1.0635
1627186392003000,0,89.53467459,1.0638
1627186392108000,1,168.73153000,1.0630
1627186392204000,1,265.95616792,1.0627
1627186393121000,0,254.54814377,1.0622
1627186393303000,0,314.81241424,1.0626
1627186405153000,1,401.71632582,1.0616
1627186405164000,1,0.00199282,1.0616
1627186405164000,1,189.40722230,1.0613
1627186430535000,1,118.36575912,1.0604
1627186430535000,1,131.70610861,1.0602
1627186430535000,1,180.68030391,1.0599
1627186434726000,0,357.18604549,1.0581
1627186434726000,0,249.99999999,1.0584
1627186440045000,0,648.21613000,1.0574
1627186447360000,1,655.93532000,1.0604
1627186469165000,0,1000.00000000,1.0636
1627186514972000,1,834.59353000,1.0646
1627186514972000,1,165.40647000,1.0646
1627186515192000,1,486.09464000,1.0646
1627186517389000,0,331.12212287,1.0626
1627186517389000,0,250.00000000,1.0627
1627186517951000,0,512.00000000,1.0643
1627186518089000,1,124.94957000,1.0649
1627186530851000,1,396.33910664,1.0609
1627186531439000,1,281.81690120,1.0608
1627186532572000,0,117.03958000,1.0577
1627186544125000,0,628.48566000,1.0564
1627186574018000,0,703.81384000,1.0556
1627186602326000,0,877.94934000,1.0563
1627186602326000,0,316.74430585,1.0565
1627186603927000,1,250.00000000,1.0571
1627186604106000,0,536.04419000,1.0569
1627186644635000,0,88.11368000,1.0621
1627186645283000,0,88.06412000,1.0621
1627186778383000,1,966.82687000,1.0629
1627186792680000,1,512.00000000,1.0606
1627186814098000,0,630.83458000,1.0646
1627186814098000,0,124.13230701,1.0649
1627186814098000,0,139.01672683,1.0649
1627186932704000,0,732.87801000,1.0685
1627186934373000,1,148.82636004,1.0709
1627186934373000,1,250.00000000,1.0698
1627186935229000,0,403.51239081,1.0693
1627186935697000,0,142.21849915,1.0693
1627186935697000,0,68.82512294,1.0705
1627186935800000,0,55.33691619,1.0705
1627186937574000,1,250.00000000,1.0727
1627186937631000,0,718.21773000,1.0694
1627186937719000,0,249.99067791,1.0727
1627186938318000,1,212.46905881,1.0727
1627186938980000,0,1284.80828000,1.0761
1627186944480000,1,138.94868047,1.0824
1627186944703000,1,209.01952320,1.0824
1627186947803000,0,403.17124320,1.0853
1627186952856000,1,563.52836633,1.0824
1627186961696000,0,47.32660000,1.0811
1627186962818000,0,47.31138000,1.0805
1627186963236000,0,171.03424000,1.0805
1627186964075000,0,171.59103000,1.0811
1627186965616000,0,512.00000000,1.0832
1627186968061000,0,55.15421000,1.0844
1627186969000000,0,49.15667000,1.0844
1627186972860000,0,374.49859376,1.0872
1627186973497000,1,118.39660277,1.0848
1627186973525000,0,312.74671780,1.0843
1627186973926000,1,249.99999999,1.0838
1627186974011000,1,0.00000001,1.0838
1627186974379000,0,63.47903265,1.0843
1627186974379000,0,412.85235918,1.0849
1627186974379000,0,250.00000000,1.0855
1627186974379000,0,386.76411960,1.0855
1627186974525000,1,663.91791857,1.0855
1627186974792000,0,112.57899000,1.0855
1627186975474000,0,401.15734440,1.0834
1627186975474000,0,399.02204752,1.0837
1627186975474000,0,101.92876808,1.0839
1627186976840000,0,500.95081560,1.0829
1627186976840000,0,401.15734440,1.0831
1627186977011000,0,1000.00000000,1.0855
1627186978085000,0,664.23863907,1.0855
1627186979428000,0,392.41161642,1.0875
1627186979428000,0,270.32099358,1.0877
1627186980138000,0,250.00000000,1.0880
1627186980138000,0,393.82931000,1.0886
1627186981002000,0,500.08390198,1.0889
1627186982672000,0,1000.00000000,1.0895
1627186984079000,0,405.20131870,1.0892
1627186991698000,1,315.35063958,1.0890
1627186992106000,1,387.02783012,1.0892
1627186992106000,1,94.89205848,1.0890
1627186992668000,1,268.52260605,1.0873
1627186992739000,1,0.00610380,1.0873
1627186992739000,1,249.98238915,1.0863
1627187004918000,1,23.91978300,1.0821
1627187006646000,1,253.36155034,1.0821
1627187006705000,1,0.00831573,1.0821
1627187006705000,1,401.53344491,1.0819
1627187015572000,0,429.91725016,1.0764
1627187015634000,0,0.17765475,1.0764
1627187015634000,0,224.64729751,1.0770
1627187016298000,1,31.82686188,1.0764
1627187016363000,0,300.76425296,1.0759
1627187019543000,0,244.27368015,1.0758
1627187019553000,1,182.75917672,1.0763
1627187025604000,1,364.32013818,1.0769
1627187025624000,1,0.00413328,1.0769
1627187025624000,1,391.83089529,1.0765
1627187026206000,0,133.88650914,1.0762
1627187026206000,0,392.50322999,1.0762
1627187043127000,1,52.58785296,1.0746
1627187043608000,1,295.32767084,1.0743
1627187043637000,0,228.72246781,1.0739
1627187044205000,0,23.14480651,1.0739
1627187045702000,1,46.59984700,1.0742
1627187047825000,1,90.81483631,1.0744
1627187047825000,1,299.12555118,1.0736
1627187064688000,0,148.87947111,1.0724
1627187064736000,0,250.00000000,1.0725
1627187065365000,0,1379.58126999,1.0733
1627187086561000,0,293.30120030,1.0766
1627187092554000,1,225.13034368,1.0793
1627187092718000,1,481.06834632,1.0793
1627187103807000,0,31.86743150,1.0761
1627187104530000,0,398.31102614,1.0758
1627187104550000,0,260.91538192,1.0757
1627187104550000,0,0.17708499,1.0758
1627187104550000,0,84.63729728,1.0758
1627187106655000,0,393.88156194,1.0761
1627187106670000,0,310.27621064,1.0761
1627187111000000,1,1252.30416999,1.0743
1627187111004000,1,0.00000001,1.0743
1627187111004000,1,294.33332534,1.0740
1627187112262000,0,48.15291000,1.0738
1627187113615000,0,48.13388000,1.0745
1627187125794000,0,835.01029000,1.0725
1627187212281000,1,968.21771226,1.0694
1627187212281000,1,31.78228774,1.0694
1627187252892000,0,125.28202599,1.0644
1627187256312000,0,1000.00000000,1.0676
1627187259913000,0,900.45627000,1.0668
1627187443436000,1,258.41764873,1.0663
1627187475807000,0,324.94250794,1.0731
1627187476350000,0,520.13082206,1.0731
1627187478622000,1,250.00000000,1.0749
1627187478622000,1,318.94196204,1.0741
1627187478675000,0,365.02722796,1.0734
1627187478762000,0,109.42864423,1.0749
1627187479229000,0,0.00000001,1.0749
1627187479906000,0,954.29411000,1.0754
1627187489108000,0,210.25827157,1.0766
1627187489113000,1,386.40009132,1.0765
1627187491724000,1,647.23328000,1.0777
1627187491971000,1,822.47210000,1.0789
1627187498829000,1,646.74050999,1.0777
1627187498839000,1,0.00000001,1.0777
1627187500848000,0,89.53217100,1.0760
1627187500848000,0,646.74050998,1.0772
1627187500848000,0,163.70239902,1.0775
1627187513152000,1,989.45144000,1.0772
1627187516117000,1,787.93472000,1.0775
1627187531669000,1,808.52808000,1.0766
1627187531853000,0,249.99998144,1.0766
1627187531853000,0,196.44476911,1.0780
1627187531853000,0,0.00001856,1.0783
1627187535382000,0,429.12256398,1.0812
1627187563459000,1,382.11874682,1.0815
1627187564068000,1,1000.00000000,1.0816
1627187581487000,1,394.08377449,1.0811
1627187594064000,1,421.67733486,1.0785
1627187599316000,0,88.47002907,1.0790
1627187599555000,0,0.00000001,1.0790
1627187599555000,0,883.61438000,1.0791
1627187604403000,0,852.25213000,1.0811
1627187618909000,0,721.42019000,1.0831
1627187619148000,0,95.34577171,1.0831
1627187619148000,0,104.46638702,1.0837
1627187666982000,0,621.25730508,1.0858
1627187667141000,0,168.74032492,1.0858
1627187669638000,0,815.28224000,1.0862
1627187681746000,1,81.36510691,1.0858
1627187681746000,1,322.82241273,1.0855
1627187682029000,1,248.00278042,1.0837
1627187682807000,1,535.39270958,1.0837
1627187685346000,1,648.90778000,1.0836
1627187705475000,0,982.46645999,1.0868
1627187706944000,0,0.00000001,1.0868
1627187706944000,0,129.33003877,1.0871
1627187706944000,0,276.27745297,1.0874
1627187707889000,1,233.37580890,1.0880
1627187707951000,0,630.45293110,1.0873
1627187720350000,1,912.40731000,1.0840
1627187776168000,0,954.55927000,1.0837
1627187842180000,1,363.56982373,1.0831
1627187843129000,1,60.85173488,1.0813
1627187843822000,1,512.00000000,1.0792
1627187844665000,1,573.65201496,1.0790
1627187844881000,1,245.30233504,1.0790
1627187858891000,1,933.96917325,1.0730
1627187870899000,0,282.97363406,1.0742
1627187870899000,0,717.02636594,1.0747
1627187871207000,0,257.84491405,1.0747
1627187871682000,0,0.00000001,1.0747
1627187873076000,1,411.60153932,1.0754
1627187873076000,1,208.48726068,1.0752
1627187874198000,0,989.29867000,1.0756
1627187882448000,0,307.88786705,1.0773
1627187883201000,0,0.00000001,1.0773
1627187883201000,0,646.02562998,1.0791
1627187883311000,0,0.00000002,1.0791
1627187883311000,0,249.99997220,1.0792
1627187883720000,0,160.72265474,1.0787
1627187884621000,0,198.67403020,1.0791
1627187888157000,0,663.14778980,1.0791
1627187896213000,1,682.33473000,1.0836
1627187898226000,1,269.47608494,1.0825
1627187904401000,1,136.37758574,1.0819
1627187909150000,1,964.71411000,1.0828
1627187927670000,1,761.46095000,1.0831
1627187937021000,1,417.88841180,1.0833
1627187940048000,1,250.00000000,1.0811
1627187940048000,1,283.50744327,1.0807
1627187941253000,0,133.48763564,1.0806
1627187941263000,1,202.83750152,1.0812
1627187942124000,0,47.95657000,1.0822
1627187943010000,0,48.02542000,1.0822
1627187944052000,0,154.01799151,1.0822
1627187950292000,0,0.00000001,1.0822
1627187950292000,0,903.40815000,1.0842
1627187952940000,0,840.33118000,1.0828
1627187955707000,1,403.55786716,1.0832
1627187955707000,1,387.45669612,1.0831
1627188070209000,1,512.00000000,1.0775
1627188070384000,1,72.82901453,1.0769
1627188070384000,1,57.04528570,1.0769
1627188070411000,1,1596.40991549,1.0769
1627188071882000,1,753.38555000,1.0740
1627188072924000,0,388.99749125,1.0735
1627188072924000,0,65.82637205,1.0735
1627188083537000,1,391.36140905,1.0744
1627188083595000,0,475.58820095,1.0743
1627188107211000,0,660.35852999,1.0753
1627188109953000,1,1018.82965000,1.0753
1627188141062000,0,298.57341664,1.0781
1627188141084000,0,385.33624336,1.0781
1627188141084000,0,325.37653829,1.0785
1627188142146000,1,250.00000000,1.0795
1627188143763000,0,406.96890370,1.0794
1627188144317000,0,250.00000000,1.0794
1627188155817000,0,31.94888180,1.0770
1627188158813000,0,31.87759006,1.0805
1627188158917000,0,397.00350654,1.0802
1627188159238000,0,190.21357986,1.0795
1627188159253000,0,0.16096849,1.0795
1627188183472000,0,31.88775511,1.0804
1627188184030000,1,911.39903000,1.0798
1627188184444000,1,110.93243285,1.0798
1627188185099000,1,186.44138874,1.0782
1627188186213000,0,239.08096662,1.0779
1627188186213000,0,69.50763338,1.0796
1627188187052000,0,166.74095754,1.0804
1627188187841000,0,302.14284232,1.0808
1627188188808000,1,697.85715768,1.0814
1627188189693000,0,696.84523000,1.0804
1627188190789000,1,852.87497000,1.0794
1627188198619000,0,116.18727072,1.0772
1627188198619000,0,134.21691612,1.0772
1627188214931000,1,394.16721516,1.0787
1627188216921000,1,404.97905313,1.0789
1627188234211000,0,198.76655736,1.0796
1627188234325000,0,51.23344264,1.0796
1627188234325000,0,244.15765383,1.0796
1627188234369000,0,677.65907617,1.0796
1627188235245000,1,107.12659000,1.0819
1627188235437000,0,400.34939180,1.0819
1627188282279000,1,106.94940009,1.0818
1627188282279000,1,353.43310075,1.0817
1627188282691000,0,1000.00000000,1.0828
1627188283974000,1,249.99999999,1.0796
1627188284778000,0,55.75136000,1.0824
1627188302910000,0,973.48732488,1.0820
1627188313161000,0,781.82950000,1.0814
1627188315140000,1,242.85887449,1.0823
1627188315140000,1,459.27619551,1.0822
1627188336681000,1,512.00000000,1.0773
1627188342189000,0,126.06938083,1.0734
1627188342349000,1,98.40843160,1.0716
1627188342349000,1,710.91402000,1.0716
1627188353522000,0,255.61422799,1.0768
1627188353677000,1,162.89475150,1.0773
1627188366704000,0,895.64568000,1.0761
1627188380447000,0,182.81284628,1.0775
1627188381131000,0,744.08323372,1.0775
1627188382687000,1,239.40869721,1.0785
1627188667209000,1,325.85756930,1.0806
1627188889418000,0,172.49244012,1.0781
1627188916636000,0,32.00000001,1.0742
1627188918747000,0,32.00000001,1.0742
1627188919338000,0,32.00000001,1.0742
1627188922097000,0,32.00000001,1.0738
1627188922798000,0,32.00000001,1.0738
1627188923375000,0,32.00000001,1.0738
1627188960609000,1,1000.00000000,1.0722
1627188973930000,0,174.71892381,1.0741
1627188973930000,0,677.08394000,1.0743
1627188975939000,1,75.28107619,1.0748
1627189058492000,0,1618.61384208,1.0725
1627189090724000,1,250.08592314,1.0706
1627189090724000,1,221.87568813,1.0701
1627189091725000,1,778.86508000,1.0690
1627189095156000,1,848.77553000,1.0690
1627189097959000,1,986.87432000,1.0689
1627189102803000,0,848.83221000,1.0686
1627189102803000,0,128.33541615,1.0686
1627189111404000,0,1000.00000000,1.0694
1627189130111000,0,915.83764000,1.0673
1627189151542000,0,842.21403000,1.0670
1627189246890000,1,754.22949000,1.0717
1627189248466000,0,512.00000000,1.0732
1627189261855000,1,1000.00000000,1.0711
1627189262204000,1,14.79816000,1.0711
1627189262204000,1,211.44897368,1.0707
1627189262416000,1,443.96463975,1.0704
1627189263072000,1,440.41141025,1.0704
1627189264030000,0,77.15085862,1.0695
1627189264030000,0,250.00000000,1.0708
1627189264030000,0,608.74972138,1.0713
1627189284259000,0,975.30700000,1.0694
1627189330427000,0,669.40257999,1.0693
1627189336769000,0,487.16196288,1.0697
1627189336832000,0,426.40401712,1.0697
1627189336901000,0,97.60499286,1.0707
1627189336901000,0,250.00000000,1.0709
1627189336901000,0,652.39500714,1.0709
1627189337805000,0,250.06610080,1.0709
1627189338120000,1,836.69098000,1.0707
1627189338672000,0,29.05617206,1.0709
1627189346075000,0,619.90106000,1.0722
1627189372074000,0,194.49247519,1.0747
1627189379315000,1,250.00000000,1.0728
1627189379315000,1,274.39437610,1.0725
1627189380185000,0,32.02049313,1.0732
1627189380470000,0,53.89452145,1.0732
1627189387924000,1,657.13250000,1.0748
1627189402739000,1,249.99998903,1.0725
1627189402739000,1,426.09600364,1.0725
1627189415657000,0,250.00000000,1.0715
1627189473696000,1,156.43658565,1.0758
1627189473696000,1,78.55163439,1.0753
1627189497280000,1,250.08831571,1.0716
1627189497840000,1,784.13665999,1.0702
1627189498099000,1,0.00000001,1.0702
1627189498099000,1,66.84073197,1.0697
1627189498188000,1,183.37308803,1.0697
1627189499193000,0,412.60717484,1.0683
1627189499193000,0,109.16308446,1.0684
1627189499347000,1,279.01856070,1.0699
1627189501231000,1,643.53388000,1.0676
1627189501231000,1,118.02453420,1.0676
1627189502319000,1,1000.00000000,1.0662
1627189503356000,1,871.75190000,1.0659
1627189510142000,1,96.20619362,1.0667
1627189510381000,0,109.28699815,1.0656
1627189514170000,0,915.34728000,1.0638
1627189515930000,0,353.06393621,1.0689
1627189515935000,1,130.87204905,1.0695
1627189516660000,1,243.60853948,1.0695
1627189517136000,1,111.50180023,1.0697
1627189517152000,1,88.45002331,1.0697
1627189517152000,1,307.79600110,1.0696
1627189518776000,0,213.76909982,1.0691
1627189519165000,1,410.45292907,1.0686
1627189519267000,1,0.00210941,1.0686
1627189519267000,1,393.75970888,1.0686
1627189526423000,1,118.02450091,1.0689
1627189534802000,1,139.63055199,1.0666
1627189534920000,0,511.99999999,1.0665
1627189536399000,1,139.63053047,1.0665
1627189536601000,1,0.00000001,1.0665
1627189540331000,0,688.54401000,1.0651
1627189544802000,1,688.37209303,1.0651
1627189551825000,0,420.55423352,1.0669
1627189559963000,0,933.11152000,1.0679
1627189566903000,0,0.00000001,1.0691
1627189566903000,0,385.57926093,1.0695
1627189566917000,0,0.00000002,1.0695
1627189566967000,0,250.00000000,1.0706
1627189567201000,0,262.00000000,1.0706
1627189591881000,0,179.48783269,1.0742
1627189608329000,1,179.58655000,1.0742
1627189609444000,1,667.86962000,1.0731
1627189610072000,0,224.55279349,1.0736
1627189630445000,1,328.20787932,1.0733
1627189630445000,1,671.79212068,1.0733
1627189631745000,1,307.00514932,1.0733
1627189634863000,1,942.38717000,1.0717
1627189636985000,1,193.76569665,1.0705
1627189637490000,1,457.29155335,1.0705
1627189645236000,1,0.00000001,1.0685
1627189667070000,0,852.05888000,1.0669
1627189676355000,1,415.74974921,1.0674
1627189676416000,0,424.77616078,1.0674
1627189679270000,0,758.14439000,1.0675
1627189690978000,0,790.01519000,1.0676
1627189807337000,1,313.57185206,1.0648
1627189826349000,0,708.20225000,1.0654
1627189848555000,0,403.85705637,1.0648
1627190042353000,1,860.99093000,1.0670
1627190042353000,1,67.77811485,1.0668
1627190169417000,0,175.74148850,1.0698
1627190169417000,0,824.25851150,1.0703
1627190202584000,0,250.00000000,1.0752
1627190204672000,0,938.31507999,1.0758
1627190204694000,0,0.00000001,1.0758
1627190206727000,1,367.27245541,1.0763
1627190206727000,1,250.31057360,1.0762
1627190237957000,1,631.19285000,1.0730
1627190277255000,1,643.21491000,1.0739
1627190277255000,1,253.37050053,1.0738
1627190283144000,0,80.62355122,1.0754
1627190283242000,1,400.56799347,1.0753
1627190283647000,1,226.65491548,1.0753
1627190293951000,1,196.38966700,1.0766
1627190397315000,1,990.48706000,1.0754
1627190397315000,1,9.51294000,1.0753
1627190397784000,1,331.98260041,1.0744
1627190398002000,0,250.00000000,1.0744
1627190398217000,1,679.75981000,1.0747
1627190435697000,0,720.77911000,1.0698
1627190435935000,0,401.24346358,1.0713
1627190436028000,0,370.72975642,1.0713
1627190436028000,0,416.81377127,1.0722
1627190441547000,1,239.60902576,1.0719
1627190449174000,0,714.66640000,1.0763
1627190458638000,0,167.82229379,1.0773
1627190464841000,1,763.94740000,1.0764
1627190472969000,0,1000.00000000,1.0780
1627190474751000,1,928.33032000,1.0779
1627190493600000,1,797.99477000,1.0785
1627190493649000,1,344.96692162,1.0781
1627190519975000,1,625.87453000,1.0778
1627190519975000,1,130.40543939,1.0776
1627190520993000,1,905.63069000,1.0777
1627190527241000,1,272.62621571,1.0760
1627190542298000,1,387.09977144,1.0763
1627190542389000,1,318.96960292,1.0767
1627190548262000,1,305.50291681,1.0765
1627190548386000,1,0.00071723,1.0765
1627190548386000,1,109.85407320,1.0765
1627190548386000,1,0.19453992,1.0763
1627190548386000,1,94.58553928,1.0762
1627190548386000,1,157.98349873,1.0761
1627190552175000,1,392.38210386,1.0739
1627190552235000,0,479.20084614,1.0736
1627190561589000,1,109.85080728,1.0768
1627190568068000,1,415.09160335,1.0764
1627190568068000,1,127.77017788,1.0762
1627190583206000,1,742.94355000,1.0750
1627190584989000,0,97.88940168,1.0753
1627190584989000,0,408.96703882,1.0754
1627190585377000,1,360.70615950,1.0756
1627190645580000,1,348.26809372,1.0743
1627190645580000,1,651.73190628,1.0741
1627190646172000,1,142.05444371,1.0741
1627190646174000,1,0.00000001,1.0741
1627190671747000,1,390.14369939,1.0695
1627190671858000,0,616.10530060,1.0693
1627190671860000,0,0.00000001,1.0693
1627190705028000,1,408.26224375,1.0696
1627190751485000,0,963.23424000,1.0662
1627190759395000,0,738.84027000,1.0662
1627190803917000,0,744.26214000,1.0668
1627190803980000,1,255.73786000,1.0673
1627190820147000,0,408.26221752,1.0696
1627190825235000,0,0.00000001,1.0696
1627190825235000,0,165.52087520,1.0704
1627190888436000,1,1000.00000000,1.0708
1627190900339000,1,1000.00000000,1.0701
1627190947882000,0,142.05442848,1.0742
1627190947882000,0,512.00000000,1.0743
1627190958633000,0,250.00000000,1.0754
1627190960987000,0,676.34776000,1.0771
1627190960987000,0,120.49302089,1.0775
1627190962113000,1,342.65821297,1.0764
1627190992184000,1,989.76095000,1.0733
1627191064037000,0,775.60679000,1.0730
1627191079862000,0,740.09213000,1.0751
1627191081864000,1,176.73650369,1.0750
1627191121678000,1,1000.00000000,1.0719
1627191122736000,1,753.18219000,1.0708
1627191122736000,1,82.69385157,1.0705
1627191123888000,0,403.85378985,1.0707
1627191124448000,1,309.26540015,1.0707
1627191135524000,1,76.33173999,1.0709
1627191145904000,0,964.12506000,1.0723
1627191147881000,1,388.14732268,1.0732
1627191147942000,0,566.78817732,1.0732
1627191200388000,1,392.21735831,1.0747
1627191201479000,1,1000.00000000,1.0741
1627191212568000,1,384.26588003,1.0747
1627191212624000,0,566.37744997,1.0746
1627191382579000,0,854.77103999,1.0764
1627191407568000,0,250.10310629,1.0759
1627191617050000,0,385.65870719,1.0717
1627191617050000,0,207.51521509,1.0718
1627191619277000,1,415.76311753,1.0721
1627191619277000,1,326.55329247,1.0718
1627191619277000,1,257.68359000,1.0717
1627191668234000,1,178.68159858,1.0747
1627191668314000,1,520.34625965,1.0747
1627191668705000,1,391.56973456,1.0746
1627191761483000,1,1000.00000000,1.0731
1627191762628000,1,877.70942001,1.0730
1627191814920000,0,127.97511719,1.0714
1627191883513000,0,404.67881824,1.0724
1627191883513000,0,414.06291059,1.0726
1627191883570000,1,1000.00000000,1.0726
1627192127367000,0,512.00000000,1.0708
1627192152059000,0,250.00000000,1.0727
1627192152059000,0,700.42974929,1.0729
1627192152059000,0,49.57025071,1.0730
1627192153156000,0,1000.00000000,1.0738
1627192155934000,0,1000.00000000,1.0745
1627192166839000,0,356.60325105,1.0749
1627192186362000,1,178.68158043,1.0747
1627192186362000,1,262.58061447,1.0744
1627192187860000,1,621.84280000,1.0725
1627192194691000,1,292.79960531,1.0728
1627192194864000,1,1000.00000000,1.0713
1627192205295000,0,701.27350000,1.0749
1627192207169000,1,205.86143506,1.0740
1627192207169000,1,794.13856494,1.0732
1627192264110000,0,205.86141657,1.0740
1627192264110000,0,419.77392566,1.0742
1627192324735000,0,205.77185582,1.0740
1627192367848000,1,1000.00000000,1.0711
1627192368566000,1,201.34521388,1.0716
1627192368566000,1,48.65478612,1.0711
1627192368885000,1,586.02638316,1.0711
1627192368885000,1,209.71226946,1.0710
1627192369285000,0,88.60369402,1.0713
1627192369501000,1,161.39630598,1.0716
1627192369786000,0,250.00000000,1.0753
1627192369883000,1,181.60445654,1.0730
1627192369898000,0,900.75783000,1.0766
1627192370157000,1,1381.27137000,1.0773
1627192370556000,1,335.01909548,1.0773
1627192378985000,1,324.97174760,1.0775
1627192379188000,1,78.59680855,1.0775
1627192379188000,1,328.74571209,1.0775
1627192379256000,1,184.50182378,1.0775
1627192382006000,1,905.11637000,1.0808
1627192400781000,0,512.00000000,1.0794
1627192402982000,0,512.00000000,1.0820
1627192536612000,1,323.80670139,1.0831
1627192593480000,1,169.01522926,1.0776
1627192593492000,0,183.83751011,1.0771
1627192593548000,0,146.17891461,1.0771
1627192600188000,0,929.35249000,1.0801
1627192726977000,0,840.45429000,1.0798
1627192802525000,0,223.07285619,1.0770
1627192809254000,0,407.04023568,1.0758
1627192823109000,0,362.49831421,1.0749
1627192860891000,0,311.92165281,1.0755
1627192862021000,0,957.79792000,1.0776
1627193055708000,0,395.64378143,1.0780
1627193067695000,0,401.57369399,1.0781
1627193071042000,0,414.01713662,1.0780
1627193075868000,0,0.00002510,1.0780
1627193075868000,0,393.32736288,1.0780
1627193122989000,0,657.48933999,1.0802
1627193123204000,0,0.00000001,1.0802
1627193124455000,0,250.00000000,1.0830
1627193124887000,1,696.81436000,1.0836
1627193140589000,1,250.00000000,1.0830
1627193140589000,1,168.25839143,1.0830
1627193141845000,1,976.20163000,1.0829
1627193141845000,1,23.79837000,1.0824
1627193141985000,0,403.58780181,1.0824
1627193141985000,0,410.23443571,1.0828
1627193141985000,0,150.77551248,1.0830
1627193241602000,0,657.78411000,1.0849
1627193309907000,0,210.41211466,1.0827
1627193395078000,0,414.35387427,1.0830
1627193527956000,0,116.14832753,1.0811
1627193527978000,0,298.36570228,1.0812
1627193528537000,0,1693.03027563,1.0813
1627193528555000,0,0.00001944,1.0813
1627193528555000,0,299.63833986,1.0814
1627193528572000,0,0.00003817,1.0814
1627193528572000,0,293.42985616,1.0814
1627193580080000,1,418.02831705,1.0799
1627193995817000,0,859.31809000,1.0826
1627193998841000,0,250.00000000,1.0832
1627194012117000,0,338.00000000,1.0852
1627194012117000,0,662.00000000,1.0852
1627194186322000,1,1000.00000000,1.0847
1627194194132000,1,243.52069769,1.0833
1627194207350000,0,418.56740292,1.0816
1627194299419000,1,9233.13109833,1.0839
1627194409179000,0,1000.00000000,1.0837
1627194444691000,1,415.65958887,1.0845
1627194445892000,1,387.87041661,1.0844
1627194446483000,1,1000.00000000,1.0846
1627194446483000,1,389.19983777,1.0844
1627194447401000,0,992.35796000,1.0852
1627194461715000,0,86.74208885,1.0864
1627194461715000,0,55.02436349,1.0866
1627194464367000,0,352.08205580,1.0889
1627194465510000,0,66.64018407,1.0889
1627194478234000,1,1000.00000000,1.0890
1627194478446000,1,18.73376000,1.0890
1627194480286000,1,630.50306000,1.0892
1627194487803000,1,913.77844000,1.0893
1627194500823000,0,1000.00000000,1.0900
1627194501196000,0,600.00000000,1.0900
1627194505486000,1,383.79567867,1.0891
1627194505486000,1,616.20432133,1.0887
1627194505647000,1,58.78563867,1.0887
1627194507129000,0,250.00000000,1.0879
1627194507129000,0,107.81748119,1.0881
1627194507176000,1,638.14086881,1.0890
1627194507652000,1,141.59566741,1.0876
1627194507701000,1,215.40261192,1.0876
1627194513131000,0,879.13590000,1.0872
1627194530931000,1,512.00000000,1.0849
1627194533028000,0,722.01439000,1.0854
1627194534886000,1,151.35484124,1.0857
1627194534886000,1,386.68095196,1.0857
1627194534886000,1,387.85814680,1.0854
1627194607252000,0,983.27535000,1.0855
1627194608812000,1,176.49359232,1.0859
1627194620141000,0,89.64835836,1.0866
1627194754353000,1,1000.00000000,1.0870
1627194765900000,1,1000.00000000,1.0867
1627194808850000,0,992.96122000,1.0897
1627194849977000,0,415.09622884,1.0890
1627194850038000,1,1000.00000000,1.0890
1627194852103000,1,2626.97984234,1.0890
1627194876261000,0,367.94747026,1.0890
1627194876261000,0,386.67637610,1.0893
1627194876310000,1,1000.00000000,1.0895
1627194876494000,1,265.50520721,1.0895
1627194908109000,0,147.77629203,1.0900
1627194908296000,1,1871.66478837,1.0900
1627195105011000,0,977.88176000,1.0885
1627195191739000,0,910.04130000,1.0896
1627195192872000,0,401.99289676,1.0892
1627195192886000,0,519.64556324,1.0892
1627195267130000,1,192.04820971,1.0901
1627195300054000,1,182.45038405,1.0899
1627195400066000,1,1000.00000000,1.0888
1627195406090000,0,635.26649000,1.0910
1627195406090000,0,364.73351000,1.0912
1627195407854000,0,631.56839000,1.0906
1627195435894000,0,969.61137000,1.0929
1627195438467000,0,616.01419000,1.0934
1627195506339000,1,900.61241000,1.0925
1627195506339000,1,99.38759000,1.0922
1627195507957000,1,839.35743000,1.0920
1627195510413000,1,784.54090000,1.0910
1627195516944000,1,23.82949500,1.0911
1627195518919000,1,104.75012597,1.0916
1627195519028000,1,94.19070624,1.0917
1627195519028000,1,73.98126676,1.0916
1627195519100000,1,223.96453855,1.0916
1627195519100000,1,306.93033016,1.0913
1627195519127000,0,10.55678270,1.0916
1627195526193000,1,870.13330000,1.0921
1627195540306000,0,928.83413000,1.0905
1627195545441000,0,242.43107907,1.0904
1627195567841000,0,681.59398000,1.0910
1627195570373000,0,209.61173201,1.0913
1627195570465000,0,746.67247798,1.0913
1627195570476000,0,0.00000001,1.0913
1627195570706000,0,231.22857224,1.0929
1627195570706000,0,250.00000000,1.0932
1627195591651000,1,994.14832000,1.0936
1627195621565000,1,741.74626000,1.0945
1627195624982000,1,741.66000000,1.0934
1627195634094000,1,23.77013300,1.0930
1627195640800000,0,659.02545000,1.0942
1627195649421000,0,619.14084000,1.0943
1627195679620000,0,131.99130258,1.0941
1627195679620000,0,356.45732527,1.0945
1627195691908000,0,830.44264000,1.0949
1627195721725000,1,1000.00000000,1.0926
1627195734627000,0,385.28735203,1.0940
1627195734627000,0,243.50304337,1.0942
1627195734627000,0,421.33468188,1.0943
1627195734627000,0,1560.81691854,1.0943
1627195734627000,0,690.54042000,1.0943
1627195734627000,0,370.07975900,1.0947
1627195734627000,0,250.00000000,1.0954
1627195734627000,0,10969.00000000,1.0964
1627195734627000,0,512.00000000,1.0969
1627195734627000,0,4527.59315898,1.0988
1627195734702000,0,212.33850175,1.0939
1627195734705000,0,97.42797002,1.0939
1627195734707000,0,256.62126142,1.0939
1627195735285000,0,433.61226681,1.0939
1627195735738000,1,745.26811000,1.0946
1627195744980000,0,281.02620019,1.0954
1627195744985000,1,122.42938399,1.0959
1627195745036000,0,17.43246377,1.0953
1627195759326000,1,22.61152326,1.0926
1627195759326000,1,1.11169274,1.0926
1627195796292000,0,304.96408900,1.0954
1627195796292000,0,555.25199100,1.0954
1627195796366000,0,157.46277226,1.0954
1627195796370000,0,147.50131674,1.0954
1627195796488000,1,65.04829782,1.0963
1627195875709000,0,708.38666000,1.0972
1627195878167000,1,386.89569299,1.0973
1627195878167000,1,383.79092701,1.0970
1627195881303000,0,845.48806000,1.0983
1627195881472000,1,128.54869967,1.0986
1627195951666000,1,1000.00000000,1.0972
1627195952598000,0,75.26074320,1.0990
1627195952598000,0,250.00000000,1.1001
1627195952708000,0,250.00000000,1.1004
1627195953593000,0,1340.86937776,1.1004
1627195953830000,0,842.51411000,1.1010
1627195955416000,1,915.34229000,1.1029
1627195967016000,1,176.76109734,1.1116
1627195967016000,1,224.96090406,1.1112
1627195969338000,1,772.26755000,1.1112
1627195970372000,1,101.99777600,1.1059
1627195980305000,1,23.49712400,1.1080
1627195980937000,1,23.58201400,1.1080
1627195981497000,1,23.62993600,1.1080
1627195982811000,1,23.67962400,1.1092
1627195984649000,0,246.02031310,1.1123
1627195984959000,1,250.00000000,1.1124
1627195986869000,1,213.48789116,1.1121
1627196007423000,1,82.25364453,1.1117
1627196014537000,1,317.26546029,1.1116
1627196014537000,1,682.73453971,1.1111
1627196020261000,1,1000.00000000,1.1126
1627196031159000,0,42.13091000,1.1093
1627196035540000,1,23.37191300,1.1074
1627196036225000,1,23.40320000,1.1073
1627196036772000,1,23.46448400,1.1073
1627196049615000,0,792.33010000,1.1075
1627196049615000,0,113.72554130,1.1076
1627196049615000,0,93.94435870,1.1077
1627196055274000,1,404.58320605,1.1082
1627196055345000,0,344.58750395,1.1081
1627196077749000,0,587.18717441,1.1076
1627196078038000,1,170.76531198,1.1069
1627196080605000,0,178.82075559,1.1076
1627196080605000,0,789.34074000,1.1076
1627196094940000,0,1011.56839000,1.1110
1627196094940000,0,250.00000000,1.1123
1627196095024000,1,365.31760088,1.1129
1627196095110000,0,1000.00000000,1.1146
1627196103479000,0,3200.00000000,1.1150
1627196107638000,0,394.68105379,1.1174
1627196107690000,1,566.85871621,1.1176
1627196125204000,0,30.88326128,1.1152
1627196125742000,0,30.88326128,1.1152
1627196130491000,1,421.34972407,1.1156
1627196131520000,1,413.32144900,1.1153
1627196131520000,1,192.81301800,1.1152
1627196131520000,1,52.10678730,1.1149
1627196135948000,1,23.31741500,1.1154
1627196137309000,1,23.34463200,1.1151
1627196147236000,0,759.15711000,1.1169
1627196181251000,1,1000.00000000,1.1159
1627196195401000,0,153.21996358,1.1135
1627196214867000,0,704.45314000,1.1130
1627196214867000,0,213.74255667,1.1132
1627196222801000,1,394.42558876,1.1131
1627196222893000,0,249.97741124,1.1128
1627196276938000,0,660.24436811,1.1141
1627196279406000,0,168.78898000,1.1141
1627196310322000,0,706.52500000,1.1138
1627196310858000,1,219.72481760,1.1133
1627196311279000,0,510.82954240,1.1125
1627196313476000,0,1000.00000000,1.1124
1627196330339000,0,622.99666000,1.1138
1627196362353000,0,966.83741000,1.1134
1627196362353000,0,584.24237504,1.1147
1627196362354000,0,20.98162906,1.1147
1627196362354000,0,1530.09815598,1.1147
1627196362357000,0,256.86874512,1.1123
1627196362357000,0,1294.21103992,1.1147
1627196362423000,0,250.00000000,1.1154
1627196362423000,0,763.41721000,1.1166
1627196362435000,0,550.20364009,1.1213
1627196365117000,0,1106.23739000,1.1178
1627196365706000,1,898.80913000,1.1190
1627196382337000,1,1000.00000000,1.1210
1627196383109000,0,48.00705000,1.1194
1627196383149000,0,108.05327000,1.1194
1627196383623000,0,48.00702000,1.1202
1627196383722000,1,411.77886257,1.1186
1627196384392000,0,48.00389000,1.1197
1627196385238000,0,182.76964000,1.1202
1627196386091000,0,173.88128000,1.1197
1627196386893000,0,161.83323000,1.1197
1627196387363000,0,77.03358970,1.1197
1627196387363000,0,75.36469030,1.1197
1627196388087000,1,416.07230052,1.1208
1627196388087000,1,246.05767697,1.1206
1627196388087000,1,333.23691117,1.1204
1627196389183000,0,958.90626359,1.1221
1627196390155000,1,401.27413000,1.1186
1627196392224000,0,64.47535067,1.1223
1627196392873000,0,902.10816000,1.1235
1627196392960000,0,1000.00000000,1.1266
1627196394583000,1,23.26079100,1.1274
1627196394667000,1,226.73920900,1.1274
1627196395948000,1,23.29243200,1.1231
1627196396973000,1,249.99999999,1.1273
1627196397549000,0,90.47482000,1.1294
1627196398341000,0,92.37428000,1.1294
1627196398973000,0,254.62021587,1.1283
1627196398973000,0,18.81649413,1.1294
1627196410259000,0,331.12857510,1.1319
1627196410259000,0,639.27084240,1.1321
1627196413333000,1,359.25290811,1.1313
1627196420945000,1,219.97530334,1.1311
1627196424355000,1,221.78692007,1.1290
1627196424357000,0,275.45054057,1.1274
1627196424533000,0,397.23648936,1.1274
1627196429503000,1,23.02195400,1.1239
1627196430897000,1,23.05209800,1.1239
1627196431551000,1,23.12202900,1.1211
1627196432207000,1,23.15887000,1.1204
1627196434546000,0,352.49306334,1.1231
1627196434794000,0,54.11063016,1.1231
1627196434835000,1,101.61402089,1.1233
1627196458650000,0,703.66650000,1.1214
1627196458650000,0,252.61636455,1.1216
1627196465042000,0,736.79564000,1.1245
1627196465168000,1,30.48780000,1.1251
1627196465200000,1,250.00000000,1.1251
1627196472394000,0,30.74085461,1.1211
1627196490591000,1,357.57896079,1.1243
1627196494966000,0,823.39762000,1.1245
1627196544103000,0,659.54810999,1.1271
1627196544103000,0,0.00000001,1.1271
1627196544103000,0,246.63892998,1.1279
1627196547527000,1,207.60940850,1.1304
1627196553694000,0,111.45350375,1.1307
1627196558641000,0,213.41404093,1.1328
1627196558748000,0,250.00000000,1.1344
1627196558748000,0,257.39152958,1.1366
1627196570062000,1,222.91661654,1.1342
1627196570371000,1,415.48037346,1.1342
1627196571003000,0,170.64792429,1.1325
1627196669126000,1,8788.41232151,1.1382
1627196669652000,1,965.52357953,1.1382
1627196698696000,1,8791.42404872,1.1374
1627196701592000,1,945.11844000,1.1375
1627196712276000,0,856.32698000,1.1389
1627196713971000,1,183.59309773,1.1399
1627196713971000,1,568.09263227,1.1393
1627196730712000,1,686.57101999,1.1404
1627196730769000,1,0.00000001,1.1404
1627196731389000,0,30.33060359,1.1378
1627196732092000,0,289.41849808,1.1397
1627196732137000,1,512.18490191,1.1407
1627196732293000,1,0.00000001,1.1407
1627196737744000,0,1000.00000000,1.1400
1627196737986000,0,8000.00000000,1.1400
1627196755381000,0,852.36112320,1.1421
1627196756677000,0,161.84616797,1.1431
1627196760494000,0,659.01879000,1.1461
1627196762495000,1,110.61947000,1.1454
1627196782098000,1,53.94318243,1.1539
1627196782098000,1,283.29533912,1.1536
1627196786922000,1,570.58013088,1.1536
1627196789252000,1,953.89442000,1.1524
1627196791139000,1,434.30350813,1.1485
1627196792148000,1,501.60334187,1.1485
1627196793079000,0,250.00000000,1.1487
1627196793079000,0,60.52729629,1.1489
1627196793111000,1,62.08400582,1.1504
1627196793134000,1,139.42489093,1.1504
1627196793245000,1,189.23131696,1.1504
1627196795190000,1,727.48768000,1.1494
1627196795800000,1,407.42240898,1.1488
1627196795800000,1,99.22059934,1.1486
1627196798500000,1,22.52191400,1.1486
1627196799143000,1,22.69199700,1.1491
1627196799704000,1,22.73037200,1.1491
1627196801004000,1,22.76307300,1.1495
1627196801893000,1,62.75475223,1.1504
1627196801951000,0,781.36267777,1.1489
1627196802416000,1,22.84962200,1.1495
1627196803048000,1,22.87617600,1.1505
1627196803740000,1,22.91727800,1.1495
1627196804697000,1,22.97519600,1.1484
1627196806006000,1,22.99865700,1.1478
1627196809176000,0,384.77581185,1.1469
1627196809202000,0,623.53370815,1.1469
1627196816709000,1,119.99756854,1.1488
1627196816709000,1,300.29256292,1.1485
1627196880014000,1,26.06133653,1.1507
1627196894041000,1,217.47961368,1.1518
1627196896820000,0,216.38557730,1.1523
1627196898513000,0,768.79029000,1.1549
1627196898980000,1,250.00000000,1.1553
1627196899124000,0,538.47448000,1.1527
1627196909983000,1,379.84402475,1.1599
1627196917880000,0,250.00000000,1.1621
1627196917992000,0,97.43186050,1.1621
1627196918237000,0,256.32808895,1.1620
1627196918237000,0,162.42747105,1.1621
1627196923920000,1,723.74390000,1.1611
1627196924591000,1,214.28654971,1.1598
1627196924626000,1,0.00000001,1.1598
1627196925565000,1,169.28312684,1.1597
1627196928291000,1,843.95293000,1.1598
1627196929863000,0,402.78689573,1.1583
1627196929911000,1,516.70926426,1.1583
1627196929935000,1,0.00000001,1.1583
1627196932851000,1,987.52802000,1.1571
1627196937263000,0,415.64556622,1.1577
1627196941424000,1,165.71797136,1.1577
1627196954811000,1,393.86706510,1.1561
1627196956865000,1,385.34359024,1.1559
1627196957481000,1,180.66673054,1.1549
1627196966715000,0,204.98278363,1.1539
1627196966715000,0,795.01721637,1.1544
1627196966872000,1,22.33099900,1.1532
1627196967936000,1,22.35936000,1.1532
1627196968502000,1,22.43842900,1.1532
1627196969097000,1,22.47776900,1.1532
1627197033841000,0,886.38616000,1.1528
1627197034922000,1,250.00000000,1.1527
1627197034922000,1,157.63935698,1.1527
1627197037053000,0,250.00000000,1.1521
1627197039191000,0,250.00000000,1.1521
1627197046696000,0,167.30277228,1.1535
1627197046895000,1,351.15764772,1.1537
1627197090625000,0,217.45875240,1.1567
1627197125266000,0,91.99974218,1.1576
1627197125266000,0,357.40478935,1.1581
1627197142782000,0,208.60278411,1.1570
1627197144117000,1,512.00000000,1.1542
1627197153142000,0,396.65160050,1.1546
1627197155516000,0,325.20378950,1.1546
1627197156814000,1,297.79657306,1.1574
1627197156919000,0,687.11816694,1.1544
1627197157420000,1,216.04743194,1.1568
1627197157420000,1,250.00000000,1.1562
1627197157491000,0,203.27727653,1.1555
1627197158896000,0,108.59907153,1.1555
1627197161969000,0,43.45919326,1.1569
1627197161984000,0,759.21672674,1.1569
1627197161991000,0,166.44128730,1.1575
1627197162547000,1,250.00000000,1.1588
1627197163142000,0,102.61146892,1.1582
1627197172797000,0,102.43047317,1.1621
1627197174454000,1,22.26358300,1.1610
1627197178341000,0,250.00000000,1.1621
1627197178402000,0,1158.12174657,1.1621
1627197184182000,1,288.74856937,1.1650
1627197187964000,1,125.09018594,1.1653
1627197203813000,0,142.61335756,1.1683
1627197203838000,0,250.00000000,1.1721
1627197203838000,0,1230.06106798,1.1721
1627197203935000,0,285.24759549,1.1721
1627197203935000,0,512.00000000,1.1725
1627197203935000,0,72.58741413,1.1745
1627197205355000,0,250.00000000,1.1764
1627197207591000,0,250.00000000,1.1764
1627197210213000,0,250.00000000,1.1821
1627197212404000,0,250.00000000,1.1812
1627197213923000,0,216.46503904,1.1808
1627197213923000,0,608.89936568,1.1821
1627197213930000,0,527.58213192,1.1821
1627197213955000,1,424.15760586,1.1837
1627197214142000,0,89.66683420,1.1866
1627197214142000,0,160.33316580,1.1906
1627197214161000,1,240.57047320,1.1837
1627197214527000,0,120.26500339,1.1870
1627197215432000,0,128.64477884,1.1911
1627197215432000,0,121.35522116,1.1921
1627197216893000,0,837.55104244,1.1921
1627197217788000,0,250.00000000,1.1968
1627197218898000,0,487.25983190,1.1981
1627197218898000,0,1351.73858000,1.2013
1627197218898000,0,661.00158810,1.2033
1627197218994000,0,250.00000000,1.2033
1627197219305000,0,81.00948190,1.2033
1627197219981000,0,1007.46749000,1.2093
1627197227069000,0,250.00000000,1.2151
1627197227175000,0,193.81590696,1.2151
1627197227767000,1,26.40171082,1.2146
1627197227770000,0,17.27339465,1.2163
1627197229991000,0,24.48270000,1.2200
1627197231816000,1,649.35711999,1.2193
1627197232668000,1,0.00000001,1.2193
1627197232668000,1,250.00000000,1.2190
1627197232668000,1,51.18049579,1.2189
1627197232874000,1,301.02185637,1.2180
1627197234414000,1,0.00000001,1.2180
1627197234414000,1,943.06347998,1.2167
1627197235164000,1,0.00000002,1.2167
1627197236012000,0,28.36074873,1.2161
1627197239918000,0,386.12850810,1.2154
1627197239918000,0,398.92391276,1.2157
1627197239918000,0,250.00000000,1.2160
1627197239971000,1,284.91707914,1.2163
1627197241092000,0,1000.00000000,1.2200
1627197243019000,1,250.00000000,1.2170
1627197243844000,1,121.58077606,1.2170
1627197244084000,1,30.73439462,1.2170
1627197250581000,1,21.21232700,1.2151
1627197251660000,1,21.24026100,1.2177
1627197252337000,1,21.27207000,1.2177
1627197252927000,1,21.31959800,1.2177
1627197254490000,1,21.43255200,1.2151
1627197256021000,1,21.46641400,1.2190
1627197256723000,1,21.48874000,1.2127
1627197257958000,1,21.51944500,1.2151
1627197259341000,1,21.57031900,1.2144
1627197260033000,1,21.64033800,1.2144
1627197260626000,1,21.68538800,1.2144
1627197262234000,1,21.70855000,1.2144
1627197263560000,1,21.75558900,1.2144
1627197263849000,1,205.84621701,1.2154
1627197264238000,1,0.00000001,1.2154
1627197264238000,1,21.78079799,1.2144
1627197264902000,1,21.81615100,1.2144
1627197266246000,1,21.83863900,1.2144
1627197267756000,1,21.89065200,1.2144
1627197268464000,1,21.93328800,1.2144
1627197268557000,0,83.69348528,1.2164
1627197269208000,1,10.91387401,1.2144
1627197269208000,1,11.06607999,1.2139
1627197270744000,1,22.02041700,1.2168
1627197271884000,1,22.07310600,1.2168
1627197272558000,1,22.14525500,1.2153
1627197273815000,1,22.18081800,1.2153
1627197275253000,1,22.20505000,1.2166
1627197275492000,0,48.93430000,1.2187
1627197280230000,0,83.27908612,1.2200
1627197280667000,0,869.83500962,1.2211
1627197280667000,0,544.74339139,1.2211
1627197280729000,0,20.04576097,1.2211
1627197285323000,1,126.28158300,1.2271
1627197294223000,1,180.31253580,1.2318
1627197296095000,1,671.09671000,1.2284
1627197304753000,1,21.01105200,1.2271
1627197306103000,1,21.10060800,1.2271
1627197307711000,1,323.50574888,1.2295
1627197309555000,1,144.27877486,1.2279
1627197309555000,1,915.05669000,1.2270
1627197309555000,1,349.83500770,1.2222
1627197309559000,1,1409.17047256,1.2222
1627197309559000,1,307.52851974,1.2222
1627197309559000,1,1101.64195282,1.2212
1627197309562000,1,1398.35804718,1.2212
1627197309562000,1,10.81242538,1.2212
1627197309778000,1,250.00000000,1.2233
1627197309778000,1,501.18757462,1.2212
1627197309778000,1,662.60361275,1.2210
1627197310062000,1,512.00000000,1.2217
1627197310062000,1,598.18101725,1.2210
1627197310573000,1,1772.00000000,1.2200
1627197310573000,1,512.00000000,1.2199
1627197311049000,0,90.99209000,1.2193
1627197311667000,0,99.71433000,1.2193
1627197312480000,0,99.71433000,1.2193
1627197315195000,1,633.22684000,1.2159
1627197327348000,1,400.91385323,1.2103
1627197327364000,1,0.00256824,1.2103
1627197327364000,1,243.28557857,1.2098
1627197329420000,1,234.75967659,1.2086
1627197342099000,1,909.27629115,1.2014
1627197342408000,1,250.00000000,1.2009
1627197342408000,1,391.89725492,1.2005
1627197342408000,1,408.23216382,1.2000
1627197342408000,1,2877.03900000,1.1970
1627197342408000,1,2500.00000000,1.1970
1627197342408000,1,3326.76748230,1.1932
1627197342664000,1,243.44189666,1.1970
1627197342705000,0,298.23952430,1.1970
1627197354600000,0,28.91844998,1.1933
1627197364341000,1,28.91845000,1.1953
1627197365770000,1,220.92556678,1.1962
1627197400584000,0,52.63931653,1.1958
1627197402883000,0,673.00921999,1.1999
1627197403595000,0,0.00000001,1.1999
1627197403595000,0,1211.46352000,1.2011
1627197403595000,0,230.24064294,1.2057
1627197403596000,0,281.75935706,1.2057
1627197403596000,0,1159.94480589,1.2078
1627197403819000,0,434.91750481,1.2086
1627197403879000,1,803.49340000,1.2035
1627197404245000,0,1432.77824014,1.2090
1627197405148000,0,35.51552986,1.2090
1627197405148000,0,1000.34739742,1.2090
1627197405148000,0,432.43082243,1.2090
1627197405644000,0,925.79685000,1.2091
1627197405931000,0,770.27777183,1.2054
1627197406104000,0,0.00001817,1.2054
1627197406104000,0,906.45388183,1.2102
1627197406160000,0,430.63287817,1.2102
1627197421514000,1,253.41067016,1.2212
1627197422500000,0,128.74625427,1.2214
1627197422577000,1,1000.00000000,1.2228
1627197422681000,1,512.00000000,1.2228
1627197422698000,1,7900.12406475,1.2228
1627197425962000,1,322.73155859,1.2202
1627197432152000,0,512.00000000,1.2171
1627197432270000,0,395.62755537,1.2190
1627197432729000,0,57.66467501,1.2156
1627197432734000,1,84.50279421,1.2162
1627197433060000,1,259.02969414,1.2162
1627197443780000,1,323.23358853,1.2216
1627197444362000,0,45.33382000,1.2211
1627197444867000,0,45.48430000,1.2205
1627197446362000,0,45.10540000,1.2219
1627197447569000,1,258.68857128,1.2214
1627197447569000,1,72.45197053,1.2211
1627197448796000,0,197.92054973,1.2216
1627197448898000,1,1528.53330027,1.2222
1627197457657000,0,59.62883000,1.2245
1627197457716000,0,46.71674195,1.2245
1627197457718000,1,181.22785832,1.2251
1627197457935000,1,116.89730485,1.2251
1627197458111000,0,59.39507000,1.2262
1627197458887000,0,52.49610772,1.2244
1627197458887000,0,7.22673228,1.2262
1627197459559000,0,59.69496000,1.2262
1627197462460000,0,133.14269000,1.2262
1627197463171000,0,99.23114721,1.2262
1627197469036000,1,723.44539000,1.2298
1627197469036000,1,242.96090927,1.2294
1627197475367000,0,56.69693739,1.2294
1627197476298000,0,62.88652564,1.2308
1627197476298000,0,39.91175664,1.2311
1627197495896000,1,403.47112370,1.2290
1627197500028000,0,250.00000000,1.2311
1627197500334000,0,464.27294906,1.2311
1627197500436000,0,116.31000254,1.2313
1627197503095000,0,100.83251516,1.2305
1627197503095000,0,55.82306125,1.2315
1627197503493000,0,72.02662328,1.2322
1627197503493000,0,658.82667000,1.2336
1627197504868000,0,505.97346591,1.2339
1627197504928000,0,385.21238409,1.2339
1627197508953000,1,20.93749700,1.2354
1627197511192000,1,20.96946000,1.2354
1627197526409000,1,942.34430000,1.2401
1627197526409000,1,193.10206492,1.2398
1627197531900000,1,763.33942000,1.2403
1627197534493000,0,139.31271000,1.2405
1627197534979000,1,653.91336000,1.2395
1627197536318000,1,423.59774557,1.2362
1627197539958000,1,968.99574000,1.2384
1627197541696000,1,411.09326858,1.2389
1627197543603000,1,339.29805075,1.2387
1627197551919000,1,415.59407162,1.2391
1627197553694000,1,1000.00000000,1.2392
1627197557601000,1,1012.33374000,1.2339
1627197557716000,1,658.82667000,1.2336
1627197563500000,1,368.20871140,1.2333
1627197567114000,0,149.80673227,1.2345
1627197569098000,1,20.82309500,1.2332
1627197570565000,1,20.84462400,1.2332
1627197571359000,1,20.86672000,1.2332
1627197571981000,1,20.89200500,1.2332
1627197577363000,0,250.00000000,1.2342
1627197578550000,0,32.31800900,1.2341
1627197580108000,1,250.00000000,1.2341
1627197580108000,1,296.65830275,1.2330
1627197580163000,0,245.61185725,1.2327
1627197580608000,0,347.39150699,1.2332
1627197586493000,0,32.40887000,1.2383
1627197587633000,1,250.00000000,1.2348
1627197590120000,1,250.00000000,1.2347
1627197590625000,1,0.00000301,1.2332
1627197595337000,1,409.34508020,1.2299
1627197595337000,1,250.00000000,1.2297
1627197595337000,1,749.15225419,1.2274
1627197595342000,1,1408.49733439,1.2274
1627197595861000,1,791.44580000,1.2234
1627197597423000,1,1000.00000000,1.2185
1627197597508000,1,718.58633000,1.2185
1627197597665000,0,791.44017853,1.2234
1627197598016000,1,93.80714147,1.2234
1627197598426000,1,1000.00000000,1.2181
1627197598680000,1,402.84672000,1.2181
1627197599019000,1,693.66041445,1.2209
1627197599195000,1,0.16971555,1.2209
1627197601746000,0,32.46806000,1.2240
1627197608831000,0,32.67706900,1.2189
1627197610041000,0,407.88784007,1.2200
1627197611309000,1,411.81420529,1.2202
1627197611726000,0,103.26578422,1.2202
1627197611726000,0,407.73668082,1.2204
1627197616223000,0,32.84422800,1.2243
1627197617437000,1,328.15765213,1.2199
1627197620081000,1,200.00000000,1.2150
1627197620081000,1,238.92499078,1.2122
1627197620098000,1,273.07500922,1.2122
1627197620098000,1,1772.00000000,1.2109
1627197620098000,1,200.00000000,1.2100
1627197620098000,1,1640.74118872,1.2082
1627197620098000,1,13924.18380206,1.2074
1627197620158000,0,385.19802474,1.2150
1627197621116000,1,400.00000000,1.2000
1627197621460000,1,291.84371323,1.1967
1627197621460000,1,800.47451000,1.1956
1627197621460000,1,390.22474110,1.1955
1627197621460000,1,679.54929000,1.1919
1627197621460000,1,7378.77806469,1.1909
1627197627150000,0,327.36965153,1.1979
1627197627150000,0,672.63034847,1.1982
1627197631600000,1,171.51701537,1.1964
1627197631730000,0,33.39483500,1.1982
1627197632066000,0,215.11592147,1.1964
1627197632439000,1,216.29844599,1.1964
1627197632439000,1,111.82717738,1.1964
1627197633184000,0,293.20685126,1.1956
1627197633536000,0,125.02680545,1.1945
1627197640056000,0,33.43419300,1.1976
1627197646562000,1,220.97980960,1.1961
1627197649559000,1,451.76824681,1.1961
1627197649589000,0,220.83671537,1.1961
1627197651068000,0,1296.63156391,1.1977
1627197651793000,0,122.19789609,1.1977
1627197652439000,1,370.98399507,1.1994
1627197657443000,0,0.00000493,1.1994
1627197658466000,1,980.54838000,1.1994
1627197658832000,1,1000.00000000,1.1994
1627197658970000,1,5878.07762985,1.1994
1627197659856000,1,1000.00000000,1.1994
1627197660179000,1,281.99998333,1.1994
1627197660609000,1,339.01882530,1.1994
1627197661751000,1,0.00001380,1.1994
1627197662098000,1,72.38507118,1.1965
1627197662098000,1,346.03899691,1.1959
1627197674137000,1,395.95506432,1.1879
1627197674154000,1,0.00002365,1.1879
1627197674154000,1,197.57325726,1.1877
1627197678117000,0,864.52302000,1.1875
1627197679174000,0,512.00000000,1.1889
1627197679174000,0,380.31080760,1.1891
1627197679673000,0,779.10075374,1.1900
1627197679696000,0,561.61331228,1.1900
1627197680232000,0,194.43212377,1.1900
1627197680932000,0,33.54944800,1.1927
1627197685970000,0,33.64341300,1.1887
1627197689258000,1,139.49270227,1.1880
1627197689273000,1,0.00000982,1.1880
1627197689273000,1,697.78140708,1.1871
1627197696263000,0,1772.00000000,1.1875
1627197696263000,0,803.38564000,1.1875
1627197703515000,0,33.68364300,1.1881
1627197705018000,1,120.26498333,1.1870
1627197705018000,1,359.59393698,1.1864
1627197706030000,1,800.00000000,1.1850
1627197707051000,1,749.20161000,1.1826
1627197709782000,0,400.15655734,1.1798
1627197709782000,0,369.29246266,1.1801
1627197710787000,1,988.65424000,1.1777
1627197713985000,0,249.99998306,1.1804
1627197716828000,0,33.76467700,1.1819
1627197725557000,0,33.80891200,1.1790
1627197725754000,1,391.01861994,1.1778
1627197726411000,0,292.91668494,1.1797
1627197726411000,0,512.00000000,1.1800
1627197727440000,0,686.30426421,1.1803
1627197728529000,0,1000.00000000,1.1830
1627197729131000,0,512.00000000,1.1842
1627197729131000,0,908.92429000,1.1849
1627197732379000,0,249.99788754,1.1834
1627197732379000,0,249.99999999,1.1834
1627197734196000,0,33.95355200,1.1827
1627197737198000,1,164.55793625,1.1801
1627197737198000,1,426.94635903,1.1799
1627197737203000,0,72.47681820,1.1799
1627197737333000,0,1108.01888652,1.1799
1627197742757000,0,165.79359972,1.1821
1627197746032000,0,0.00000001,1.1834
1627197751258000,0,512.00000000,1.1857
1627197757000000,0,29.32551321,1.1846
1627197757079000,1,711.35406000,1.1840
1627197758688000,0,278.66587737,1.1819
1627197758688000,0,41.85570130,1.1823
1627197758719000,0,365.70577989,1.1828
1627197758979000,0,29.36857563,1.1817
1627197759658000,0,88.27170000,1.1815
1627197761478000,0,29.39447385,1.1805
1627197762445000,0,52.57316000,1.1809
1627197762490000,0,29.39447385,1.1809
1627197763143000,0,29.39447385,1.1776
1627197763915000,0,51.21169000,1.1774
1627197763954000,0,29.38583604,1.1774
1627197765155000,0,183.57637866,1.1785
1627197765293000,1,357.68402071,1.1777
1627197765612000,0,194.72158980,1.1771
1627197765916000,0,325.04552000,1.1771
1627197766585000,0,61.72713000,1.1771
1627197773219000,0,512.00000000,1.1813
1627197778116000,0,512.00000000,1.1827
1627197780087000,0,1000.00000000,1.1843
1627197790802000,0,29.44640755,1.1788
1627197791341000,0,29.44640755,1.1788
1627197797672000,0,333.15876572,1.1762
1627197797672000,0,389.34205556,1.1768
1627197797672000,0,117.36062872,1.1776
1627197801312000,1,81.14398978,1.1768
1627197801337000,1,0.00000001,1.1768
1627197802149000,0,692.23653000,1.1762
1627197802622000,1,759.57119000,1.1743
1627197803765000,1,1000.00000000,1.1755
1627197808102000,1,142.36737488,1.1763
1627197809834000,0,399.47126968,1.1767
1627197809834000,0,600.52873032,1.1771
1627197810779000,0,219.43143968,1.1771
1627197811837000,0,512.00000000,1.1790
1627197813545000,0,1000.00000000,1.1811
1627197815547000,0,512.00000000,1.1830
1627197818185000,0,34.01013500,1.1801
1627197836834000,1,564.28568143,1.1878
1627197837120000,1,275.38923856,1.1878
1627197837121000,1,0.00000001,1.1878
1627197837842000,1,925.89261000,1.1866
1627197838203000,0,29.26543753,1.1834
1627197838659000,0,278.25264633,1.1846
1627197838659000,0,233.74735367,1.1855
1627197838991000,0,278.25264633,1.1855
1627197838991000,0,74.10739000,1.1860
1627197838991000,0,406.67355021,1.1872
1627197838991000,0,239.15444346,1.1879
1627197840839000,1,1000.00000000,1.1839
1627197842062000,0,687.73058000,1.1848
1627197842546000,0,1000.00000000,1.1848
1627197845344000,0,512.00000000,1.1865
1627197851066000,1,143.07114584,1.1879
1627197851066000,1,261.71742676,1.1876
1627197861641000,1,70.64617315,1.1852
1627197861641000,1,909.76052000,1.1847
1627197862556000,1,249.68701019,1.1842
1627197864160000,0,396.56847583,1.1844
1627197864756000,0,512.00000000,1.1856
1627197867918000,0,380.46744156,1.1861
1627197869065000,1,512.00000000,1.1867
1627197869065000,1,276.12468000,1.1867
1627197870089000,0,835.54550000,1.1889
1627197870146000,1,164.45450000,1.1895
1627197870297000,0,85.54550000,1.1889
1627197870297000,0,512.00000000,1.1903
1627197870297000,0,1772.00000000,1.1925
1627197870297000,0,1517.63356962,1.1925
1627197870297000,0,652.37625721,1.1926
1627197870297000,0,812.39861485,1.1947
1627197876225000,0,80.71011294,1.1888
1627197878823000,0,169.34840466,1.1888
1627197897477000,0,249.99998326,1.1946
1627197902483000,1,361.24971310,1.1933
1627197903783000,1,946.66910000,1.1923
1627197912629000,1,170.20646251,1.1959
1627197924286000,0,1000.00000000,1.2010
1627197926138000,0,600.00000000,1.2010
1627197926138000,0,250.00916441,1.2015
1627197926157000,0,691.54649000,1.2022
1627197928457000,1,200.66852636,1.2060
1627197933189000,0,246.09824488,1.2079
1627197935972000,1,283.84260968,1.2065
1627197935972000,1,178.62111621,1.2063
1627197935980000,1,1436.52391461,1.2050
1627197935996000,0,295.58067368,1.2057
1627197936028000,0,153.15789060,1.2057
1627197936037000,0,88.79770983,1.2057
1627197936037000,0,147.53890570,1.2057
1627197936039000,1,794.69233000,1.2043
1627197936039000,1,250.00000000,1.2041
1627197936039000,1,2066.53400000,1.2008
1627197936039000,1,957.72101000,1.2008
1627197936039000,1,660.42829000,1.1935
1627197936039000,1,512.00000000,1.1934
1627197936104000,0,1663.87853345,1.1919
1627197936104000,0,1248.21719656,1.1919
1627197936193000,1,233.40815360,1.1905
1627197937490000,1,1000.00000000,1.1825
1627197938041000,1,73.38772000,1.1825
1627197938041000,1,1052.02235000,1.1788
1627197938041000,1,8354.23476721,1.1749
1627197938580000,0,414.58228968,1.1845
1627197938580000,0,372.10655859,1.1848
1627197938580000,0,250.00000000,1.1851
1627197938580000,0,256.93012173,1.1904
1627197939455000,1,28.88503756,1.1845
1627197940794000,0,29.14602158,1.1869
1627197941739000,0,405.07459831,1.1839
1627197941739000,0,391.28394076,1.1842
1627197941739000,0,105.74962093,1.1845
1627197941985000,0,195.54458781,1.1833
1627197942801000,0,29.33411559,1.1833
1627197943389000,0,29.33411559,1.1833
1627197944102000,0,220.47711725,1.1869
1627197945709000,0,938.02042000,1.1864
1627197955800000,0,116.63591200,1.1857
1627197955800000,0,883.36408800,1.1859
1627197955871000,1,401.46114716,1.1854
1627197956901000,0,295.31780467,1.1857
1627197956901000,0,704.68219533,1.1859
1627197957430000,0,26.50450667,1.1859
1627197957430000,0,81.52902857,1.1868
1627197957430000,0,91.96646476,1.1882
1627197959218000,1,1000.00000000,1.1854
1627197961885000,1,411.45752460,1.1858
1627197965653000,1,171.43779820,1.1856
1627197965653000,1,828.56220180,1.1854
1627197966396000,1,359.56893024,1.1854
1627197966396000,1,252.26931238,1.1828
1627197968240000,0,199.28931911,1.1803
1627197968240000,0,0.71068089,1.1832
1627197968688000,0,344.80098376,1.1824
1627197973202000,1,203.62889817,1.1799
1627197975322000,0,364.61599125,1.1741
1627197976361000,0,221.76821382,1.1646
1627197979662000,1,473.61557930,1.1657
1627197979701000,1,123.63226526,1.1657
1627197979719000,1,0.00001541,1.1657
1627197979719000,1,107.67594302,1.1652
1627197980011000,0,308.70293294,1.1653
1627197980011000,0,159.00490955,1.1657
1627197981020000,0,401.05052775,1.1663
1627197981292000,0,136.33569762,1.1699
1627197982191000,0,390.56589710,1.1681
1627197982191000,0,9.43410290,1.1685
1627197983114000,1,85.47485328,1.1653
1627197985016000,0,1000.00000000,1.1600
1627197987805000,0,1000.00000000,1.1605
1627197989412000,1,249.99999999,1.1590
1627197989412000,1,0.00000001,1.1590
1627197990092000,0,34.29678700,1.1536
1627197990148000,0,110.37309202,1.1530
1627197990463000,1,90.48373420,1.1483
1627197990463000,1,342.98328213,1.1463
1627197994706000,1,394.98456599,1.1430
1627197994772000,0,422.73112401,1.1429
1627197997324000,0,14.73608844,1.1454
1627197997324000,0,259.53028699,1.1475
1627197997324000,0,0.00000001,1.1475
1627197997329000,0,789.18251470,1.1486
1627197997547000,0,1000.00000000,1.1442
1627197997679000,0,18.01886000,1.1442
1627197997679000,0,16.44993300,1.1475
1627197998426000,0,272.38298784,1.1475
1627197998426000,0,527.61701216,1.1486
1627198005863000,0,34.92321300,1.1500
1627198009648000,0,1404.53638700,1.1500
1627198009648000,0,104.33674876,1.1508
1627198009650000,0,108.34908922,1.1508
1627198014758000,1,1000.00000000,1.1567
1627198014968000,1,250.00000000,1.1526
1627198015547000,1,412.74343961,1.1527
1627198016112000,1,1000.00000000,1.1526
1627198036229000,0,512.00000000,1.1524
1627198040322000,0,512.00000000,1.1528
1627198048133000,1,653.91274000,1.1528
1627198050765000,1,733.73478000,1.1527
1627198056839000,0,1000.00000000,1.1538
1627198061236000,1,1000.00000000,1.1536
1627198066216000,1,995.69821167,1.1536
1627198068953000,0,512.00000000,1.1540
1627198068957000,1,61.94413169,1.1541
1627198068963000,1,426.05586831,1.1541
1627198072358000,1,1000.00000000,1.1520
1627198073496000,1,765.62524000,1.1500
1627198073496000,1,234.37476000,1.1497
1627198076472000,0,163.14635313,1.1488
1627198076472000,0,385.86458207,1.1489
1627198076526000,1,337.34009480,1.1498
1627198076575000,0,45.10540000,1.1482
1627198083228000,1,368.17875869,1.1467
1627198097269000,0,997.36498000,1.1476
1627198097269000,0,2.63502000,1.1478
1627198100152000,0,672.27425186,1.1479
1627198104780000,0,153.48726076,1.1478
1627198104780000,0,0.00000001,1.1479
1627198104939000,1,327.55723131,1.1484
1627198105383000,1,29.14602000,1.1484
1627198105874000,0,1000.00000000,1.1498
1627198106232000,0,46.02119000,1.1498
1627198106232000,0,990.12525970,1.1504
1627198109192000,1,1000.00000000,1.1477
1627198111482000,0,512.00000000,1.1491
1627198114564000,0,250.00000000,1.1487
1627198116966000,1,1000.00000000,1.1483
1627198121005000,0,512.00000000,1.1496
1627198122524000,0,512.00000000,1.1509
1627198122524000,0,488.00000000,1.1515
1627198141381000,0,108.34908922,1.1503
1627198141420000,0,142.37821537,1.1503
1627198141478000,0,159.25737033,1.1503
1627198141478000,0,123.25839326,1.1504
1627198146196000,0,512.00000000,1.1525
1627198159961000,0,512.00000000,1.1543
1627198182168000,0,512.00000000,1.1550
1627198188658000,0,102.17726407,1.1540
1627198188658000,0,392.36347496,1.1542
1627198188658000,0,402.74615340,1.1545
1627198188705000,1,9.59490757,1.1547
1627198223226000,1,738.04940000,1.1557
1627198224781000,0,892.37410000,1.1545
1627198233445000,0,243.20891256,1.1564
1627198233445000,0,756.79108744,1.1568
1627198234891000,0,1000.00000000,1.1559
1627198323582000,1,1000.00000000,1.1611
1627198324622000,1,886.80809000,1.1595
1627198324622000,1,97.66736605,1.1589
1627198338692000,0,97.33127593,1.1553
1627198338692000,0,235.64132407,1.1560
1627198338849000,1,410.59609283,1.1541
1627198338849000,1,181.19345031,1.1540
1627198338858000,0,23.12356686,1.1540
1627198353082000,0,360.03625319,1.1557
1627198354081000,1,415.43868018,1.1573
1627198354128000,1,716.53859847,1.1573
1627198362393000,1,1000.00000000,1.1537
1627198384504000,0,795.65872000,1.1497
1627198388015000,1,409.72315869,1.1521
1627198388015000,1,331.59745000,1.1520
1627198388015000,1,115.58074131,1.1515
1627198400212000,0,996.92135000,1.1517
1627198405497000,0,726.08766000,1.1523
1627198468322000,0,415.09086251,1.1556
1627198512791000,0,361.83453969,1.1636
1627198512791000,0,406.37574769,1.1643
1627198512791000,0,512.00000000,1.1657
1627198512791000,0,213.89698156,1.1664
1627198512799000,0,36.10301844,1.1664
1627198512799000,0,775.21735000,1.1672
1627198512799000,0,682.78690050,1.1673
1627198512863000,0,1000.00000000,1.1673
1627198513656000,0,387.39557822,1.1669
1627198514118000,0,250.00000000,1.1673
1627198514172000,0,838.23989000,1.1673
1627198514236000,0,232.48660690,1.1705
1627198524636000,0,29.72651606,1.1671
1627198529932000,0,90.85056061,1.1694
1627198529932000,0,250.00000000,1.1708
1627198529932000,0,512.00000000,1.1721
1627198529932000,0,746.00676592,1.1721
1627198530062000,0,250.00000000,1.1756
1627198530170000,0,619.83500962,1.1756
1627198532346000,0,1600.00000000,1.1760
1627198532927000,1,507.72816321,1.1740
1627198532928000,1,232.55824679,1.1740
1627198533871000,0,507.72816321,1.1739
1627198536128000,1,489.84129679,1.1748
1627198538202000,0,29.55956253,1.1744
1627198540214000,0,29.60331558,1.1715
1627198542622000,0,29.63841139,1.1715
1627198543343000,0,29.63841139,1.1715
1627198543944000,0,29.63841139,1.1714
1627198544635000,0,29.63841139,1.1711
1627198550668000,1,196.65421925,1.1716
1627198550668000,1,162.77321677,1.1715
1627198550767000,0,401.27022965,1.1709
1627198562261000,1,108.38846532,1.1751
1627198562261000,1,534.78632468,1.1749
1627198562598000,0,415.27740188,1.1754
1627198562602000,1,81.77451587,1.1759
1627198564716000,1,34.20000000,1.1767
1627198574039000,1,355.98006759,1.1768
1627198574039000,1,644.01993241,1.1765
1627198574275000,1,220.75376758,1.1765
1627198575402000,1,0.00000001,1.1765
1627198579247000,0,396.85489217,1.1748
1627198579247000,0,408.76940963,1.1750
1627198579247000,0,40.07877820,1.1751
1627198581828000,1,323.27590578,1.1739
1627198582027000,0,29.62085309,1.1733
1627198586406000,1,659.29360999,1.1721
1627198587418000,1,0.00000001,1.1721
1627198587418000,1,165.17733603,1.1715
1627198589461000,0,318.20920984,1.1723
1627198589777000,0,70.76719642,1.1723
1627198589777000,0,259.14641992,1.1723
1627198590010000,0,168.70579632,1.1716
1627198593637000,0,250.00000000,1.1719
1627198593637000,0,150.00000000,1.1725
1627198594246000,0,659.14730999,1.1729
1627198594300000,0,0.00000001,1.1729
1627198594507000,0,158.90590772,1.1732
1627198594535000,0,0.00000001,1.1732
1627198596031000,0,356.35805351,1.1748
1627198596095000,1,341.44830933,1.1754
1627198596095000,1,250.73868767,1.1754
1627198596659000,1,250.00000000,1.1736
1627198597108000,0,735.31714000,1.1730
1627198613747000,1,0.00000002,1.1715
1627198614610000,0,29.69121141,1.1693
1627198615161000,0,29.69121141,1.1691
1627198615721000,0,29.69121141,1.1691
1627198618940000,0,29.69121141,1.1698
1627198619419000,0,29.69121141,1.1698
1627198619923000,0,933.26853000,1.1706
1627198622941000,1,103.69760900,1.1731
1627198622941000,1,63.24907304,1.1729
1627198622941000,1,412.27300481,1.1725
1627198622941000,1,329.38105315,1.1719
1627198623554000,0,173.52799076,1.1734
1627198626702000,0,115.63438979,1.1761
1627198627205000,1,250.00000000,1.1758
1627198627205000,1,591.26582000,1.1745
1627198633044000,1,59.44749522,1.1771
1627198633267000,1,242.40924947,1.1771
1627198633590000,1,82.85760140,1.1771
1627198633877000,1,383.41465391,1.1771
1627198633883000,1,135.08994078,1.1764
1627198633940000,1,90.11506108,1.1764
1627198637835000,1,937.23490000,1.1801
1627198643021000,1,105.61189399,1.1801
1627198645614000,1,405.78199439,1.1799
1627198649895000,0,410.06697044,1.1816
1627198649966000,1,550.22116956,1.1817
1627198658741000,1,400.00000000,1.1809
1627198676505000,0,200.89270777,1.1810
1627198677599000,0,746.00676592,1.1821
1627198677599000,0,204.55418046,1.1823
1627198677599000,0,49.43905362,1.1824
1627198695935000,0,748.38682937,1.1851
1627198695935000,0,251.61317063,1.1853
1627198700780000,0,382.62860093,1.1894
1627198703685000,1,206.41173240,1.1870
1627198712575000,0,308.94326259,1.1860
1627198712858000,1,869.00253000,1.1853
1627198718646000,0,47.31325000,1.1834
1627198719141000,0,47.28513000,1.1834
1627198719763000,0,46.49765000,1.1834
1627198719894000,1,1000.00000000,1.1816
1627198719971000,1,249.99999999,1.1814
1627198719994000,1,0.00000001,1.1814
1627198719994000,1,89.76929445,1.1811
1627198722547000,0,48.02088000,1.1803
1627198723019000,1,34.92321300,1.1763
1627198723246000,0,250.00000000,1.1809
1627198733255000,0,1000.00000000,1.1779
1627198743832000,0,12.96725000,1.1779
1627198745597000,1,192.21933045,1.1800
1627198745618000,1,212.61061970,1.1800
1627198745618000,1,27.49319798,1.1798
1627198745623000,1,80.04986930,1.1798
1627198745623000,1,304.07445036,1.1795
1627198768193000,1,909.22619814,1.1810
1627198771641000,1,71.03753615,1.1806
1627198771668000,0,303.99830633,1.1797
1627198781011000,0,106.11717283,1.1824
1627198781797000,1,315.30937608,1.1831
1627198782042000,1,85.17223651,1.1837
1627198782262000,1,265.00169426,1.1843
1627198785463000,1,834.33799000,1.1884
1627198790516000,1,378.40473048,1.1846
1627198803935000,0,119.97365366,1.1883
1627198803935000,0,80.02634634,1.1884
1627198812197000,1,856.36583000,1.1878
1627198813015000,1,54.75795965,1.1869
1627198817178000,1,200.00000000,1.1850
1627198817178000,1,232.14031541,1.1850
1627198818077000,0,394.13411000,1.1853
1627198818295000,1,294.05709000,1.1869
1627198833251000,0,940.51106000,1.1859
1627198870939000,1,231.10270498,1.1830
1627198870939000,1,250.00000000,1.1830
