timestamp ms,type,amount,price
1624665718930000,1,400.00000000,0.6565
1624665721013000,1,400.00000000,0.6562
1624665842844000,0,228.71950256,0.6570
1624665842963000,1,171.28049744,0.6570
1624665932358000,0,228.86789962,0.6567
1624665932553000,1,171.13210038,0.6569
1624666156479000,1,400.00000000,0.6566
1624666160004000,1,400.00000000,0.6566
1624666181778000,0,400.00000000,0.6566
1624666182707000,1,400.00000000,0.6562
1624666450177000,0,400.00000000,0.6609
1624666748462000,0,400.00000000,0.6643
1624667137370000,0,400.00000000,0.6669
1624668409943000,0,400.00000000,0.6707
1624668410350000,0,330.29463000,0.6707
1624668412004000,0,400.00000000,0.6707
1624668413738000,0,250.00000000,0.6707
1624668414835000,0,189.87117000,0.6707
1624668824654000,1,400.00000000,0.6716
1624672037221000,0,388.00000000,0.6673
1624673377017000,0,400.00000000,0.6725
1624673550682000,1,400.00000000,0.6719
1624674433965000,1,400.00000000,0.6711
1624675539729000,0,386.00000000,0.6714
1624675539729000,0,394.00000000,0.6714
1624675539729000,0,391.00000000,0.6716
1624675540284000,0,411.00000000,0.6719
1624676937758000,1,400.00000000,0.6740
1624677495383000,1,400.00000000,0.6712
1624678888092000,0,400.00000000,0.6754
1624678888813000,0,263.34279000,0.6754
1624678889558000,1,136.65721000,0.6755
1624678889558000,1,408.00000000,0.6754
1624679054941000,1,400.00000000,0.6725
1624679058093000,1,400.00000000,0.6722
1624679263561000,0,400.00000000,0.6738
1624679264589000,0,400.00000000,0.6741
1624680060143000,0,250.00000000,0.6747
1624680061208000,1,150.00000000,0.6747
1624680336049000,1,222.45233687,0.6755
1624680336156000,1,177.54766313,0.6755
1624680337294000,0,400.00000000,0.6757
1624680339089000,0,245.71892000,0.6757
1624680615124000,1,400.00000000,0.6743
1624683750344000,0,963.41848000,0.6814
1624683752833000,0,619.03438000,0.6817
1624685513066000,1,400.00000000,0.6775
1624685795500000,0,400.00000000,0.6754
1624686422461000,1,250.00000000,0.6750
1624686454155000,0,249.99997037,0.6751
1624687095014000,1,250.00000000,0.6751
1624687095193000,0,399.99996468,0.6747
1624687096356000,1,400.00000000,0.6732
1624687097781000,0,395.00000000,0.6735
1624687209064000,0,400.00000000,0.6756
1624687212774000,1,400.00000000,0.6780
1624687332235000,1,101.54892800,0.6755
1624687452451000,1,101.04273500,0.6758
1624687633716000,0,400.00000000,0.6787
1624689484572000,0,400.00000000,0.6761
1624689720139000,1,205.00000000,0.6742
1624691106142000,0,395.00000000,0.6678
1624691182584000,1,400.00000000,0.6657
1624691479472000,0,213.52855000,0.6630
1624691480757000,0,213.58969000,0.6630
1624691481835000,0,188.71118000,0.6627
1624691482559000,0,164.16848000,0.6627
1624691483485000,0,157.19853000,0.6627
1624691484215000,0,168.27903000,0.6630
1624691485155000,0,116.88472000,0.6630
1624691485880000,0,116.89154000,0.6629
1624691486501000,0,92.79866000,0.6628
1624691490606000,0,93.41446000,0.6627
1624691507406000,1,390.00000000,0.6606
1624691507406000,1,409.00000000,0.6606
1624691507821000,1,401.00000000,0.6604
1624691507821000,1,54.21016596,0.6602
1624691507958000,1,150.78983404,0.6602
1624691615957000,0,410.00000000,0.6551
1624691616592000,1,325.71798617,0.6552
1624691616636000,1,74.28201383,0.6552
1624691616636000,1,248.96067472,0.6549
1624691881261000,1,410.00000000,0.6560
1624691882480000,1,389.00000000,0.6557
1624692006233000,0,391.00000000,0.6524
1624692006773000,0,400.00000000,0.6523
1624692006773000,0,410.00000000,0.6523
1624692053438000,1,400.00000000,0.6521
1624692181509000,0,400.00000000,0.6534
1624692182607000,0,400.00000000,0.6534
1624692186586000,0,47.60299094,0.6534
1624692367184000,1,394.00000000,0.6537
1624692367700000,1,388.00000000,0.6535
1624692735776000,1,200.23008100,0.6534
1624692910355000,0,391.00000000,0.6528
1624692959742000,1,400.00000000,0.6514
1624693171424000,1,400.00000000,0.6500
1624693172476000,1,400.00000000,0.6500
1624693176279000,1,387.00000000,0.6503
1624693179437000,1,415.00000000,0.6503
1624693191396000,1,14200.00000000,0.6500
1624693974609000,1,847.45918604,0.6524
1624694034988000,1,830.68956976,0.6518
1624694126136000,1,455.18891210,0.6502
1624694150320000,0,819.64144332,0.6502
1624695127131000,0,860.55095776,0.6430
1624695419587000,1,250.00000000,0.6422
1624695422325000,0,254.75848000,0.6416
1624695422895000,0,159.30235370,0.6416
1624695422895000,0,95.78571630,0.6419
1624695499664000,0,404.81924000,0.6398
1624695500322000,0,595.18076000,0.6398
1624696109556000,1,402.32053593,0.6410
1624696214174000,1,410.18991302,0.6411
1624696230138000,0,200.00000000,0.6423
1624696994416000,0,388.24463452,0.6428
1624697273597000,0,809.93954153,0.6421
1624697477243000,1,402.32176169,0.6431
1624697477852000,1,1000.00000000,0.6432
1624698776526000,0,249.99996881,0.6412
1624698776526000,0,250.00000000,0.6412
1624700103499000,0,61.58014656,0.6496
1624700670279000,1,1000.00000000,0.6518
1624700878249000,0,1015.88610000,0.6532
1624700880709000,0,667.05607000,0.6534
1624701145063000,0,756.70177000,0.6549
1624703555711000,0,834.60798046,0.6556
1624703555711000,0,121.76731657,0.6557
1624704342746000,1,1000.00000000,0.6532
1624705299159000,0,977.47291000,0.6599
1624705793392000,0,732.31985000,0.6627
1624705804494000,0,354.99998208,0.6643
1624706032338000,1,1000.00000000,0.6650
1624706034764000,1,207.44903231,0.6635
1624706361533000,0,402.42660067,0.6639
1624706363997000,0,778.98795999,0.6645
1624708149057000,0,626.56290000,0.6714
1624708407736000,0,250.00000000,0.6736
1624708407753000,0,684.34139000,0.6736
1624708409170000,0,764.41777000,0.6735
1624708897813000,0,835.75838000,0.6813
1624708973723000,1,1000.00000000,0.6822
1624709851391000,1,826.74108416,0.6758
1624710033008000,1,411.34026161,0.6760
1624710104186000,1,407.70890194,0.6765
1624710146562000,0,250.00000000,0.6774
1624710154333000,1,854.61574511,0.6785
1624710279765000,1,393.22435445,0.6792
1624710280280000,1,1000.00000000,0.6795
1624710514425000,1,1000.00000000,0.6829
1624710527064000,1,792.81546359,0.6827
1624710548703000,0,800.65847550,0.6815
1624710552789000,0,733.28202000,0.6821
1624710907474000,0,643.22798000,0.6820
1624710934673000,0,138.70840572,0.6849
1624711691840000,0,250.00000000,0.6926
1624711743302000,1,250.00000000,0.7005
1624711754874000,1,250.00000000,0.7022
1624711796213000,0,250.00000000,0.7036
1624711819966000,0,249.99995728,0.7045
1624711827002000,0,770.27241000,0.7076
1624711828377000,1,250.00000000,0.7113
1624711830626000,0,250.00000000,0.7092
1624711839637000,0,128.11936000,0.7113
1624711875573000,1,250.00000000,0.7231
1624711887926000,1,43.56982063,0.7276
1624711894021000,1,854.16182229,0.7297
1624711904446000,1,817.48954253,0.7250
1624711904446000,1,182.51045747,0.7250
1624711919823000,0,637.23424000,0.7264
1624711923628000,0,250.00000000,0.7271
1624711925918000,1,250.00000000,0.7278
1624711968358000,0,832.78906668,0.7153
1624711983563000,0,388.10759540,0.7147
1624711990363000,0,686.04669000,0.7166
1624711992193000,0,907.11845000,0.7167
1624712008468000,0,407.86490364,0.7143
1624712089631000,1,1000.00000000,0.7154
1624712152301000,1,1000.00000000,0.7134
1624712160118000,1,1000.00000000,0.7134
1624712193091000,0,647.78006000,0.7137
1624712240458000,1,1000.00000000,0.7063
1624712283518000,0,908.62209000,0.7080
1624712283756000,1,807.54832946,0.7073
1624712283756000,1,404.86502665,0.7073
1624712347818000,0,944.60604000,0.7071
1624712378369000,0,403.69135800,0.7033
1624712378943000,0,1000.00000000,0.7032
1624712411302000,0,856.54739434,0.7057
1624712411302000,0,143.45260566,0.7057
1624712411557000,1,385.06512686,0.7057
1624713342974000,1,409.79975103,0.6974
1624713374694000,0,414.24992966,0.6976
1624713374694000,0,389.81862705,0.6978
1624713385985000,1,387.45677403,0.7000
1624713386500000,1,1000.00000000,0.7000
1624713399998000,1,808.17877551,0.7024
1624713437449000,1,849.74186541,0.6975
1624713557642000,1,813.44485463,0.6972
1624714063628000,0,840.48208317,0.6922
1624715196052000,1,1000.00000000,0.6791
1624715331726000,0,137.69549858,0.6822
1624715749567000,1,405.12994502,0.6787
1624715750121000,1,1000.00000000,0.6788
1624717011355000,1,397.82154641,0.6762
1624717011885000,1,1000.00000000,0.6764
1624717227826000,1,1000.00000000,0.6755
1624717530933000,0,853.38894499,0.6774
1624717535543000,0,1000.00000000,0.6786
1624717676373000,0,1000.00000000,0.6777
1624718612233000,0,942.80973000,0.6861
1624718614461000,0,873.60378000,0.6862
1624718632759000,1,403.23189407,0.6890
1624718633294000,1,801.24598782,0.6890
1624718639388000,1,400.37553927,0.6892
1624718995075000,1,864.92613531,0.6890
1624718995075000,1,51.33373469,0.6890
1624719690692000,1,1000.00000000,0.6916
1624719696077000,1,1000.00000000,0.6916
1624719703011000,1,250.00000000,0.6873
1624719703179000,0,750.00000000,0.6869
1624720020376000,1,443.15629259,0.6900
1624720020961000,1,402.62824662,0.6898
1624720027973000,1,385.50321550,0.6896
1624720028517000,1,1000.00000000,0.6897
1624720051823000,1,822.74815355,0.6888
1624720645111000,1,1000.00000000,0.6866
1624720733479000,0,857.29454360,0.6876
1624720753363000,1,797.46970975,0.6875
1624721032930000,0,858.79649976,0.6865
1624721033163000,1,141.20350024,0.6865
1624721051198000,1,792.12149722,0.6889
1624722853296000,0,956.61300000,0.6914
1624723292529000,1,1000.00000000,0.6873
1624724262907000,1,1000.00000000,0.6716
1624724337636000,0,803.51332722,0.6732
1624724465865000,0,407.63349807,0.6743
1624724475151000,1,398.46386304,0.6769
1624724749433000,0,848.25241882,0.6794
1624724749433000,0,151.74758118,0.6795
1624725319134000,1,1000.00000000,0.6772
1624725321558000,1,1000.00000000,0.6770
1624725655287000,0,250.00000000,0.6790
1624725655359000,1,438.96941405,0.6791
1624725678623000,1,386.38466404,0.6798
1624725679162000,1,403.84025616,0.6799
1624725679768000,1,1000.00000000,0.6799
1624726264507000,1,825.41315581,0.6793
1624726940729000,0,436.05805129,0.6803
1624727258663000,0,940.89119000,0.6821
1624727553635000,0,29.27743295,0.6831
1624727831747000,1,1000.00000000,0.6799
1624727959390000,1,1000.00000000,0.6770
1624727961501000,1,1000.00000000,0.6746
1624728247325000,1,397.27553861,0.6766
1624728323434000,1,389.68525418,0.6808
1624729128086000,1,1000.00000000,0.6762
1624729657352000,0,221.09051048,0.6794
1624729657574000,1,250.00000000,0.6797
1624729906402000,1,388.51634904,0.6841
1624729906402000,1,852.71445772,0.6839
1624729906402000,1,414.92198198,0.6839
1624729934498000,1,863.91195117,0.6833
1624730017143000,1,868.76503947,0.6829
1624730265755000,0,1000.00000000,0.6855
1624730265772000,0,13.83779000,0.6855
1624730413758000,0,389.62426959,0.6887
1624730414319000,0,407.40977010,0.6889
1624730414319000,0,386.77192628,0.6891
1624731262743000,0,748.70495000,0.6880
1624731262743000,0,251.29505000,0.6883
1624731265205000,0,902.97293000,0.6883
1624732265304000,1,1000.00000000,0.6861
1624732569880000,0,218.84186439,0.6863
1624732569966000,1,250.00000000,0.6866
1624732570565000,0,250.00000000,0.6866
1624732571811000,0,1000.00000000,0.6889
1624733707684000,1,1000.00000000,0.6830
1624734037606000,1,403.54021935,0.6845
1624734038151000,1,1000.00000000,0.6846
1624734247481000,1,1000.00000000,0.6860
1624734426871000,0,218.55909991,0.6871
1624734426871000,0,781.44090009,0.6872
1624734672279000,1,209.00000000,0.6850
1624735712121000,0,826.52068200,0.6817
1624737865690000,1,1000.00000000,0.6810
1624737915039000,1,1000.00000000,0.6810
1624737976230000,1,1000.00000000,0.6810
1624738524392000,0,803.12222881,0.6736
1624739268166000,1,402.47313681,0.6770
1624739269239000,1,1000.00000000,0.6771
1624740677782000,1,1000.00000000,0.6757
1624740679010000,1,1000.00000000,0.6748
1624741213363000,0,394.86334923,0.6738
1624741336002000,0,819.11355628,0.6713
1624741544743000,0,223.44632929,0.6723
1624741544743000,0,433.03263311,0.6724
1624741544849000,1,223.44632929,0.6723
1624741901171000,1,400.73895752,0.6680
1624741921582000,0,460.00820541,0.6662
1624744294379000,0,1000.00000000,0.6736
1624745315897000,0,849.29532000,0.6791
1624745347144000,0,250.00000000,0.6837
1624745348390000,0,978.64735000,0.6859
1624745350742000,1,776.25383000,0.6866
1624745355661000,0,801.11884000,0.6892
1624745404939000,0,392.34926492,0.6961
1624745421872000,1,867.43340401,0.6937
1624745422170000,0,392.90514433,0.6934
1624745432665000,0,670.55620999,0.6894
1624745432970000,0,1016.69634000,0.6890
1624745438943000,0,755.35206000,0.6876
1624745442172000,0,853.36413000,0.6873
1624745443968000,0,826.11654000,0.6880
1624745457331000,0,405.39219078,0.6888
1624745457845000,0,411.13418909,0.6886
1624745458478000,0,1000.00000000,0.6885
1624745460603000,1,1000.00000000,0.6884
1624745460746000,1,875.54120000,0.6884
1624745465967000,0,386.77044095,0.6888
1624745466483000,0,1000.00000000,0.6887
1624745471403000,0,688.42361000,0.6891
1624745473763000,1,391.06608871,0.6894
1624745473975000,0,271.28136129,0.6894
1624745501329000,0,945.39474000,0.6903
1624745546469000,0,883.27682000,0.6915
1624745548539000,0,767.82194000,0.6920
1624745580459000,0,729.33307000,0.6947
1624745582843000,0,854.72959000,0.6947
1624745585013000,0,964.20309000,0.6947
1624745594973000,0,1000.00000000,0.6944
1624745618866000,1,858.75068240,0.6925
1624745636659000,0,983.68709000,0.6939
1624745759869000,0,1000.00000000,0.6940
1624745866123000,0,967.06505000,0.6954
1624746231106000,0,250.00000000,0.6977
1624746231106000,0,750.00000000,0.6980
1624746685034000,0,793.98443000,0.6984
1624746725628000,0,84.94121000,0.7024
1624746803974000,0,385.59663953,0.7052
1624746804552000,0,1000.00000000,0.7052
1624746804552000,0,387.97878572,0.7053
1624746928747000,0,209.00000000,0.7063
1624746928747000,0,250.00000000,0.7063
1624747009542000,1,434.11661879,0.7050
1624747009542000,1,565.88338121,0.7050
1624747258335000,0,640.33974000,0.7047
1624747267957000,0,499.99995745,0.7052
1624747469402000,0,980.24036000,0.7075
1624747469402000,0,19.75964000,0.7077
1624747470711000,0,673.74045000,0.7071
1624747527047000,1,1000.00000000,0.7064
1624747537395000,1,1000.00000000,0.7064
1624747624355000,1,1000.00000000,0.7069
1624748279870000,0,963.66575000,0.7074
1624748448609000,1,1000.00000000,0.7058
1624748550350000,1,158.54021483,0.7014
1624749002006000,0,209.00000000,0.7048
1624749002163000,1,660.73117115,0.7049
1624749006826000,1,390.02020896,0.7049
1624749355366000,0,1000.00000000,0.6990
1624749375183000,0,1000.00000000,0.6977
1624749654220000,0,792.21154016,0.6994
1624749654358000,1,207.78845984,0.6995
1624749799433000,0,180.81081035,0.6970
1624749833423000,0,650.22837000,0.6996
1624749833862000,1,250.00000000,0.6999
1624749944083000,0,399.27524134,0.6973
1624750331888000,0,848.44810565,0.6987
1624750870537000,1,412.13614653,0.6965
1624751162924000,0,802.63516000,0.7035
1624751389203000,1,858.77548342,0.6983
1624751390194000,1,183.84103825,0.6983
1624751390194000,1,816.15896175,0.6981
1624751396750000,0,803.39260693,0.7001
1624751405064000,0,852.24204644,0.7007
1624751551278000,1,400.18014074,0.7028
1624751564454000,1,356.40967153,0.7019
1624751684585000,1,356.15072298,0.7013
1624751804786000,1,356.46048991,0.7013
1624751876981000,0,635.19165999,0.7045
1624752106167000,1,1000.00000000,0.7087
1624752118712000,1,1000.00000000,0.7087
1624752119658000,1,1000.00000000,0.7084
1624752180800000,1,1000.00000000,0.7081
1624752299136000,0,988.48297000,0.7072
1624752504638000,0,977.63237000,0.7075
1624752525115000,1,353.37686936,0.7073
1624752621878000,0,783.38430000,0.7118
1624752645178000,1,351.21731922,0.7115
1624752765470000,1,351.21731922,0.7113
1624752836193000,0,858.45221000,0.7146
1624752838785000,0,632.11750000,0.7148
1624752885497000,1,351.44937723,0.7161
1624753021963000,1,1000.00000000,0.7168
1624753028157000,0,390.37930511,0.7162
1624753040939000,1,1000.00000000,0.7159
1624753058283000,1,1000.00000000,0.7155
1624753205412000,0,896.67366999,0.7161
1624753208044000,0,872.19760000,0.7162
1624753251875000,1,1000.00000000,0.7148
1624753285152000,1,791.18985028,0.7095
1624753297906000,1,177.99125669,0.7091
1624753301497000,0,851.38111266,0.7080
1624753302550000,0,1000.00000000,0.7091
1624753320998000,0,828.04661000,0.7111
1624753464411000,1,177.92913717,0.7134
1624753615918000,0,83.00000000,0.7136
1624753957802000,1,1000.00000000,0.7150
1624754072023000,1,1000.00000000,0.7150
1624754451613000,1,396.75377424,0.7150
1624754454722000,0,395.32132352,0.7139
1624754458826000,1,209.00000000,0.7115
1624754459453000,0,395.57069000,0.7132
1624754922037000,0,211.50391679,0.7102
1624754922037000,0,250.00000000,0.7104
1624754922156000,1,211.50391679,0.7103
1624754930357000,1,384.15182045,0.7097
1624755228370000,1,413.05053752,0.7140
1624755669068000,0,207.23729695,0.7121
1624757680591000,1,821.52193769,0.7168
1624757680591000,1,178.47806231,0.7168
1624758189662000,0,613.80393000,0.7195
1624759867774000,0,1000.00000000,0.7157
1624760312955000,0,415.02612439,0.7176
1624760312955000,0,377.68267039,0.7179
1624760316343000,0,1000.00000000,0.7206
1624760578794000,0,208.74494427,0.7194
1624760578794000,0,791.25505573,0.7196
1624760592858000,0,208.05632495,0.7224
1624760592959000,1,208.05632495,0.7227
1624760592960000,1,41.94367505,0.7227
1624761492409000,1,250.00000000,0.7163
1624761492409000,1,750.00000000,0.7162
1624762060799000,1,425.79901128,0.7126
1624762403023000,1,454.14577928,0.7134
1624762493727000,0,210.59658790,0.7131
1624762493727000,0,789.40341210,0.7132
1624762996743000,1,806.57177011,0.7141
1624762996743000,1,193.42822989,0.7140
1624764277001000,0,793.94016950,0.7125
1624764281149000,0,97.44708000,0.7125
1624764449789000,0,1000.00000000,0.7108
1624764612357000,1,386.37034463,0.7107
1624765141611000,1,412.10106393,0.7134
1624765516574000,1,250.00000000,0.7128
1624765516574000,1,750.00000000,0.7126
1624765594774000,1,401.78950456,0.7137
1624765602965000,1,385.37496851,0.7141
1624765606074000,0,761.60062000,0.7170
1624765696043000,1,1000.00000000,0.7134
1624765831957000,0,249.99998327,0.7129
1624766414558000,1,386.09763337,0.7135
1624766569418000,1,125.63608323,0.7120
1624766609159000,1,386.54298922,0.7143
1624766631826000,1,396.07927949,0.7153
1624767842196000,0,1000.00000000,0.7120
1624768166158000,1,1000.00000000,0.7116
1624768386578000,1,405.00405895,0.7152
1624768387081000,1,1000.00000000,0.7153
1624768479377000,0,654.04341000,0.7178
1624770323531000,1,859.57930941,0.7115
1624770663673000,1,414.59415416,0.7136
1624770742592000,1,855.27706715,0.7078
1624770753234000,0,803.33234806,0.7082
1624770756755000,0,90.73486000,0.7086
1624770757931000,0,925.39139000,0.7086
1624770758241000,0,612.46969000,0.7099
1624770759391000,1,249.98590756,0.7096
1624770759978000,1,0.01409244,0.7096
1624770759978000,1,450.38878504,0.7086
1624770760047000,0,291.80574252,0.7085
1624770772729000,1,652.98385895,0.7085
1624770971939000,1,390.30250669,0.7078
1624772157762000,1,1000.00000000,0.7050
1624772265192000,0,454.05996638,0.7049
1624773029877000,0,209.00000000,0.6986
1624773172774000,0,1000.00000000,0.6981
1624773173507000,1,249.99998291,0.6981
1624773176132000,0,817.84572061,0.6970
1624773705683000,1,394.11985707,0.6975
1624774217906000,1,393.24714874,0.7019
1624774586486000,1,1000.00000000,0.6983
1624775647623000,0,163.05794467,0.6988
1624775718765000,0,1000.00000000,0.6968
1624776003360000,1,447.31494844,0.6943
1624776099818000,1,867.04947020,0.6932
1624776781399000,1,137.69549858,0.6968
1624777583459000,1,400.44986298,0.6955
1624777583459000,1,14.94483261,0.6953
1624777583493000,1,400.44988922,0.6953
1624777583493000,1,431.92921625,0.6951
1624777583580000,1,400.44983824,0.6955
1624778078930000,0,431.44816765,0.6964
1624779255677000,0,215.22941992,0.6982
1624779255677000,0,250.00000000,0.6986
1624779313393000,0,390.79673659,0.7014
1624779330119000,0,739.85942000,0.7057
1624779334315000,0,822.44832000,0.7059
1624779346286000,0,838.12657564,0.7079
1624779376389000,0,766.96485000,0.7131
1624779377367000,0,671.38561000,0.7136
1624779381665000,1,834.52598207,0.7139
1624779391050000,0,402.53138010,0.7157
1624779391566000,0,1000.00000000,0.7156
1624779393656000,0,399.51805487,0.7157
1624779396855000,0,409.47676719,0.7157
1624779404964000,0,250.00000000,0.7173
1624779408042000,1,1000.00000000,0.7165
1624779488001000,0,250.00000000,0.7223
1624779489098000,0,883.73164000,0.7231
1624779491543000,0,973.09667000,0.7238
1624779502968000,0,1000.00000000,0.7234
1624779503690000,1,1000.00000000,0.7232
1624779512108000,0,250.00000000,0.7238
1624779519708000,0,250.00000000,0.7243
1624779527586000,0,250.00000000,0.7243
1624779532725000,0,250.00000000,0.7247
1624779538736000,0,249.99999500,0.7250
1624779570953000,0,901.89560000,0.7157
1624779573565000,0,930.99715000,0.7149
1624779603639000,1,1000.00000000,0.7153
1624780143004000,0,841.38341891,0.7137
1624780143004000,0,158.61658109,0.7137
1624780441248000,0,846.36479296,0.7094
1624780899439000,1,197.71886831,0.7055
1624780899439000,1,52.28113169,0.7049
1624780900151000,0,189.51832736,0.7051
1624781027249000,0,851.82647229,0.7047
1624781291380000,1,388.60863447,0.7033
1624781291930000,1,1000.00000000,0.7035
1624782708135000,0,432.14503737,0.7177
1624782708135000,0,1003.70437000,0.7177
1624782757574000,0,403.87064905,0.7194
1624782758082000,0,1000.00000000,0.7194
1624782758082000,0,250.00000000,0.7197
1624782787370000,0,458.27442377,0.7172
1624782928857000,1,856.25458468,0.7113
1624782928857000,1,143.74541532,0.7112
1624782935449000,1,1000.00000000,0.7099
1624782936641000,1,1000.00000000,0.7099
1624782937666000,1,650.91714647,0.7099
1624783227306000,1,397.19994861,0.7040
1624783227802000,1,1000.00000000,0.7043
1624783279796000,0,852.51760336,0.7047
1624783599241000,0,802.92694000,0.6976
1624783615097000,1,409.42219339,0.6979
1624783615097000,1,250.00000000,0.6976
1624783615097000,1,253.58311661,0.6975
1624783625205000,0,601.54377000,0.6982
1624783632238000,1,409.84070618,0.6985
1624783632405000,0,308.14913382,0.6982
1624783652751000,0,73.10531000,0.6999
1624783653330000,0,73.11982000,0.6999
1624783653764000,0,73.11982000,0.6999
1624783657544000,0,74.49846000,0.7006
1624783658393000,0,73.26484000,0.7006
1624783659394000,0,74.38764000,0.6999
1624783660378000,0,156.51950000,0.6999
1624783662084000,0,569.65143000,0.7002
1624783662473000,0,287.80452614,0.7002
1624783663035000,0,569.95253000,0.7002
1624783663489000,0,287.50342614,0.7002
1624783664960000,0,438.35646000,0.7002
1624783665646000,0,419.09949614,0.7002
1624783666455000,0,120.91539000,0.7002
1624783667168000,0,88.82000000,0.7002
1624783704702000,1,1000.00000000,0.6946
1624783783768000,0,863.55155801,0.6952
1624783832788000,1,644.07617846,0.7010
1624783853175000,1,250.00000000,0.7002
1624783888881000,1,1000.00000000,0.6973
1624783889916000,1,821.80740780,0.6977
1624783894212000,1,821.24519766,0.6955
1624783894292000,0,395.80820570,0.6973
1624783894292000,0,394.90218796,0.6975
1624783901635000,0,833.91147000,0.6955
1624783905316000,1,823.11258392,0.6962
1624783905411000,0,390.19314208,0.6973
1624783905411000,0,384.31515777,0.6976
1624783908144000,1,409.87767997,0.6947
1624783908216000,0,117.10003209,0.6946
1624783908219000,0,318.98567794,0.6946
1624783926315000,0,831.65921000,0.6952
1624783933223000,0,953.25674000,0.6958
1624783953288000,0,426.76930576,0.6976
1624783953288000,0,573.23069424,0.6976
1624783973641000,1,107.12570600,0.6972
1624784007064000,1,1000.00000000,0.6969
1624784032871000,0,249.99998288,0.6968
1624784033833000,0,750.00001712,0.6968
1624784093262000,1,106.58226700,0.6962
1624784458244000,0,648.84278112,0.6944
1624784573379000,1,125.26158200,0.6947
1624784693441000,1,124.75095800,0.6962
1624784731929000,0,805.46901664,0.6979
1624785138133000,0,1000.00000000,0.6969
1624785205184000,1,1000.00000000,0.6966
1624785217371000,0,807.37383684,0.6959
1624785273324000,0,864.20156288,0.6952
1624785317883000,0,647.91010795,0.6954
1624785713625000,1,125.27860700,0.6927
1624786021266000,0,389.69826850,0.6934
1624786021774000,0,1000.00000000,0.6933
1624786021971000,0,464.77315481,0.6943
1624786197735000,0,999.99996553,0.6920
1624786554022000,1,124.70880700,0.6858
1624786830479000,0,656.09799473,0.6866
1624786831473000,0,656.09799473,0.6866
1624786908068000,1,1000.00000000,0.6857
1624786916594000,1,1000.00000000,0.6850
1624786921722000,0,46.63440000,0.6854
1624786937398000,0,1000.00000000,0.6845
1624787297827000,1,454.77441504,0.6818
1624787497379000,0,660.37732226,0.6822
1624787497379000,0,250.00000000,0.6823
1624789322183000,0,798.47491063,0.6845
1624789322356000,1,382.16384108,0.6845
1624789987593000,0,206.57376302,0.6796
1624790940019000,1,389.18572337,0.6802
1624790940114000,0,791.45302834,0.6802
1624792835519000,1,1000.00000000,0.6798
1624793056367000,0,250.00000000,0.6820
1624793056555000,1,413.36953670,0.6822
1624793056555000,1,750.00000000,0.6822
1624793844195000,1,1000.00000000,0.6878
1624795016293000,0,799.80751822,0.6894
1624795263138000,1,1000.00000000,0.6861
1624797206960000,1,449.08761585,0.6903
1624797207945000,0,1000.00000000,0.6909
1624797385197000,0,1000.00000000,0.6911
1624799694493000,0,250.00000000,0.6904
1624799694560000,1,444.21327594,0.6905
1624800441320000,1,193.32963194,0.6892
1624800441320000,1,806.67036806,0.6892
1624801626067000,0,35.59753000,0.6851
1624802700402000,1,1000.00000000,0.6841
1624803400674000,0,250.00000000,0.6774
1624803400782000,1,750.00000000,0.6778
1624803633765000,0,843.97833640,0.6790
1624803635471000,0,1000.00000000,0.6802
1624803762272000,1,1000.00000000,0.6781
1624803763803000,1,1000.00000000,0.6778
1624804432994000,1,791.26890921,0.6826
1624804439164000,1,387.57540926,0.6832
1624804439669000,1,1000.00000000,0.6833
1624805799510000,0,999.99996496,0.6804
1624806604505000,1,367.39852452,0.6803
1624806724575000,1,367.51194413,0.6805
1624806844718000,1,132.80684400,0.6804
1624806964711000,1,132.28267200,0.6801
1624807635788000,1,856.44373563,0.6821
1624807878415000,0,166.73252835,0.6833
1624808141348000,1,1000.00000000,0.6813
1624808560148000,0,795.65447029,0.6789
1624808863915000,0,807.09340431,0.6814
1624808881982000,0,720.21888000,0.6862
1624808883037000,0,990.89052000,0.6864
1624809037336000,1,1000.00000000,0.6949
1624809038861000,1,1000.00000000,0.6949
1624809137812000,0,619.45310999,0.6996
1624809138125000,0,0.00000001,0.6996
1624809138856000,0,1000.00000000,0.7007
1624809139009000,0,220.80386000,0.7007
1624809139009000,0,844.07997099,0.7009
1624809144015000,0,413.09064842,0.7010
1624809144220000,0,1000.00000000,0.7006
1624809151803000,0,250.00000000,0.7013
1624809153420000,0,386.11365460,0.7018
1624809154168000,0,250.00000000,0.7016
1624809156569000,0,250.00000000,0.7016
1624809176974000,0,392.60684182,0.7025
1624809177548000,0,1000.00000000,0.7024
1624809208451000,0,250.00000000,0.7030
1624809234037000,0,192.07984889,0.6979
1624809242966000,0,719.83408000,0.6977
1624809296980000,0,951.03232000,0.6941
1624809552517000,1,404.06521564,0.6886
1624809619928000,1,866.83483367,0.6882
1624809619928000,1,405.71170414,0.6882
1624809620430000,1,1000.00000000,0.6885
1624809621706000,1,411.80045735,0.6878
1624809624250000,1,695.22917862,0.6877
1624809773169000,1,396.72042695,0.6883
1624809773696000,1,1000.00000000,0.6886
1624810117368000,1,250.00000000,0.6871
1624810117398000,0,750.00000000,0.6868
1624810446295000,1,347.61460000,0.6820
1624810566377000,1,174.06448200,0.6813
1624810851534000,1,173.55009600,0.6810
1624810852066000,0,756.28283000,0.6841
1624810985760000,1,1000.00000000,0.6825
1624810990743000,1,974.50308546,0.6822
1624810991385000,0,409.74322214,0.6819
1624811166759000,1,366.92938810,0.6797
1624811286965000,1,242.09819300,0.6796
1624811527054000,1,182.48482800,0.6775
1624811902988000,1,395.25475062,0.6755
1624812337554000,1,1000.00000000,0.6748
1624813297237000,0,109.00000000,0.6763
1624813360719000,1,1000.00000000,0.6769
1624813571320000,0,795.72012000,0.6913
1624813573442000,0,713.20976000,0.6916
1624813704686000,0,951.02652000,0.6964
1624813740406000,1,1000.00000000,0.6917
1624813746308000,0,401.63476919,0.6924
1624813746885000,0,1000.00000000,0.6922
1624814183632000,1,1000.00000000,0.6925
1624814183757000,1,11.23363419,0.6925
1624814396620000,1,390.58313549,0.6815
1624814397232000,1,1000.00000000,0.6817
1624814397232000,1,415.38867780,0.6816
1624814407712000,1,201.00000000,0.6809
1624814407712000,1,155.02321700,0.6809
1624814490397000,0,817.11256494,0.6810
1624814573368000,1,386.09189557,0.6777
1624814647855000,1,136.47573200,0.6802
1624814767902000,1,112.48028900,0.6816
1624816669255000,1,862.37547132,0.6789
1624816845064000,1,1000.00000000,0.6776
1624816846083000,1,681.01831446,0.6771
1624816887877000,1,1000.00000000,0.6771
1624817019627000,1,1000.00000000,0.6767
1624817171574000,1,247.65273000,0.6742
1624817182013000,1,409.71431238,0.6745
1624817184743000,1,247.65268920,0.6742
1624817189505000,1,616.52438244,0.6742
1624817252357000,0,808.65760581,0.6693
1624817259159000,1,410.02961169,0.6682
1624817259947000,1,404.63580967,0.6681
1624817260456000,1,1000.00000000,0.6685
1624817260456000,1,626.76782143,0.6681
1624817260456000,1,397.44236626,0.6677
1624817260456000,1,388.49528011,0.6677
1624817260456000,1,486.74816182,0.6674
1624817528609000,1,152.25517100,0.6654
1624817648645000,1,151.72532800,0.6668
1624817658854000,0,86.37915000,0.6665
1624817659367000,0,89.96042000,0.6663
1624817659958000,0,89.96222000,0.6663
1624817660841000,0,110.76862000,0.6663
1624818008777000,1,185.95317500,0.6696
1624818128801000,1,185.44610900,0.6684
1624820407285000,1,500.00000000,0.6707
1624821040802000,1,411.94049428,0.6720
1624821072993000,0,201.00000000,0.6741
1624821124052000,1,796.28666132,0.6850
1624821172684000,0,408.42567460,0.6878
1624821182761000,0,410.49228491,0.6881
1624821222284000,1,1000.00000000,0.6870
1624821268386000,1,140.20681854,0.6852
1624821268591000,0,396.16328161,0.6848
1624821347463000,0,402.16990484,0.6833
1624821349630000,0,409.52813732,0.6833
1624821418202000,0,196.33368822,0.6835
1624821418278000,1,394.94970332,0.6831
1624821436456000,0,675.84569000,0.6784
1624821449857000,0,873.64491000,0.6784
1624821465417000,1,1000.00000000,0.6770
1624821981031000,0,663.30029000,0.6744
1624822005900000,0,742.55788000,0.6774
1624822007826000,0,719.76909000,0.6791
1624822011050000,1,444.28368060,0.6791
1624822029391000,0,76.58023000,0.6745
1624822029912000,0,76.55956000,0.6742
1624822037505000,0,612.52448000,0.6746
1624822045217000,0,849.11535000,0.6753
1624822046609000,0,749.45129000,0.6750
1624822079741000,0,395.37315618,0.6738
1624822079741000,0,396.06947880,0.6740
1624822149748000,1,195.58132800,0.6762
1624822269837000,1,194.44811386,0.6786
1624822518721000,1,1000.00000000,0.6794
1624822518957000,1,304.88855200,0.6794
1624822630013000,1,152.99368800,0.6738
1624823061565000,0,1000.00000000,0.6766
1624823252921000,0,882.05178000,0.6827
1624823254895000,1,857.40453045,0.6825
1624823261067000,1,1000.00000000,0.6800
1624823263153000,1,557.33983904,0.6800
1624823491850000,0,221.61941963,0.6779
1624823491960000,1,778.38058037,0.6782
1624823492461000,1,413.35085098,0.6777
1624823493012000,1,1000.00000000,0.6778
1624823888785000,0,1000.00000000,0.6762
1624824006580000,1,1000.00000000,0.6762
1624824310579000,1,472.89068391,0.6742
1624824592564000,0,455.63823226,0.6742
1624825856931000,0,847.89400797,0.6734
1624826674368000,0,222.71394742,0.6743
1624826674492000,1,222.71394742,0.6747
1624826674564000,1,173.87636660,0.6747
1624826674564000,1,446.94344331,0.6745
1624826674564000,1,398.25831563,0.6744
1624826675903000,1,222.72796630,0.6743
1624826902842000,1,195.67385331,0.6725
1624826902842000,1,250.00000000,0.6725
1624826922767000,0,415.14194739,0.6728
1624827016794000,1,222.94584918,0.6720
1624827016794000,1,777.05415082,0.6720
1624827017167000,0,388.23360000,0.6720
1624827017854000,1,627.29913000,0.6723
1624827017854000,1,372.70087000,0.6720
1624827251092000,1,186.08739700,0.6723
1624827696466000,1,186.61354000,0.6740
1624828201968000,1,853.21375386,0.6762
1624828204798000,0,650.95025999,0.6785
1624828627311000,0,386.34134567,0.6788
1624828674426000,1,250.00000000,0.6771
1624828674588000,0,750.00000000,0.6768
1624828691993000,1,1000.00000000,0.6759
1624828931888000,1,125.27737800,0.6762
1624830447101000,1,789.17780741,0.6761
1624830488945000,1,414.44357917,0.6761
1624830492833000,1,124.37948227,0.6754
1624831265788000,0,805.36888294,0.6774
1624831401859000,0,832.49658809,0.6777
1624831404297000,0,932.48777000,0.6789
1624831407474000,0,866.81696000,0.6790
1624831775523000,0,656.20637564,0.6882
1624831986591000,1,840.50631033,0.6915
1624831995336000,1,854.18897851,0.6908
1624831995590000,0,145.81102149,0.6907
1624831995590000,0,387.88463421,0.6909
1624832054259000,1,870.53230160,0.6927
1624832056668000,1,3693.96095335,0.6913
1624832073945000,0,705.30053000,0.6910
1624832107824000,0,792.67054000,0.6924
1624832174051000,1,184.70326300,0.6909
1624832202618000,0,798.48255000,0.6938
1624832955339000,0,235.07218548,0.7022
1624833820409000,1,250.00000000,0.7035
1624833820722000,0,502.47185000,0.7035
1624833955190000,0,401.89686547,0.7056
1624833959118000,1,1000.00000000,0.7052
1624833984046000,1,397.89524868,0.7042
1624833984139000,1,416.38674727,0.7040
1624834646630000,0,983.53663000,0.7059
1624834646630000,0,16.46337000,0.7061
1624834950847000,0,385.10036878,0.7059
1624835795531000,0,277.66317116,0.7178
1624835848226000,0,880.18015000,0.7210
1624835854782000,0,250.00000000,0.7213
1624835854827000,0,615.16949000,0.7213
1624835912664000,0,400.49155352,0.7245
1624835927514000,0,760.00981000,0.7256
1624835929978000,0,680.23379000,0.7250
1624835933812000,0,913.56055000,0.7260
1624835984838000,0,732.43305000,0.7270
1624835987153000,0,667.46607000,0.7269
1624836039174000,0,698.31084000,0.7281
1624836052680000,0,645.00928000,0.7282
1624836084297000,0,974.94271000,0.7289
1624836088191000,0,842.48241000,0.7291
1624836125935000,0,714.47562000,0.7298
1624836225568000,0,873.08811000,0.7311
1624836330168000,0,959.27988000,0.7304
1624836332192000,1,792.64572000,0.7304
1624836503789000,0,389.59935514,0.7323
1624836503789000,0,396.11282306,0.7326
1624836682364000,1,1000.00000000,0.7318
1624837034055000,0,985.84221000,0.7331
1624837056869000,0,688.17742000,0.7334
1624837058274000,0,760.46055315,0.7333
1624837058370000,0,137.74713685,0.7333
1624837072810000,0,1227.04441000,0.7412
1624837072810000,0,1245.95004000,0.7430
1624837072810000,0,635.71386553,0.7434
1624837073360000,0,1786.75963000,0.7482
1624837074089000,1,250.00000000,0.7429
1624837074089000,1,391.46537000,0.7422
1624837103142000,0,254.96784000,0.7449
1624837103867000,0,255.04250000,0.7445
1624837104303000,0,158.59396890,0.7445
1624837104303000,0,96.41247110,0.7445
1624837107580000,0,805.39979000,0.7447
1624837109974000,0,405.90036313,0.7469
1624837109974000,0,341.31759687,0.7471
1624837117482000,0,816.70854018,0.7510
1624837122532000,0,183.98233000,0.7503
1624837127085000,0,726.63024000,0.7503
1624837127897000,0,650.02595000,0.7491
1624837146437000,0,921.16456000,0.7482
1624837155619000,0,812.37602000,0.7482
1624837159584000,0,871.05741000,0.7477
1624837163366000,0,641.49901000,0.7485
1624837165690000,1,1000.00000000,0.7476
1624837181337000,0,809.73010000,0.7491
1624837209670000,0,1000.00000000,0.7466
1624837218147000,1,1000.00000000,0.7460
1624837220198000,1,1000.00000000,0.7460
1624837237836000,0,796.05442000,0.7464
1624837239376000,0,700.72093000,0.7461
1624837241570000,0,857.42906000,0.7461
1624837312834000,0,767.00527000,0.7468
1624837314971000,0,824.42118000,0.7464
1624837332892000,1,1000.00000000,0.7464
1624837453489000,1,1000.00000000,0.7463
1624837464966000,0,1000.00000000,0.7463
1624837507650000,0,943.02434000,0.7464
1624837510274000,0,855.75774000,0.7466
1624837742390000,0,1000.00000000,0.7444
1624837744485000,0,1000.00000000,0.7445
