timestamp ms,type,amount,price
1622246525298000,1,338.24925274,1.0600
1622246636321000,1,335.16842564,1.0525
1622249666325000,0,3666.31628787,1.0800
1622249735609000,0,908.09088000,1.0827
1622250008875000,0,627.90353000,1.0812
1622250068441000,0,957.55745000,1.0816
1622250077525000,0,1000.31442000,1.0816
1622250090846000,0,658.19635000,1.0822
1622256481812000,0,61.72072072,1.0820
1622264031325000,0,331.18508639,1.0617
1622264075526000,1,438.51439851,1.0646
1622264076086000,1,309.63473179,1.0645
1622264200909000,1,331.18505842,1.0617
1622265363111000,0,316.64955473,1.0759
1622265363111000,0,687.99444054,1.0775
1622265391496000,0,814.98260000,1.0856
1622265612523000,1,152.83334400,1.0937
1622265640923000,0,644.17857000,1.0932
1622265643993000,1,232.01640820,1.0932
1622265718963000,1,324.03366221,1.0837
1622265718966000,1,658.08176079,1.0837
1622265718971000,1,670.22426771,1.0837
1622265732594000,1,152.83331300,1.0878
1622266213761000,1,333.68382568,1.0974
1622266255774000,1,330.76427066,1.0955
1622267053459000,1,165.69956992,1.0905
1622271059656000,1,325.10743350,1.0908
1622271313476000,1,249.99998161,1.0871
1622274056426000,1,323.57048111,1.0741
1622274456153000,0,655.47154697,1.0691
1622274456153000,0,671.22914874,1.0707
1622274456153000,0,66.31610327,1.0744
1622274457325000,0,98.74859773,1.0744
1622275260740000,1,249.99998142,1.0762
1622275405630000,1,232.36741354,1.0756
1622275417742000,1,98.47891812,1.0756
1622275832680000,1,317.02024716,1.0703
1622276138914000,1,304.86472908,1.0742
1622276285695000,1,332.40856039,1.0769
1622276722292000,1,249.99998137,1.0734
1622276867303000,1,250.00000000,1.0677
1622276918227000,1,321.91217999,1.0688
1622277678597000,1,124.81304900,1.0581
1622280165490000,0,82.16667000,1.0320
1622280166205000,0,83.80729000,1.0320
1622280166713000,0,84.02604000,1.0320
1622280587459000,0,48.32997000,1.0245
1622280588085000,0,48.72914000,1.0245
1622280588824000,0,28.12783600,1.0245
1622280588824000,0,20.26031400,1.0245
1622280589963000,0,48.49314000,1.0245
1622280590838000,0,49.12184000,1.0245
1622280822026000,1,332.07400755,1.0185
1622286306053000,1,50.00000000,1.0234
1622286441541000,1,337.74140712,1.0267
1622289769574000,0,340.77624803,1.0249
1622289769574000,0,333.83678780,1.0264
1622289769642000,0,340.77627103,1.0264
1622289769642000,0,675.08285436,1.0280
1622290435817000,1,242.97793760,1.0277
1622290694930000,1,81.12299404,1.0277
1622290748103000,1,328.95960615,1.0241
1622291396111000,1,138.66007468,1.0204
1622292891086000,0,48.90561000,1.0150
1622293616848000,1,100.85080900,1.0078
1622294094907000,0,57.70312000,0.9941
1622294095497000,0,63.99351000,0.9941
1622294096233000,0,60.19625000,0.9941
1622294096969000,0,63.22084000,0.9941
1622294097779000,0,4.88625989,0.9941
1622294284865000,1,338.87802290,0.9978
1622294577062000,0,66.48796000,0.9939
1622294577716000,0,63.69710000,0.9939
1622294578353000,0,68.77982000,0.9939
1622294579436000,0,70.84530000,0.9939
1622295358351000,0,100.72040700,0.9875
1622300718767000,0,118.65819500,0.9870
1622301184162000,1,336.55780940,0.9808
1622301208670000,1,345.46213076,0.9772
1622301218505000,1,343.92821510,0.9767
1622301219699000,1,675.51973081,0.9761
1622302069459000,1,250.00000000,0.9694
1622302171532000,0,154.67888655,0.9650
1622302176837000,0,353.08566348,0.9681
1622302180940000,0,685.64091608,0.9694
1622302192807000,0,103.33460779,0.9677
1622302203261000,0,647.20444997,0.9753
1622302207038000,1,153.38121929,0.9744
1622302219057000,0,676.91252310,0.9727
1622302337242000,1,667.45839718,0.9718
1622302463423000,1,345.24763251,0.9694
1622302528073000,0,336.50830346,0.9628
1622302528073000,0,670.96415540,0.9645
1622302648385000,1,328.27093175,0.9733
1622302668082000,1,670.74110032,0.9719
1622302683660000,1,249.99997936,0.9689
1622303196258000,1,187.54020194,0.9708
1622303459115000,0,709.98483497,0.9689
1622303464007000,0,132.98365000,0.9684
1622303491016000,1,109.83511582,0.9681
1622303491018000,1,106.43228258,0.9681
1622303556733000,1,106.77711100,0.9680
1622303676327000,1,343.70368635,0.9678
1622304107249000,1,352.17153414,0.9652
1622304220971000,1,326.41524566,0.9774
1622304220974000,1,684.61620962,0.9774
1622304220976000,1,516.97439800,0.9774
1622304221059000,0,140.34566475,0.9769
1622304224973000,1,344.35828768,0.9856
1622304230469000,1,325.04856481,0.9849
1622304252501000,1,694.33416862,0.9819
1622304389566000,1,660.96717300,0.9689
1622304856242000,1,207.80411070,0.9601
1622304856242000,1,322.39296964,0.9601
1622305015599000,0,242.09582200,0.9618
1622305342211000,1,331.93592679,0.9702
1622305653207000,0,331.83293869,0.9579
1622305654897000,0,71.40303000,0.9627
1622305655377000,0,68.34856000,0.9627
1622305656587000,0,69.94165000,0.9627
1622305657043000,0,940.25780000,0.9627
1622305703431000,0,803.63116000,0.9631
1622305714885000,1,321.08911323,0.9648
1622305839912000,1,355.51544414,0.9638
1622306628342000,1,339.36799336,0.9827
1622306830836000,0,1524.60349448,0.9851
1622306830934000,1,1477.36580875,0.9851
1622307679525000,1,338.23433907,0.9889
1622308067957000,1,249.99997960,0.9800
1622308923025000,0,60.28555000,0.9727
1622308923960000,0,57.06229000,0.9727
1622308924533000,0,58.09350000,0.9727
1622308926479000,0,52.98961000,0.9727
1622308927023000,0,55.80433000,0.9727
1622308927504000,0,54.83156000,0.9727
1622308928069000,0,52.17864000,0.9727
1622308928894000,0,53.75111000,0.9727
1622309531912000,1,1542.25498829,0.9708
1622309532028000,0,1459.71431494,0.9708
1622309683772000,1,187.79029897,0.9700
1622309879321000,1,329.49329385,0.9654
1622309879325000,1,717.06756435,0.9654
1622309879325000,1,503.18378488,0.9654
1622309879325000,1,148.72263690,0.9639
1622309910119000,1,188.19378011,0.9675
1622310053653000,1,326.92141712,0.9655
1622310374181000,1,134.60637767,0.9615
1622310521380000,1,177.99428200,0.9542
1622310643688000,0,110.81028000,0.9515
1622310644450000,0,24.51202300,0.9515
1622310881801000,1,263.32143120,0.9444
1622311001935000,1,118.53996600,0.9454
1622311122048000,1,126.59107000,0.9464
1622311242181000,1,188.09208900,0.9449
1622311362464000,1,188.09204500,0.9504
1622311602563000,1,263.23270824,0.9459
1622311722689000,1,221.44637765,0.9456
1622311768470000,1,241.45071600,0.9450
1622311794916000,1,245.73046900,0.9416
1622311805705000,1,151.81910693,0.9395
1622311842810000,1,248.11970563,0.9348
1622311932341000,1,349.93026379,0.9333
1622311962941000,1,125.34909534,0.9348
1622312083188000,1,122.25900824,0.9337
1622312714936000,0,54.54943000,0.9422
1622313163730000,1,2499.99997882,0.9440
1622313402372000,0,527.76842105,0.9500
1622314124739000,1,140.73760400,0.9392
1622314364918000,1,124.81149000,0.9353
1622314965253000,1,266.73779674,0.9387
1622315085483000,1,263.11174398,0.9440
1622315259407000,1,250.92061700,0.9444
1622315686087000,1,254.23934800,0.9347
1622315926280000,1,258.51509700,0.9314
1622317687494000,0,350.30650000,0.9229
1622317687707000,0,0.00007672,0.9229
1622317687707000,0,719.84822328,0.9234
1622318096968000,1,337.16510025,0.9384
1622318253679000,1,1599.53932290,0.9362
1622318316855000,1,342.03861149,0.9359
1622318451873000,1,250.00000000,0.9379
1622318451873000,1,124.27828228,0.9328
1622318451879000,1,725.93475253,0.9328
1622318451883000,1,701.59717886,0.9328
1622318570707000,1,250.00000000,0.9384
1622318573475000,0,250.00000000,0.9384
1622318575731000,0,250.00000000,0.9384
1622318577946000,0,250.00000000,0.9384
1622318594123000,1,86.19046548,0.9389
1622319080001000,1,338.99530496,0.9421
1622319148944000,1,355.91643783,0.9380
1622319223235000,1,250.00000000,0.9331
1622319223235000,1,92.52374365,0.9291
1622319223241000,1,727.14282000,0.9291
1622319223243000,1,741.89826471,0.9291
1622319289246000,1,124.87830500,0.9319
1622319304528000,1,237.78729914,0.9319
1622319318756000,1,363.23461134,0.9310
1622319363515000,1,350.87776638,0.9292
1622319420592000,1,707.53030698,0.9278
1622319743412000,1,363.17696477,0.9231
1622319889772000,1,125.31058100,0.9251
1622320129908000,1,124.91499456,0.9277
1622320561920000,0,725.43930138,0.9261
1622320561923000,0,0.00002181,0.9261
1622320618603000,1,353.24444132,0.9303
1622320637711000,1,341.50639164,0.9337
1622320822319000,0,249.99997877,0.9416
1622320970481000,1,125.08498400,0.9379
1622321330795000,1,125.21835400,0.9363
1622321450735000,1,124.78161400,0.9354
1622323176682000,0,56.63076000,0.9481
1622323177199000,0,55.64544000,0.9481
1622323177932000,0,55.85557000,0.9481
1622323178472000,0,70.46075000,0.9481
1622323183996000,0,80.98048000,0.9480
1622323184701000,0,52.57543300,0.9480
1622324138703000,0,737.20555979,0.9011
1622324138703000,0,373.33511224,0.9011
1622324138703000,0,471.59225836,0.9011
1622324138704000,0,269.25490521,0.9011
1622324195794000,1,346.47099437,0.9474
1622324210636000,1,670.32877731,0.9472
1622324211276000,1,351.11311631,0.9485
1622324239236000,1,347.15019233,0.9439
1622324423310000,1,348.51893449,0.9493
1622326339469000,0,250.00000000,0.9566
1622326339469000,0,1571.02031503,0.9566
1622326339566000,1,1571.02031503,0.9566
1622326339670000,1,10471.23702943,0.9566
1622326340157000,1,1220.99306061,0.9566
1622326496986000,1,150.12570100,0.9483
1622326663875000,1,712.18638861,0.9387
1622326663878000,1,344.86258493,0.9387
1622326663879000,1,673.68265359,0.9387
1622326688831000,1,333.04972945,0.9470
1622326762659000,1,350.86686777,0.9488
1622326852357000,1,338.55300933,0.9462
1622326852357000,1,669.87662321,0.9456
1622326852357000,1,1583.29477608,0.9452
1622326852450000,0,10550.72721116,0.9450
1622326852467000,0,1582.60908168,0.9450
1622326852641000,0,359.21001864,0.9450
1622326977340000,1,264.18962474,0.9463
1622327084500000,0,249.99997886,0.9506
1622328709354000,1,353.95473902,0.9479
1622329140350000,1,250.00000000,0.9488
1622329140350000,1,487.19127381,0.9441
1622329140350000,1,717.65261718,0.9441
1622329252446000,1,327.25246937,0.9528
1622329295080000,1,331.56075135,0.9497
1622330039494000,1,110.90954200,0.9490
1622330105927000,1,354.93088311,0.9527
1622331316172000,0,336.98938266,0.9692
1622332152474000,1,344.54622990,0.9626
1622332360576000,0,106.96903247,0.9348
1622332360825000,0,246.79083097,0.9348
1622332360825000,0,462.55764635,0.9362
