timestamp ms,type,amount,price
1625011539077000,1,1000.00000000,0.7954
1625011604622000,1,240.00000000,0.7950
1625012437867000,0,757.06361191,0.7937
1625012437963000,1,242.93638809,0.7938
1625012452015000,0,755.20387769,0.7960
1625013328863000,1,360.00000000,0.7974
1625013424770000,0,721.18372000,0.8003
1625014104462000,0,390.73729994,0.7981
1625014104980000,0,1000.00000000,0.7980
1625014314816000,0,868.12873949,0.8002
1625015481072000,1,109.93949463,0.7974
1625015481072000,1,890.06050537,0.7974
1625015482036000,1,999.99997016,0.7973
1625016033383000,1,1000.00000000,0.7933
1625016081297000,0,959.46366000,0.7829
1625016091230000,0,692.15489000,0.7837
1625016160743000,0,958.92708580,0.7826
1625016172095000,1,319.52965235,0.7816
1625016181268000,0,958.72075698,0.7829
1625016181352000,1,41.27924302,0.7832
1625016181376000,0,396.01782614,0.7829
1625016181376000,1,392.32485464,0.7827
1625016446771000,0,125.36447000,0.7808
1625016656094000,1,250.00000000,0.7789
1625016656509000,0,203.00000000,0.7785
1625016656976000,0,64.31837000,0.7782
1625016658136000,0,402.87404323,0.7776
1625016658136000,0,183.00402677,0.7778
1625016658876000,0,203.00000000,0.7785
1625016662201000,0,38.38673353,0.7790
1625016688372000,0,696.25947000,0.7765
1625016711517000,0,716.65714505,0.7753
1625016811276000,0,410.93031164,0.7762
1625016811782000,0,404.29053412,0.7764
1625016812056000,0,250.00000000,0.7765
1625016812292000,0,143.58753762,0.7765
1625016812795000,0,876.49504000,0.7772
1625016841151000,0,47.80503000,0.7782
1625016865934000,0,64.81798000,0.7791
1625016866578000,0,64.82242000,0.7791
1625016867452000,0,64.82737000,0.7791
1625016868411000,0,64.82939000,0.7790
1625016869438000,0,64.83770000,0.7790
1625016870434000,0,83.07961000,0.7789
1625016871089000,0,55.17893473,0.7789
1625016871089000,0,36.43536527,0.7790
1625016871825000,0,91.61220000,0.7789
1625016872394000,0,47.44889726,0.7789
1625016872394000,0,44.17602274,0.7790
1625016873116000,0,69.33759604,0.7790
1625016873116000,0,22.30256396,0.7790
1625016892110000,1,322.44750554,0.7788
1625017332066000,0,38.32788224,0.7807
1625018000271000,0,38.23458190,0.7809
1625018023123000,1,1000.00000000,0.7794
1625020652546000,1,1000.00000000,0.7791
1625020733590000,1,250.32834400,0.7789
1625020853643000,1,249.76031200,0.7785
1625020942354000,1,399.48031945,0.7804
1625020942980000,1,1000.00000000,0.7805
1625021034765000,1,961.47996587,0.7810
1625022482110000,0,31.95507000,0.7764
1625022857807000,0,68.85189000,0.7719
1625022862013000,0,64.57608000,0.7719
1625022862731000,0,64.57608000,0.7719
1625022902179000,0,384.21597479,0.7687
1625023124890000,0,390.23083721,0.7677
1625023155894000,0,65.22525000,0.7677
1625023185825000,0,319.92417055,0.7672
1625023358600000,0,68.05759000,0.7669
1625023360578000,0,67.27405000,0.7665
1625023361178000,0,67.27405000,0.7665
1625023362326000,0,65.58557000,0.7665
1625023364556000,0,64.89034000,0.7665
1625023366774000,1,1000.00000000,0.7654
1625023550498000,0,784.55291958,0.7660
1625024979195000,1,1000.00000000,0.7646
1625025235225000,0,791.94264215,0.7652
1625025552587000,1,249.99997379,0.7629
1625025560472000,1,809.96218990,0.7610
1625025715805000,1,125.24071500,0.7619
1625025835864000,1,124.61032357,0.7626
1625026076077000,1,163.19458100,0.7616
1625026274604000,1,1000.00000000,0.7615
1625026490437000,0,1000.00000000,0.7620
1625026726121000,0,771.20294000,0.7603
1625026796457000,1,230.42299000,0.7607
1625027876995000,1,163.50693500,0.7592
1625027913998000,1,250.00000000,0.7591
1625027913998000,1,750.00000000,0.7590
1625027939267000,0,198.74142431,0.7564
1625028464294000,1,250.00000000,0.7518
1625028464294000,1,648.00000000,0.7517
1625028465683000,0,68.93414000,0.7523
1625028637975000,1,13342.89798408,0.7500
1625028638361000,1,1000.00000000,0.7500
1625028638476000,1,657.10201592,0.7500
1625028993186000,0,401.10044763,0.7491
1625029077550000,1,124.21726200,0.7480
1625029197686000,1,123.66141800,0.7458
1625029203070000,1,64.76000000,0.7458
1625029357423000,0,401.59133397,0.7488
1625029677867000,1,101.98993200,0.7478
1625029797918000,1,101.43022800,0.7487
1625029912240000,0,161.92125774,0.7506
1625030908188000,0,400.00327810,0.7512
1625030909497000,0,400.00327810,0.7512
1625030930881000,0,400.00327810,0.7512
1625030938879000,0,250.00000000,0.7521
1625030938959000,1,399.85990781,0.7521
1625030940252000,0,884.77274000,0.7538
1625035166007000,1,1000.00000000,0.7669
1625035193170000,1,346.92576687,0.7661
1625035193373000,0,653.07423313,0.7660
1625035259470000,1,173.46292200,0.7656
1625035379554000,1,173.46284400,0.7650
1625035856094000,0,787.48724041,0.7665
1625036069584000,0,391.55791025,0.7672
1625036069584000,0,608.44208975,0.7674
1625038188196000,0,1000.00000000,0.7700
1625038595598000,0,1000.00000000,0.7726
1625038914520000,0,406.99825463,0.7747
1625038914520000,0,581.71497354,0.7750
1625038914520000,0,589.09947441,0.7750
1625038914520000,0,438.94831968,0.7750
1625038914520000,0,407.60490972,0.7751
1625038914520000,0,392.59734537,0.7753
1625038914520000,0,874.50798000,0.7754
1625038914520000,0,250.00000000,0.7755
1625038914520000,0,825.60948953,0.7756
1625038914520000,0,1508.72832000,0.7756
1625038914520000,0,203.00000000,0.7763
1625038914520000,0,1576.75142072,0.7763
1625039100337000,0,995.14614000,0.7769
1625039792982000,0,877.07646000,0.7789
1625040548091000,1,35.22213647,0.7791
1625040810260000,1,203.00000000,0.7791
1625040810260000,1,388.32799852,0.7791
1625041809179000,0,1000.00000000,0.7809
1625041810119000,1,1000.00000000,0.7801
1625042447246000,0,121.43834128,0.7823
1625042792601000,1,1000.00000000,0.7764
1625042810896000,0,70.04174000,0.7740
1625042913678000,1,404.83192816,0.7673
1625042913678000,1,409.86597679,0.7671
1625042913678000,1,878.80704499,0.7671
1625042913678000,1,411.26519734,0.7670
1625042913678000,1,1952.56533721,0.7665
1625042913678000,1,250.00000000,0.7664
1625042913678000,1,2602.72196043,0.7654
1625042913678000,1,203.00000000,0.7651
1625042913678000,1,416.91918218,0.7651
1625042913678000,1,525.58386050,0.7634
1625043129289000,0,65.20260000,0.7687
1625043130433000,0,65.20260000,0.7683
1625043131164000,0,65.20260000,0.7683
1625043131982000,0,65.20260000,0.7683
1625043132703000,0,86.18324000,0.7683
1625043327927000,0,43.58193000,0.7658
1625043417078000,0,62.15788992,0.7655
1625043483357000,1,326.90849177,0.7637
1625043673397000,0,65.20260000,0.7637
1625043846680000,0,256.61875582,0.7644
1625043846680000,0,448.90445361,0.7644
1625044123235000,1,587.94385695,0.7666
1625044123356000,1,0.17359462,0.7666
1625045390775000,0,1000.00000000,0.7646
1625046573969000,1,1000.00000000,0.7655
1625047046962000,1,587.95911809,0.7663
1625047050374000,1,808.56096208,0.7645
1625048679075000,1,392.36228476,0.7655
1625048679075000,1,269.67628992,0.7654
1625055275263000,0,684.82570000,0.7714
1625055818072000,1,165.72736413,0.7730
1625056263590000,0,1000.00000000,0.7722
1625056264094000,1,1000.00000000,0.7721
1625056275371000,0,1000.00000000,0.7714
1625058214769000,0,65.17497000,0.7673
1625058869564000,1,439.31844932,0.7612
1625059027950000,0,203.00000000,0.7636
1625059027950000,0,695.00000000,0.7636
1625059028990000,0,1000.00000000,0.7654
1625059028992000,0,0.81844000,0.7654
1625059029738000,1,817.78771048,0.7658
1625059030783000,1,796.69303868,0.7654
1625059030783000,1,102.18156000,0.7654
1625059057020000,0,69.78549000,0.7655
1625059061864000,0,65.17497000,0.7657
1625059063960000,0,71.56932000,0.7661
1625060877171000,1,250.00000000,0.7637
1625060877233000,1,1000.00000000,0.7637
1625060897753000,1,782.70959000,0.7590
1625060925279000,0,662.05154000,0.7584
1625060927817000,0,755.50427000,0.7576
1625061064568000,0,446.08100250,0.7589
1625061064568000,0,553.91899750,0.7589
1625061133156000,0,988.65750039,0.7595
1625062262760000,0,804.35989000,0.7667
1625062263298000,0,203.00000000,0.7705
1625062263298000,0,71.40916286,0.7707
1625062264984000,1,647.63340407,0.7683
1625062291179000,0,68.42134000,0.7732
1625062297015000,0,158.64487000,0.7738
1625062298351000,0,200.96480000,0.7738
1625062298923000,0,196.93012000,0.7738
1625062299464000,0,4.34209556,0.7738
1625062299464000,0,115.43767444,0.7738
1625062300119000,0,353.66565000,0.7736
1625062300728000,0,35.46894793,0.7736
1625062300728000,0,318.10367207,0.7736
1625062301666000,0,44.98194036,0.7736
1625062301666000,0,368.84255065,0.7736
1625062301666000,0,99.04989897,0.7738
1625062301666000,0,104.43538002,0.7738
1625062308307000,0,174.47260000,0.7758
1625062309296000,0,131.04801000,0.7758
1625062310204000,0,66.88882000,0.7758
1625062321964000,0,826.69250000,0.7749
1625062336709000,0,986.30270000,0.7772
1625062339400000,1,211.55703195,0.7767
1625062343145000,1,820.17034307,0.7763
1625062344362000,0,905.10393000,0.7760
1625062397335000,0,203.00000000,0.7821
1625062397335000,0,695.05228000,0.7821
1625062402976000,0,883.90514000,0.7816
1625062428789000,1,858.49265415,0.7849
1625062428789000,1,141.50734585,0.7849
1625062439910000,0,827.92125026,0.7869
1625062479607000,0,628.00707000,0.7898
1625062485942000,0,646.18398000,0.7897
1625062489062000,0,911.04867000,0.7911
1625062489774000,0,393.21111129,0.7909
1625062489774000,0,395.97709307,0.7911
1625062490340000,0,1000.00000000,0.7905
1625062490818000,0,406.86119924,0.7909
1625062491951000,1,849.05767689,0.7895
1625062502327000,0,250.00000000,0.7915
1625062502327000,0,398.48239907,0.7915
1625062518168000,0,1000.00000000,0.7910
1625062518765000,0,250.00000000,0.7917
1625062520468000,0,834.80542266,0.7949
1625062520468000,0,165.19457734,0.7950
1625062522221000,0,716.97892000,0.7929
1625062522435000,1,811.65292309,0.7915
1625062533271000,0,841.55408000,0.7847
1625062541497000,1,803.76968320,0.7888
1625062541754000,1,811.59311085,0.7884
1625062541754000,1,2442.41753386,0.7884
1625062543759000,1,812.21064095,0.7872
1625062547653000,1,613.18343254,0.7857
1625062564162000,0,1000.00000000,0.7753
1625062565985000,0,20.46808000,0.7753
1625062566329000,1,839.88281042,0.7756
1625062566329000,1,124.60968958,0.7756
1625062570202000,0,852.04657000,0.7761
1625062585183000,0,770.22879000,0.7749
1625062614341000,0,911.24735000,0.7748
1625062617803000,0,907.38095000,0.7748
1625062620181000,0,632.94272000,0.7742
1625063236883000,0,187.39039171,0.7722
1625063490376000,0,390.26845886,0.7701
1625063505720000,1,1000.00000000,0.7694
1625063936260000,0,158.75522987,0.7684
1625065063163000,1,1000.00000000,0.7668
1625065262186000,0,798.30722654,0.7664
1625065557901000,0,791.48370252,0.7656
1625065970883000,1,415.65987751,0.7620
1625065970967000,0,10168.33884965,0.7618
1625066608629000,0,362.33450000,0.7585
1625066609322000,1,274.40916286,0.7571
1625066672757000,1,60.19098000,0.7570
1625066903549000,0,66.84548000,0.7508
1625066907792000,0,80.02838000,0.7507
1625066908673000,0,80.03521000,0.7507
1625066935659000,0,68.12403000,0.7504
1625066936233000,0,68.89214000,0.7504
1625066965490000,0,75.42144000,0.7493
1625066968447000,0,71.94414000,0.7491
1625066998811000,0,391.46458731,0.7469
1625067007809000,0,394.51261905,0.7467
1625067012618000,0,334.64065700,0.7471
1625067132713000,0,129.38213664,0.7473
1625067298053000,0,1000.00000000,0.7467
1625067299139000,0,809.81833292,0.7467
1625067432425000,0,86.56359000,0.7452
1625067567801000,0,67.59939000,0.7446
1625067568319000,0,67.84773000,0.7446
1625067971440000,1,1000.00000000,0.7400
1625067972530000,1,1000.00000000,0.7400
1625067974046000,1,1000.00000000,0.7400
1625067976140000,1,657.00000000,0.7400
1625067977074000,1,63.25000000,0.7393
1625068851868000,0,286.00264000,0.7411
1625069761527000,0,851.28226952,0.7411
1625069810793000,1,1000.00000000,0.7416
1625069813501000,0,863.45436961,0.7442
1625069815143000,1,34.38777000,0.7429
1625069841660000,1,61.23000000,0.7435
1625071742508000,0,1000.00000000,0.7455
1625073105378000,0,1000.00000000,0.7433
1625073105969000,0,408.73628562,0.7440
1625073229462000,1,1000.00000000,0.7433
1625073282383000,1,1000.00000000,0.7444
1625073455164000,1,1000.00000000,0.7452
1625073455702000,1,396.35902932,0.7452
1625078012954000,0,250.00000000,0.7557
1625078013011000,0,751.30195000,0.7557
1625078015343000,1,250.00000000,0.7571
1625078015572000,0,484.94688000,0.7558
1625078038140000,0,113.73808000,0.7633
1625078038351000,0,272.18896152,0.7633
1625078038679000,0,113.77838000,0.7633
1625078039500000,0,113.77838000,0.7633
1625078042771000,0,58.67343600,0.7642
1625078044723000,0,67.12352000,0.7646
1625078050155000,0,78.54260000,0.7670
1625078051805000,0,407.08866820,0.7671
1625078051805000,0,124.58048180,0.7673
1625078079232000,1,823.08286217,0.7824
1625078082764000,0,58.99833482,0.7807
1625078126989000,0,161.92125774,0.7850
1625078127264000,0,985.59054000,0.7855
1625078128575000,0,250.00000000,0.7869
1625078129390000,0,812.36727000,0.7864
1625078136012000,1,202.00000000,0.7796
1625078136088000,0,250.00000000,0.7792
1625078136450000,0,249.99998480,0.7792
1625078136540000,0,140.56556840,0.7792
1625078137723000,0,157.43444680,0.7792
1625078137723000,0,411.13294957,0.7793
1625078137723000,0,213.97132363,0.7795
1625078146558000,1,799.33695579,0.7770
1625078154103000,0,821.22265000,0.7777
1625078155477000,0,1000.00000000,0.7762
1625078155567000,0,14.12187000,0.7762
1625078155567000,0,819.03426364,0.7777
1625078156607000,0,672.55908999,0.7786
1625078157594000,0,0.00000001,0.7786
1625078159287000,0,250.00000000,0.7802
1625078161488000,0,409.16132632,0.7798
1625078162083000,0,406.00730645,0.7798
1625078162614000,0,392.81313883,0.7798
1625078178084000,1,249.99996949,0.7756
1625078180335000,1,817.87596171,0.7733
1625078182862000,1,849.58461614,0.7686
1625078182862000,1,150.41538386,0.7686
1625078192793000,1,809.37256906,0.7683
1625078193010000,0,581.63806664,0.7702
1625078203269000,0,740.24663000,0.7692
1625078205059000,1,400.55815342,0.7683
1625078205167000,0,477.86395658,0.7683
1625078213262000,0,743.68998000,0.7689
1625078231211000,0,655.26364000,0.7703
1625078237642000,0,654.79724000,0.7715
1625078928780000,1,1000.00000000,0.7678
1625079606196000,0,428.09973600,0.7702
1625079654686000,0,247.36927000,0.7712
1625079842177000,0,1000.00000000,0.7696
1625082478998000,0,991.21737000,0.7738
1625082481189000,0,621.63434000,0.7742
1625082539642000,0,826.69392821,0.7956
1625082540167000,0,410.13435649,0.7976
1625082540671000,0,1000.00000000,0.7972
1625082540671000,0,202.00000000,0.7980
1625082542907000,0,1000.00000000,0.7990
1625082543367000,0,249.99997034,0.7994
1625082544196000,0,400.88536448,0.7998
1625082544742000,0,3657.00000000,0.8000
1625082545778000,0,391.54563409,0.7995
1625082545778000,0,397.24212794,0.7998
1625082545778000,0,250.00000000,0.7999
1625082546300000,0,1000.00000000,0.7995
1625082548177000,0,250.00000000,0.7999
1625082550587000,0,250.00000000,0.7973
1625082553108000,0,250.00000000,0.7999
1625082555569000,0,250.00000000,0.7999
1625082557987000,0,250.00000000,0.7999
1625082562270000,0,250.00000000,0.7983
1625082562805000,0,120.00000000,0.7989
1625082564576000,0,250.00000000,0.7997
1625082564576000,0,825.46139718,0.7999
1625082570483000,1,249.99997028,0.7967
1625082575482000,1,536.86074652,0.7937
1625082580719000,1,741.70567000,0.7931
1625082589391000,0,249.99999100,0.7881
1625082593467000,0,43.95604397,0.7881
1625082601267000,0,917.41077000,0.7834
1625082605103000,1,299.59085869,0.7849
1625082611587000,0,769.11306000,0.7815
1625082642615000,0,869.18940834,0.7817
1625082642615000,0,130.81059166,0.7817
1625082653323000,1,386.79791507,0.7807
1625082653462000,0,555.64859492,0.7806
1625082737053000,1,319.87716716,0.7801
1625082857150000,1,250.00000000,0.7799
1625082870661000,1,250.00000000,0.7798
1625082870661000,1,202.00000000,0.7795
1625082977139000,1,232.06000900,0.7756
1625083097175000,1,116.73843032,0.7747
1625083224326000,0,321.34843000,0.7776
1625083224560000,0,586.85000000,0.7776
1625083270148000,0,249.79491503,0.7886
1625083270263000,0,161.46250033,0.7886
1625083292380000,0,202.00000000,0.7961
1625083298049000,1,827.98987048,0.7972
1625083304776000,0,250.00000000,0.7996
1625083322371000,0,250.00000000,0.7973
1625083355490000,0,915.68047000,0.7919
1625083363328000,0,947.57931000,0.7921
1625083365584000,0,742.26107000,0.7920
1625083859020000,0,1000.00000000,0.7882
1625083859893000,0,12.01072000,0.7882
1625083860619000,1,842.68536000,0.7886
1625083910437000,0,65.32003000,0.7920
1625083911035000,0,65.32003000,0.7922
1625083911551000,0,85.57167000,0.7922
1625083911965000,0,85.56650000,0.7922
1625083912468000,0,143.17750000,0.7922
1625083916058000,0,250.00000000,0.7952
1625083921068000,0,250.00000000,0.7957
1625083934253000,0,410.85756463,0.7929
1625083965082000,0,397.89761921,0.7865
1625083965589000,0,1000.00000000,0.7864
1625084870827000,0,1000.00000000,0.7854
1625085198539000,0,72.60901000,0.7832
1625086289501000,1,1000.00000000,0.7800
1625086296099000,1,1000.00000000,0.7800
1625086321148000,1,1000.00000000,0.7800
1625086343260000,1,610.11538461,0.7800
1625086541576000,1,1000.00000000,0.7752
1625086542983000,0,355.87628912,0.7751
1625086542983000,0,644.12371088,0.7751
1625086544261000,0,711.75257824,0.7751
1625087045066000,0,1000.00000000,0.7785
1625088158401000,0,878.01736000,0.8002
1625088158983000,0,384.93935389,0.8026
1625088158983000,0,250.00000000,0.8026
1625088159491000,0,1000.00000000,0.8024
1625088159491000,0,400.65277987,0.8031
1625088161113000,1,434.20536472,0.8035
1625088161263000,0,250.00000000,0.8002
1625088161397000,0,90.48814528,0.8002
1625088161596000,0,1000.00000000,0.8045
1625088162025000,1,725.60835000,0.8018
1625088185930000,0,217.78547000,0.8054
1625088186415000,0,218.03289000,0.8054
1625088187536000,0,218.25332000,0.8056
1625088188067000,0,188.60481598,0.8056
1625088188067000,0,11.99653402,0.8056
1625088188545000,0,187.39366502,0.8056
1625088191649000,0,81.47820000,0.8074
1625088192112000,0,313.75917804,0.8074
1625088192112000,0,24.16154196,0.8076
1625088195788000,0,226.82592000,0.8081
1625088196495000,0,227.06609000,0.8088
1625088197560000,0,388.82441086,0.8088
1625088197560000,0,49.99720914,0.8092
1625088198631000,0,439.16179000,0.8092
1625088198842000,1,38.38673353,0.8067
1625088198886000,1,38.23458190,0.8067
1625088199827000,0,407.24174174,0.8089
1625088199827000,0,34.32045826,0.8092
1625088200684000,1,38.32788224,0.8061
1625088202122000,0,462.21476000,0.8097
1625088202586000,0,358.10665352,0.8097
1625088202586000,0,104.10810648,0.8097
1625088210607000,1,394.01099293,0.8084
1625088210607000,1,487.12967707,0.8082
1625088211215000,0,1000.00000000,0.8093
1625088212793000,0,806.73527872,0.8105
1625088212793000,0,389.03648005,0.8105
1625088212878000,1,302.56952245,0.8078
1625088212878000,1,94.51132978,0.8078
1625088214939000,0,395.46331120,0.8105
1625088215674000,0,394.71354008,0.8108
1625088215674000,0,416.64368747,0.8109
1625088217308000,0,250.00000000,0.8123
1625088227131000,1,620.99100000,0.8098
1625088227569000,0,250.00000000,0.8111
1625088235902000,0,763.30342000,0.8115
1625088241664000,0,814.53064130,0.8125
1625088241664000,0,250.00000000,0.8125
1625088242159000,0,2500.00000000,0.8136
1625088245269000,0,250.00000000,0.8133
1625088248737000,0,250.00000000,0.8133
1625088249310000,1,847.99113172,0.8131
1625088249310000,1,152.00886828,0.8130
1625088249313000,1,97.99111715,0.8130
1625088311990000,0,250.00000000,0.8053
1625088311990000,0,83.38335000,0.8055
1625088323576000,0,853.98871000,0.7996
1625088330897000,1,407.79870256,0.7989
1625088340551000,0,1000.00000000,0.7966
1625088348409000,0,791.70464999,0.7965
1625088348409000,0,41.88781000,0.7966
1625088423667000,1,249.99365015,0.7874
1625088438866000,1,310.36623215,0.7853
1625088471539000,0,1000.00000000,0.7886
1625088487902000,0,322.03318700,0.7923
1625088489530000,1,856.80287135,0.7921
1625088547360000,1,250.00000000,0.7909
1625088554935000,0,412.53160875,0.7921
1625088556027000,0,687.03463999,0.7921
1625088556128000,0,0.00000001,0.7921
1625088557178000,0,792.76410618,0.7935
1625088560524000,1,407.64383510,0.7930
1625088560524000,1,34.32484161,0.7930
1625088560584000,1,385.88803352,0.7934
1625088560774000,0,21.74588155,0.7930
1625088567186000,0,676.57389000,0.7906
1625088578973000,0,742.54851000,0.7888
1625088578973000,0,811.64175731,0.7898
1625088768287000,1,412.40960494,0.7855
1625088822656000,0,395.00221819,0.7884
1625088823390000,0,387.46272011,0.7884
1625088823390000,0,396.21544448,0.7886
1625088824227000,0,1000.00000000,0.7884
1625089038991000,1,137.47690400,0.7814
1625089105169000,0,397.36903345,0.7907
1625089106073000,0,400.64571660,0.7909
1625089157171000,0,265.92577746,0.7905
1625089157523000,1,199.00953380,0.7897
1625089159069000,1,319.91810096,0.7815
1625089178975000,1,239.89962500,0.7814
1625089179134000,1,154.29985595,0.7814
1625089179134000,1,248.03474452,0.7813
1625089179247000,0,154.29066229,0.7814
1625089191720000,0,149.52628000,0.7814
1625089204053000,1,392.07239754,0.7759
1625089204053000,1,362.34257246,0.7755
1625089206322000,0,682.94219000,0.7774
1625089238885000,0,96.61397000,0.7823
1625089239609000,0,96.63912000,0.7823
1625089240547000,0,96.75206000,0.7823
1625089241045000,0,96.75206000,0.7823
1625089242028000,0,21.07325691,0.7823
1625089242028000,0,80.20078125,0.7823
1625089242028000,0,91.91858184,0.7823
1625089244590000,0,77.93707000,0.7830
1625089245090000,0,76.81714000,0.7830
1625089246155000,0,76.70361000,0.7830
1625089246794000,0,76.79046000,0.7830
1625089247154000,1,1000.00000000,0.7834
1625089249630000,0,87.61219000,0.7840
1625089250185000,0,84.85308000,0.7841
1625089251324000,0,146.34768000,0.7837
1625089251972000,0,178.91180000,0.7837
1625089252558000,0,90.26623128,0.7837
1625089252558000,0,88.53364872,0.7837
1625089253554000,0,179.31987000,0.7840
1625089254858000,0,234.11214000,0.7839
1625089320753000,0,838.63466000,0.7834
1625089847977000,0,67.16799000,0.7806
1625089848549000,0,180.68978681,0.7806
1625089848898000,0,84.97081000,0.7806
1625089849886000,0,86.05831000,0.7806
1625089850748000,0,85.94749000,0.7806
1625089999364000,1,180.46123900,0.7769
1625090245460000,0,392.32708162,0.7788
1625090245460000,0,413.97645535,0.7790
1625090245460000,0,193.83582465,0.7790
1625090548354000,1,1000.00000000,0.7758
1625090576250000,0,1000.00000000,0.7774
1625090599560000,1,113.86610465,0.7769
1625090719770000,1,112.43128500,0.7758
1625091163780000,0,100.11483000,0.7751
1625091237856000,0,235.68047293,0.7751
1625091333136000,0,860.22402000,0.7793
1625091370854000,1,1000.00000000,0.7791
1625091372251000,1,1000.00000000,0.7791
1625091587986000,0,68.88699000,0.7756
1625091588414000,0,67.23822000,0.7756
1625091588943000,0,65.32003000,0.7754
1625091590043000,0,65.32003000,0.7754
1625091602163000,0,145.74271000,0.7752
1625093293032000,0,183.43359000,0.7732
1625093293207000,0,827.96684000,0.7723
1625093303437000,0,853.05386505,0.7736
1625093303437000,0,146.94613495,0.7738
1625093314112000,0,716.95509000,0.7749
1625093351236000,1,1000.00000000,0.7771
1625093381986000,0,1000.00000000,0.7773
1625094023691000,0,870.00995120,0.7808
1625094030864000,0,869.83419000,0.7836
1625094031629000,1,404.41277291,0.7840
1625094031629000,1,130.16581000,0.7840
1625094031629000,1,170.41650709,0.7836
1625094031780000,0,895.33021000,0.7841
1625094072027000,0,106.63545000,0.7862
1625094073247000,0,106.57165000,0.7859
1625094073782000,0,106.50340000,0.7862
1625094074297000,0,106.50344000,0.7859
1625094075048000,0,1.79851838,0.7862
1625094075048000,0,104.68438162,0.7862
1625094078006000,0,100.98072000,0.7864
1625094078802000,0,94.05179000,0.7864
1625094079339000,0,99.67087000,0.7864
1625094079981000,0,93.94840000,0.7864
1625094081376000,0,67.65509000,0.7864
1625096054765000,0,824.03629000,0.7834
1625096769646000,0,675.64766999,0.7852
1625097043184000,0,388.02423004,0.7835
1625097043794000,0,1000.00000000,0.7834
1625097678127000,1,1000.00000000,0.7835
1625098031372000,0,810.07498507,0.7812
1625098058846000,1,830.10131219,0.7796
1625098229837000,1,1000.00000000,0.7753
1625098581851000,0,65.32003000,0.7737
1625098583426000,0,65.32003000,0.7737
1625098585447000,0,65.32003000,0.7737
1625098592071000,0,135.11775000,0.7739
1625100277334000,1,403.28275460,0.7715
1625100277334000,1,413.62128413,0.7714
1625100277334000,1,409.51173866,0.7712
1625100277334000,1,395.61929989,0.7712
1625100277334000,1,402.20092272,0.7712
1625100356172000,1,1000.00000000,0.7735
1625101542261000,0,891.88507000,0.7750
1625101956653000,0,860.93308071,0.7717
1625101956653000,0,410.30898345,0.7717
1625102103109000,1,803.28327574,0.7716
1625102430092000,0,1000.00000000,0.7752
1625102611946000,1,202.00000000,0.7736
1625102611946000,1,250.00000000,0.7734
1625102617491000,0,206.41494000,0.7713
1625102647902000,0,1000.00000000,0.7702
1625103116251000,0,66.38537000,0.7641
1625103116549000,1,250.00000000,0.7634
1625103116549000,1,22.18896152,0.7630
1625103116671000,0,66.38318000,0.7641
1625103117489000,0,66.34305000,0.7641
1625103118763000,0,66.34305000,0.7641
1625105426292000,0,46.41136000,0.7615
1625105568098000,0,39.35399000,0.7608
1625105652098000,0,31.36090000,0.7595
1625105770758000,1,250.00000000,0.7554
1625105771422000,1,824.11380667,0.7550
1625105771422000,1,175.88619333,0.7550
1625105772405000,1,1000.00000000,0.7550
1625105773566000,0,128.42106000,0.7550
1625105774141000,1,1000.00000000,0.7550
1625105800215000,0,825.79620967,0.7551
1625106050054000,0,1000.00000000,0.7561
1625106626898000,0,66.44945000,0.7542
1625107229955000,0,69.19547000,0.7486
1625107297309000,1,250.00000000,0.7465
1625107297309000,1,750.00000000,0.7464
1625107692441000,0,70.88589000,0.7477
1625107693037000,0,71.06776000,0.7477
1625107917703000,0,67.33363000,0.7475
1625107918633000,0,67.12958000,0.7475
1625107979280000,0,67.47005000,0.7472
1625107981554000,0,72.29106000,0.7472
1625107983062000,0,87.13507000,0.7472
1625107984042000,0,90.25196000,0.7472
1625107987121000,0,67.34249000,0.7474
1625109741017000,0,831.85137204,0.7476
1625109741017000,0,126.22836916,0.7477
1625109749968000,1,815.61740952,0.7477
1625112003081000,0,73.14389000,0.7426
1625112004040000,0,75.22429000,0.7426
1625112323067000,1,1000.00000000,0.7408
1625113207976000,0,410.06707149,0.7461
1625113207976000,0,395.62939305,0.7463
1625113207976000,0,406.27560064,0.7465
1625113208363000,0,250.00000000,0.7465
1625113208363000,0,28.31552735,0.7469
1625113246055000,1,2039.33402993,0.7465
1625113328791000,0,1000.00000000,0.7470
1625113339874000,0,799.06635954,0.7484
1625113348642000,0,1000.00000000,0.7494
1625113350055000,0,958.58791000,0.7513
1625113448109000,0,992.83147000,0.7540
1625113500468000,1,1000.00000000,0.7619
1625113500893000,1,249.99997375,0.7619
1625113501510000,1,1000.00000000,0.7619
1625113512929000,1,853.96295710,0.7627
1625113577373000,0,619.06273999,0.7676
1625113578470000,0,0.00000001,0.7676
1625113579019000,0,955.43959000,0.7679
1625113634568000,0,405.42384743,0.7726
1625113635082000,0,1000.00000000,0.7726
1625113635082000,0,394.52794793,0.7728
1625113635602000,0,250.00000000,0.7729
1625113637983000,0,385.71678461,0.7731
1625113637983000,0,250.00000000,0.7735
1625113641733000,0,389.33908444,0.7727
1625113642089000,0,196.00000000,0.7731
1625113642089000,0,250.00000000,0.7734
1625113642311000,0,908.68169000,0.7743
1625113644381000,0,250.00000000,0.7737
1625113644977000,1,855.98721352,0.7733
1625113657494000,0,250.00000000,0.7739
1625113672003000,0,870.97515309,0.7660
1625113673410000,0,686.97847000,0.7659
1625113674324000,1,202.00000000,0.7644
1625113674324000,1,411.82935859,0.7643
1625113674324000,1,343.83701141,0.7641
1625113677521000,0,955.65238000,0.7641
1625113678611000,0,1000.00000000,0.7667
1625113685575000,0,894.97524000,0.7665
1625113688496000,1,834.49773523,0.7659
1625113702522000,1,277.77264954,0.7668
1625113714603000,0,86.16208000,0.7640
1625113716220000,0,845.75128092,0.7643
1625113719924000,0,1690.76551407,0.7650
1625113725185000,1,1000.00000000,0.7642
1625113726232000,1,249.08005767,0.7641
1625113726232000,1,250.00000000,0.7640
1625113727574000,0,986.31239831,0.7619
1625113742919000,0,64.58740000,0.7605
1625113756421000,1,221.60816000,0.7597
1625113758049000,1,838.10674988,0.7601
1625113772657000,0,858.44949321,0.7584
1625113793384000,0,781.17907000,0.7555
1625113824096000,1,326.41336989,0.7522
1625113827778000,0,819.85977852,0.7530
1625113834538000,1,811.23686006,0.7518
1625113835886000,1,1000.00000000,0.7504
1625113837370000,1,1000.00000000,0.7504
1625113840358000,0,797.87490821,0.7511
1625113946518000,0,333.16009008,0.7491
1625113946518000,0,666.83990992,0.7491
1625113949142000,0,1000.00000000,0.7491
1625114064197000,1,333.72490388,0.7471
1625114424287000,1,250.00000000,0.7465
1625114544396000,1,250.00000000,0.7442
1625114664456000,1,126.88902100,0.7441
1625114740631000,0,334.63170434,0.7472
1625114740631000,0,202.00000000,0.7472
1625114753813000,0,250.00000000,0.7511
1625114778285000,0,115.66152000,0.7510
1625114778972000,0,114.12246000,0.7510
1625114779702000,0,262.70740000,0.7510
1625114786997000,0,75.71086000,0.7529
1625114787771000,0,75.72108000,0.7529
1625114788633000,0,75.72020000,0.7529
1625114789583000,0,75.72869000,0.7529
1625114790385000,0,75.74109000,0.7529
1625114790959000,0,20.46427025,0.7529
1625114790959000,0,125.90042975,0.7529
1625114791783000,0,146.37979000,0.7530
1625114797485000,0,71.65297000,0.7544
1625114802373000,0,92.35688000,0.7546
1625114802882000,0,93.53493000,0.7546
1625114812960000,0,393.51221254,0.7573
1625114813088000,0,660.28815551,0.7572
1625114813481000,0,339.71184449,0.7572
1625114819543000,1,839.74761098,0.7565
1625114841749000,0,755.39473000,0.7562
1625114845800000,0,853.68446000,0.7563
1625114856903000,0,413.39918834,0.7573
1625114866106000,0,250.00000000,0.7596
1625114868373000,0,250.00000000,0.7593
1625114884750000,0,67.48925000,0.7581
1625114981518000,1,202.00000000,0.7555
1625114981626000,1,703.00000000,0.7536
1625114981626000,1,250.00000000,0.7534
1625115049920000,0,1000.00000000,0.7484
1625115064881000,0,789.27946277,0.7494
1625115084570000,1,331.90393372,0.7482
1625115096401000,0,823.73261204,0.7496
1625115096401000,0,176.26738796,0.7496
1625115178545000,0,801.00880684,0.7497
1625115924841000,1,144.09309200,0.7451
1625116199059000,0,202.00000000,0.7480
1625116199661000,1,703.00000000,0.7484
1625116201360000,0,879.11881000,0.7508
1625116222778000,0,70.50326000,0.7514
1625116226034000,0,73.62058000,0.7517
1625116226720000,0,73.62048000,0.7517
1625116227258000,0,72.68398000,0.7517
1625116227763000,0,70.35767000,0.7517
1625116253509000,1,530.04295657,0.7542
1625116253773000,0,391.86188293,0.7539
1625116254295000,0,469.95704343,0.7542
1625116263615000,1,828.90121387,0.7574
1625116268737000,0,250.00000000,0.7623
1625116270158000,0,985.41266000,0.7636
1625116272209000,0,662.04593000,0.7638
1625116279808000,1,679.25323435,0.7631
1625116279808000,1,320.74676565,0.7631
1625116291226000,0,797.56096275,0.7627
1625116292831000,0,250.00000000,0.7650
1625116302567000,0,250.00000000,0.7671
1625116304040000,0,387.74851396,0.7681
1625116305002000,0,250.00000000,0.7671
1625116305567000,0,1000.00000000,0.7677
1625116307397000,1,195.83490842,0.7671
1625116309385000,0,804.16509158,0.7668
1625116309385000,0,405.40743980,0.7668
1625116309896000,0,250.00000000,0.7676
1625116316588000,0,250.00000000,0.7676
1625116319199000,1,796.02158045,0.7676
1625116344989000,1,259.07369097,0.7654
1625116416453000,0,761.58737000,0.7642
1625116531610000,0,796.80918438,0.7628
1625116535077000,1,179.98907168,0.7624
1625116535077000,1,445.43101660,0.7624
1625116535295000,1,0.00000001,0.7624
1625116573886000,0,834.44388500,0.7589
1625116585065000,1,203.93901294,0.7572
1625116705161000,1,209.96715000,0.7551
1625116825209000,1,209.97073200,0.7551
1625117053619000,0,793.57792555,0.7552
1625117725598000,1,101.75564057,0.7538
1625118175842000,0,102.30266300,0.7550
1625118175842000,0,0.07550700,0.7550
1625118734130000,0,929.02017000,0.7571
1625118735854000,1,394.59610888,0.7608
1625118735854000,1,302.45516112,0.7606
1625118752683000,1,250.34157085,0.7628
1625118755569000,0,376.53018000,0.7626
1625118756722000,0,376.51743000,0.7624
1625118756982000,1,249.99997377,0.7622
1625118757229000,0,1300.94120000,0.7628
1625118761200000,0,251.11743000,0.7658
1625118761833000,0,141.26355173,0.7658
1625118762484000,0,406.53441744,0.7654
1625118762484000,0,246.59846019,0.7658
1625118762484000,0,258.75802059,0.7658
1625118762484000,0,10.60488178,0.7658
1625118763543000,0,384.79859935,0.7648
1625118763543000,0,249.99997387,0.7651
1625118763543000,0,286.85261678,0.7653
1625118774934000,1,1000.00000000,0.7729
1625118777071000,1,829.69027896,0.7729
1625118777071000,1,170.30972104,0.7729
1625118787735000,1,253.46005038,0.7704
1625118787865000,1,110.70690100,0.7704
1625118788025000,1,42.40891660,0.7704
1625118788025000,1,241.21709301,0.7704
1625118790038000,1,1000.00000000,0.7700
1625118806020000,1,76.50497479,0.7676
1625118806020000,1,250.16430523,0.7673
1625119046156000,1,100.16859400,0.7699
1625119101590000,1,388.64041401,0.7696
1625119101657000,0,1000.00000000,0.7696
1625119108734000,0,811.69957000,0.7696
1625119111432000,0,701.22295000,0.7696
1625119112614000,0,703.00000000,0.7671
1625119120210000,0,853.18090179,0.7636
1625119123930000,0,1000.00000000,0.7644
1625119125814000,0,1636.66778494,0.7644
1625119128620000,1,250.00000000,0.7646
1625119226191000,1,1000.00000000,0.7670
1625119275890000,0,393.39542760,0.7677
1625119646298000,1,100.67637400,0.7676
1625119766389000,1,250.00000000,0.7664
1625119891975000,1,1000.00000000,0.7654
1625119944078000,1,250.00000000,0.7647
1625119944164000,0,750.00000000,0.7647
1625119987051000,1,412.55309480,0.7632
1625119987547000,1,1000.00000000,0.7632
1625119988053000,1,406.89922914,0.7632
1625119988674000,1,1000.00000000,0.7633
1625120006432000,1,125.80829756,0.7619
1625120126569000,1,124.19167700,0.7599
1625120791544000,0,99.83218000,0.7616
1625121484500000,1,1000.00000000,0.7596
1625121951511000,1,250.00000000,0.7576
1625121951768000,0,750.00000000,0.7574
1625121951768000,0,403.27879841,0.7574
1625121951768000,0,401.42952554,0.7577
1625121993507000,1,917.37073072,0.7568
1625122251775000,1,1000.00000000,0.7536
1625122435176000,1,654.04186720,0.7545
1625122527998000,0,84.31238000,0.7529
1625122528759000,0,86.68014000,0.7529
1625122643248000,1,833.69242264,0.7516
1625122707375000,1,332.53967198,0.7515
1625122723387000,0,1000.00000000,0.7510
1625122947696000,1,163.46266100,0.7514
1625123564542000,0,787.04719951,0.7511
1625125042882000,0,1000.00000000,0.7504
1625125079580000,1,1000.00000000,0.7506
1625125184328000,1,798.96798119,0.7485
1625125327792000,0,405.52117110,0.7486
1625125327985000,0,0.00003664,0.7486
1625125327985000,0,387.15069965,0.7489
1625125958308000,0,398.27732669,0.7467
1625126393864000,1,633.84255637,0.7470
1625126626009000,0,810.51940400,0.7470
1625128296611000,0,401.17795603,0.7467
1625128299513000,0,407.40895106,0.7462
1625128301375000,0,393.32267975,0.7455
1625128301948000,0,792.43643604,0.7454
1625128302088000,0,207.56356396,0.7454
1625128348505000,1,870.42401737,0.7443
1625128348505000,1,2385.63709133,0.7443
1625129030946000,1,104.87654000,0.7472
1625129999685000,1,410.78968493,0.7441
1625130033858000,1,107.92976400,0.7440
1625130684667000,0,1000.00000000,0.7475
1625130736010000,0,249.99994629,0.7471
1625130736161000,1,750.00005371,0.7475
1625131099863000,1,1000.00000000,0.7445
1625131100771000,0,390.19344884,0.7448
1625131101358000,0,1000.00000000,0.7446
1625132531637000,0,175.00000000,0.7441
1625132820896000,0,33.00000000,0.7367
1625132827174000,0,44.00000000,0.7367
1625133053666000,0,1000.00000000,0.7361
1625133054755000,1,1000.00000000,0.7368
1625133055959000,1,1000.00000000,0.7384
1625133193326000,0,202.00000000,0.7409
1625133193326000,0,250.00000000,0.7409
1625133492344000,0,824.07309051,0.7428
1625134161361000,1,1000.00000000,0.7455
1625134182159000,1,1000.00000000,0.7452
1625134196076000,1,1000.00000000,0.7449
1625134208583000,0,1000.00000000,0.7418
1625134217169000,0,1000.00000000,0.7394
1625134219866000,0,801.36358169,0.7411
1625134224342000,1,198.26482513,0.7400
1625134229370000,0,96.49057000,0.7415
1625134454166000,1,1000.00000000,0.7398
1625134455060000,0,1000.00000000,0.7399
1625134456473000,1,822.86987097,0.7389
1625134456473000,1,395.52690195,0.7389
1625134456999000,1,386.86108973,0.7390
1625134457557000,1,1000.00000000,0.7390
1625134641983000,0,396.18506879,0.7413
1625134642646000,0,411.76793601,0.7413
1625134991837000,1,1000.00000000,0.7405
1625134993278000,1,1000.00000000,0.7405
1625134999659000,0,406.41437620,0.7398
1625135016606000,1,1000.00000000,0.7393
1625135619641000,0,250.00000000,0.7419
1625135719971000,0,1000.00000000,0.7440
1625135721763000,1,1000.00000000,0.7454
1625136223379000,0,1000.00000000,0.7455
1625136814897000,0,100.00000000,0.7462
1625137776996000,1,250.00002700,0.7446
1625138071586000,0,1000.00000000,0.7472
1625138072587000,0,1000.00000000,0.7475
1625138121610000,0,674.26426000,0.7515
