timestamp ms,type,amount,price
1625616018564000,1,1.71900000,28911.7100
1625616018564000,1,0.03000000,28908.6900
1625616018564000,1,0.16058077,28906.8400
1625616048434000,0,0.00136300,28919.2200
1625616055335000,1,0.00900000,28895.2300
1625616061015000,1,1.02300000,28916.7500
1625616064440000,0,0.00204421,28933.4000
1625616066507000,0,0.00004172,28933.4000
1625616068465000,0,0.00225108,28944.0000
1625616075126000,0,0.00004594,28944.0000
1625616077016000,0,0.00584411,28962.8300
1625616095776000,0,0.00110000,28931.0400
1625616100721000,0,0.00128587,28943.5300
1625616101464000,0,0.06799808,28943.5200
1625616124526000,1,0.51100000,28904.1900
1625616124681000,1,0.06928395,28897.2300
1625616124793000,1,0.37345167,28897.1900
1625616127221000,1,0.03600000,28894.0000
1625616194050000,0,0.00670000,28904.5000
1625616206898000,1,0.00342661,28894.4200
1625616216054000,0,0.21950054,28911.1300
1625616216149000,0,0.36586282,28918.5700
1625616238065000,0,0.00127897,28909.5600
1625616240235000,0,0.00171418,28896.3300
1625616242612000,0,0.01660000,28905.0900
1625616245712000,0,0.00100000,28917.5100
1625616246682000,0,0.00510456,28917.5100
1625616270580000,0,0.00265000,28917.2000
1625616317247000,1,0.00264947,28941.4100
1625616317788000,0,0.01388460,28960.7000
1625616334319000,0,0.00403000,28982.0600
1625616344797000,1,0.02424449,28995.5600
1625616345487000,1,0.02424449,28995.6700
1625616346820000,0,0.22373620,29030.0000
1625616346820000,0,0.13496268,29030.0100
1625616360275000,1,0.00111246,28957.9900
1625616383902000,0,0.00331000,28998.7500
1625616386809000,0,0.44209630,29004.5400
1625616394436000,0,0.00150000,28986.0500
1625616395383000,0,0.00790000,28988.8200
1625616401217000,0,0.00134000,28971.4300
1625616425824000,1,0.17790619,28958.1600
1625616425824000,1,0.18079269,28953.7300
1625616429998000,0,0.00334000,28977.5000
1625616434577000,1,0.00105100,28953.7300
1625616435104000,1,0.00156909,28953.7300
1625616480216000,0,0.00164000,29014.9500
1625616499663000,0,0.00343102,29014.3100
1625616514317000,0,0.00334000,28997.6200
1625616538366000,1,0.01770000,28970.4000
1625616538449000,1,0.01442000,28970.4000
1625616551463000,1,1.02000000,28988.2500
1625616551463000,1,0.00100000,28988.1500
1625616555353000,0,0.03200000,29015.4600
1625616555759000,0,0.00342661,29020.4200
1625616555878000,0,0.03105591,29020.4200
1625616556182000,0,0.08000000,29036.4900
1625616559202000,1,0.03106600,29029.1600
1625616563213000,0,0.00539318,29052.0300
1625616566440000,0,2.99460000,29052.0300
1625616567269000,0,0.00000682,29052.0300
1625616567269000,0,0.00501867,29070.0000
1625616580168000,1,0.50800000,29045.9900
1625616580248000,0,0.46990000,29042.0000
1625616581394000,1,0.15687818,29047.4300
1625616586102000,1,0.35000000,29039.6000
1625616586158000,1,0.17500000,29039.6000
1625616587736000,1,0.17174000,29034.9300
1625616594936000,0,0.00167000,29086.9000
1625616596749000,0,0.88037721,29086.9000
1625616596792000,0,0.15180000,29086.9000
1625616596913000,0,0.60529000,29086.9000
1625616596940000,0,0.27780148,29086.9000
1625616596985000,0,0.25110273,29086.9000
1625616596990000,0,0.80000000,29086.9000
1625616597004000,0,0.03195858,29086.9000
1625616597250000,1,0.00499960,29087.5200
1625616597890000,0,0.00069601,29087.5300
1625616597890000,0,0.00066508,29089.9800
1625616598209000,0,0.00002778,29089.9800
1625616598209000,0,0.00093289,29092.0000
1625616598209000,0,0.10000000,29100.0000
1625616598209000,0,0.24903933,29100.0000
1625616598283000,0,0.01725000,29100.0000
1625616598314000,0,0.10096839,29100.0000
1625616607050000,1,0.00360776,29067.9700
1625616607050000,1,0.00648024,29058.5900
1625616613058000,0,0.03498000,29081.7500
1625616613180000,0,0.00000011,29081.7500
1625616615404000,0,0.00518736,29107.0100
1625616615404000,0,0.00141267,29114.8900
1625616615404000,0,0.00696959,29116.7400
1625616618162000,1,0.15000000,29089.8200
1625616618162000,1,0.19566194,29089.8100
1625616618162000,1,0.22262374,29087.3600
1625616618162000,1,0.43171432,29087.2800
1625616618405000,1,0.00084930,29089.8200
1625616618422000,1,0.00342630,29089.8300
1625616618440000,1,0.00084930,29093.1500
1625616618472000,1,0.00360821,29093.1500
1625616634674000,1,0.00209004,29079.2300
1625616635916000,0,0.00676311,29086.9600
1625616639975000,0,0.20000000,29095.9100
1625616639977000,0,0.00057061,29095.9100
1625616641232000,0,0.00330000,29111.3500
1625616650653000,0,0.01008000,29115.4300
1625616656452000,1,0.00188945,29096.4800
1625616670728000,1,0.00099130,29080.6500
1625616677788000,1,0.50900000,29057.2400
1625616677788000,1,0.49100000,29052.5300
1625616693896000,1,1.00000000,29065.7700
1625616702554000,0,0.00109000,29074.8000
1625616712918000,0,0.79400000,29063.0000
1625616713110000,0,0.20600000,29063.0000
1625616720247000,0,0.00242420,29078.7600
1625616761724000,1,0.00523419,29039.7500
1625616796884000,0,0.00610000,29071.7700
1625616822844000,0,0.00166000,29073.6200
1625616827051000,0,0.00153000,29067.3300
1625616829067000,1,0.00139149,29051.5700
1625616830075000,1,0.00147846,29051.5700
1625616830472000,1,0.47369291,29051.5700
1625616830478000,1,0.09246316,29051.5700
1625616830517000,1,0.03797398,29051.5700
1625616833473000,0,0.00403654,29056.3600
1625616839868000,1,0.00407100,29034.5700
1625616869618000,1,0.21834000,29049.9500
1625616874723000,0,0.00529000,29065.4700
1625616897172000,0,0.00400000,29048.7000
1625616942969000,0,0.15840000,29056.8900
1625616971062000,1,0.00280000,29020.2100
1625616977870000,0,0.01187401,29039.6900
1625617003644000,0,0.00403655,29051.0300
1625617006639000,0,0.00148000,29062.9100
1625617057383000,1,0.29139013,29019.6400
1625617057383000,1,0.00002088,29018.8900
1625617058266000,1,0.46300000,29012.3000
1625617071393000,1,0.00242620,29000.0000
1625617071393000,1,0.06658021,28997.9700
1625617080239000,0,0.00813418,29031.7500
1625617112726000,0,0.00371020,29025.1700
1625617126963000,0,0.00620745,29021.4700
1625617154421000,0,0.00403273,29011.6300
1625617181696000,0,0.00100000,28994.4100
1625617191204000,0,0.06548000,29003.7800
1625617240376000,0,0.00620186,28992.9100
1625617346302000,0,0.00347000,29003.9700
1625617395324000,0,0.00329278,28990.9200
1625617398132000,0,0.01212000,28990.9100
1625617450231000,0,0.00582000,28993.1000
1625617461224000,1,0.29201601,28963.9400
1625617481295000,1,0.03180064,28944.5700
1625617481295000,1,0.08631703,28939.7100
1625617493532000,1,0.20780388,28937.7700
1625617496935000,1,0.15000000,28939.8700
1625617496935000,1,0.21920609,28939.8400
1625617496935000,1,0.25261113,28937.3600
1625617499948000,1,0.15000000,28937.3900
1625617506685000,1,0.03452681,28932.6300
1625617506685000,1,0.03452681,28932.6300
1625617506685000,1,0.22443244,28932.6100
1625617508902000,1,0.00861674,28923.1400
1625617512402000,1,0.38758691,28923.1400
1625617514102000,1,0.00110900,28915.1000
1625617520476000,1,0.03100000,28910.1400
1625617520476000,1,0.03700000,28905.1800
1625617520476000,1,0.05000000,28904.4700
1625617520476000,1,0.05787287,28904.4600
1625617523410000,0,0.01014000,28946.5800
1625617531427000,1,0.15180000,28912.7400
1625617531427000,1,0.01821418,28906.8800
1625617531427000,1,0.03700000,28906.8700
1625617531427000,1,0.05000000,28906.8000
1625617531427000,1,0.31683795,28906.7900
1625617536042000,1,0.06200000,28906.8100
1625617536042000,1,0.03700000,28906.8000
1625617539458000,1,0.03700000,28906.8200
1625617539458000,1,0.21941398,28903.1500
1625617541458000,0,0.02421081,28924.2300
1625617541978000,0,0.02421081,28924.2300
1625617543016000,1,0.17119146,28912.4800
1625617543016000,1,0.02754647,28903.1800
1625617549806000,0,0.00349000,28938.8400
1625617556563000,1,0.15914991,28912.3500
1625617556563000,1,0.21942626,28908.2200
1625617556563000,1,0.05000000,28902.9300
1625617560079000,1,0.21945660,28903.7500
1625617560954000,1,0.21945660,28903.7500
1625617563122000,1,0.21945660,28903.7500
1625617563122000,1,0.10376574,28900.4100
1625617571283000,0,0.06309498,28925.0900
1625617590574000,0,0.00188945,28930.4000
1625617613681000,0,0.00548891,28933.9200
1625617635186000,0,0.00263017,28920.1400
1625617679252000,0,0.00115718,28922.7500
1625617689391000,0,0.00201000,28922.3000
1625617713397000,0,0.00102170,28919.8900
1625617725848000,0,0.02421566,28913.2000
1625617726340000,0,0.02421566,28913.2000
1625617729549000,1,0.00136949,28897.1100
1625617745164000,1,0.10081100,28887.1000
1625617819703000,1,0.00069353,28844.8000
1625617819703000,1,0.18474428,28842.2400
1625617825597000,1,0.00893000,28829.0300
1625617829350000,0,0.00315454,28855.4300
1625617848443000,0,0.00115000,28855.4200
1625617864287000,0,0.00168000,28865.9300
1625617881000000,1,0.18723237,28838.7300
1625617881003000,1,0.17017948,28838.7300
1625617909340000,1,0.04732272,28817.1700
1625617917040000,0,0.15000000,28819.4500
1625617917040000,0,0.00082655,28819.4600
1625617919560000,0,0.00386735,28816.8900
1625617920276000,0,0.01762356,28824.1400
1625617926565000,0,0.00401487,28815.7300
1625617947336000,0,0.09950000,28810.6800
1625617948010000,0,0.02017000,28823.6200
1625617971530000,1,0.29367129,28788.4300
1625617971628000,1,0.36701087,28781.0000
1625617971670000,1,0.20034362,28788.4300
1625617971682000,1,0.08733530,28788.4300
1625617971683000,1,0.00599237,28788.4300
1625617971753000,1,0.03470005,28777.5100
1625617978351000,0,0.00573474,28774.9500
1625618030937000,0,0.21918000,28774.6500
1625618031003000,0,0.16129839,28774.6500
1625618033542000,0,0.05086386,28781.8600
1625618062133000,1,0.30000000,28740.1500
1625618063283000,1,0.99909704,28740.1500
1625618063317000,1,0.15000000,28740.1500
1625618063323000,1,0.99895562,28740.1500
1625618063383000,1,0.40000000,28740.1500
1625618063449000,1,0.18614734,28740.1500
1625618064404000,0,0.15180000,28729.0500
1625618068022000,0,0.02427880,28749.9900
1625618068850000,0,0.02427880,28749.9900
1625618139930000,0,0.00347215,28785.0600
1625618148181000,0,0.00071855,28782.0600
1625618169615000,0,0.15180000,28790.3200
1625618169615000,0,0.16697098,28790.6300
1625618223038000,0,0.35175779,28822.6900
1625618228996000,0,0.30332200,28819.9200
1625618248669000,0,0.00197755,28820.8300
1625618276873000,1,0.00313438,28805.3400
1625618308983000,0,0.00125344,28834.7500
1625618310899000,1,0.15180000,28823.9400
1625618331248000,0,0.18085930,28832.5500
1625618359535000,0,0.00300000,28792.2000
1625618359592000,0,0.01464489,28792.2000
1625618359613000,0,0.00347671,28798.3700
1625618362383000,1,0.00269559,28792.2000
1625618362973000,1,0.00347808,28796.1800
1625618363525000,1,0.00347808,28796.1800
1625618364183000,1,0.00347808,28797.9600
1625618364752000,1,0.00231221,28807.5700
1625618365482000,1,0.00100000,28810.9700
1625618375812000,0,0.00238089,28822.1900
1625618375812000,0,0.00169387,28831.0600
1625618376667000,1,0.06780000,28812.9300
1625618381656000,0,0.00101000,28817.6200
1625618414388000,1,0.15000000,28812.2100
1625618441809000,0,0.00136267,28802.2100
1625618459591000,1,0.01168202,28783.0100
1625618480146000,0,0.22033909,28805.5700
1625618484798000,0,0.00100000,28806.7100
1625618487579000,0,0.00101000,28802.8500
1625618576367000,0,0.01176000,28822.3200
1625618588656000,0,0.00130818,28837.3700
1625618600206000,1,0.00249410,28812.9400
1625618609868000,0,0.01219458,28823.5600
1625618651642000,1,0.00185400,28813.6900
1625618664438000,0,0.00332224,28828.4700
1625618717262000,0,0.00875652,28822.4600
1625618743354000,0,0.03300000,28835.3600
1625618745017000,0,0.08080396,28843.3500
1625618745030000,0,0.09697903,28843.3500
1625618781780000,1,0.00083554,28858.2600
1625618812196000,1,0.00800000,28861.7400
1625618849284000,0,0.02799494,28864.5600
1625618868180000,0,0.18014302,28841.0800
1625618868231000,0,0.00367639,28841.0800
1625618912074000,0,0.00336000,28857.1200
1625618912962000,1,0.00062500,28839.1600
1625618913940000,1,0.08684100,28839.1500
1625618915796000,1,0.00148800,28835.4400
1625618915951000,1,0.01454600,28835.4400
1625618916352000,1,0.00340400,28835.4400
1625618916645000,1,0.01453500,28835.4400
1625618917459000,1,0.00145100,28836.2500
1625618933127000,1,0.00779266,28837.5600
1625618933221000,1,0.13098561,28837.5600
1625618937640000,0,0.00237057,28854.1500
1625618979129000,0,0.00551639,28888.8800
1625618982975000,0,0.00200000,28888.9800
1625619011039000,0,0.07373389,28874.9900
1625619074831000,0,0.02525809,28891.4700
1625619097161000,1,0.15000000,28876.9100
1625619111911000,0,0.00119386,28885.4900
1625619120239000,1,0.01314354,28866.4400
1625619127739000,0,0.00936356,28885.5800
1625619203237000,0,0.00332000,28891.2900
1625619218855000,0,0.00332000,28888.8800
1625619220429000,1,0.00093374,28873.2500
1625619220816000,1,0.00136025,28880.5700
1625619230764000,1,0.00102600,28873.9500
1625619230849000,1,0.00123800,28873.9500
1625619231018000,1,0.00618500,28873.9500
1625619231319000,1,0.00311900,28873.9500
1625619231805000,1,0.00102100,28873.9500
1625619232300000,1,0.02882800,28873.9500
1625619235636000,1,0.00349893,28869.9300
1625619243741000,1,0.00715313,28871.2600
1625619257733000,0,0.00163643,28887.3300
1625619258810000,1,0.00301876,28869.9000
1625619274665000,1,0.01167745,28872.5600
1625619280365000,0,0.00580000,28883.9600
1625619295073000,1,0.00228400,28860.2800
1625619311289000,0,0.10970000,28834.2200
1625619311289000,0,0.00059047,28834.2300
1625619360246000,1,0.04402531,28838.0800
1625619415206000,0,0.02396767,28885.5000
1625619425587000,1,0.29474400,28865.4900
1625619461243000,0,0.00101000,28899.7400
1625619468956000,0,0.00502000,28914.3800
1625619521378000,0,0.00550757,28884.6600
1625619548246000,1,0.00105300,28894.9000
1625619585662000,0,0.00197500,28901.9400
1625619608435000,0,0.00168000,28900.4600
1625619616901000,1,0.00126900,28875.2300
1625619650889000,0,0.00550722,28910.4300
1625619669006000,1,0.00291600,28900.6000
1625619672968000,1,0.02588209,28907.9800
1625619674069000,1,0.00514700,28907.9900
1625619707850000,1,0.01200000,28914.5400
1625619746315000,0,0.18589584,28913.7500
1625619819926000,0,0.07083278,28936.0200
1625619819928000,0,0.14847831,28936.0200
1625619822128000,1,0.02427239,28928.9100
1625619838756000,0,0.00101644,28948.3200
1625619874266000,1,0.11658189,28944.4700
1625619874272000,1,0.03341811,28944.4700
1625619874272000,1,0.05631927,28944.4600
1625619874272000,1,0.09050437,28944.4600
1625619874274000,1,0.16796179,28944.4600
1625619910236000,1,0.01711900,28900.8200
1625619939972000,1,0.00620100,28906.4500
1625619940132000,1,0.03590200,28906.4500
1625619949244000,1,0.00092938,28908.7900
1625619962628000,0,0.01936912,28926.9400
1625619975537000,0,0.00085919,28945.7200
1625619989086000,0,0.00129000,28938.4800
1625619989213000,0,0.00125000,28938.4800
1625619995703000,0,0.00099000,28933.7200
1625620066659000,0,0.00554907,28908.5400
1625620218581000,0,0.51100000,28940.0900
1625620222369000,1,0.00350400,28921.7000
1625620232640000,0,0.01326000,28924.7600
1625620254832000,0,0.00102000,28926.2500
1625620262795000,1,0.08775022,28908.2400
1625620264854000,0,0.01335893,28918.8300
1625620286434000,0,0.00544525,28926.1900
1625620329753000,0,0.02107150,28964.9800
1625620350920000,1,0.10094000,28956.4200
1625620435138000,0,0.00491435,28952.7600
1625620444289000,0,0.15250693,28961.0800
1625620444289000,0,0.51000000,28961.5400
1625620444289000,0,0.19862381,28966.2500
1625620459166000,0,0.00086260,28982.2000
1625620488443000,0,0.02844232,28990.3500
1625620494191000,0,0.00163000,28982.8000
1625620592770000,0,0.16335511,28974.3800
1625620603532000,0,0.00139593,28990.3400
1625620622294000,0,0.00030407,28990.3400
1625620622294000,0,0.00148593,29002.0200
1625620658564000,0,0.00808676,28970.8800
1625620692710000,0,0.01849000,28974.9400
1625620803700000,1,0.15000000,28956.3500
1625620832565000,1,0.00446648,28934.1000
1625620839026000,1,0.07877161,28939.8700
1625620839027000,1,0.12496432,28939.8700
1625620843449000,0,0.00613000,28942.3600
1625620969815000,0,0.02211774,28949.5400
1625621034620000,0,0.00100000,28973.8000
1625621055819000,0,0.01471173,28976.6000
1625621076334000,0,0.00317000,28986.3400
1625621077237000,1,0.00897500,28965.8500
1625621097615000,1,0.15000000,28981.9500
1625621122925000,1,0.00429000,28967.3400
1625621123080000,0,0.00302781,28984.0000
1625621123565000,1,0.00155700,28970.9400
1625621147665000,1,0.00210000,28958.8300
1625621155054000,0,0.01358568,28979.5000
1625621181574000,1,0.04085300,28960.8500
1625621198342000,1,0.00358000,28963.1700
1625621218653000,1,0.29368100,28951.2500
1625621240978000,1,0.00331800,28964.8400
1625621250142000,0,0.00100000,28992.2100
1625621261244000,0,0.01381885,28989.1600
1625621273344000,1,0.01387755,28972.6800
1625621339974000,1,0.01150000,28943.7600
1625621384202000,0,0.21922856,28954.1100
1625621385335000,0,0.07161701,28965.2900
1625621385359000,0,0.07838299,28965.2900
1625621389411000,0,0.00144559,28977.0100
1625621400240000,0,0.06464418,28976.4600
1625621409538000,0,0.00100000,29001.0800
1625621528259000,0,0.00828000,28947.0000
1625621546779000,0,0.02092494,28949.3000
1625621571166000,1,0.00400000,28912.8400
1625621578192000,0,0.00100000,28930.5700
1625621582173000,1,0.00101200,28920.4000
1625621582478000,1,0.00147800,28916.6900
1625621609144000,0,0.00257408,28946.6300
1625621609523000,0,0.00109000,28941.9200
1625621675756000,0,0.02071022,28957.4100
1625621712810000,1,0.42272218,28935.3900
1625621760267000,0,0.00148572,28943.6100
1625621793985000,1,0.06681563,28902.8200
1625621794058000,1,0.18989704,28902.8200
1625621794076000,1,0.20028733,28902.8200
1625621806148000,0,0.05000000,28894.2100
1625621806151000,0,0.10869222,28894.2100
1625621850179000,0,0.14700000,28879.0800
1625621888465000,1,0.19953513,28850.7200
1625621888466000,1,0.29930268,28850.7200
1625621888486000,1,0.09972486,28850.7200
1625621888497000,1,0.29930268,28850.7200
1625621888731000,1,0.10213465,28850.7200
1625621901543000,0,0.02545183,28841.4300
1625621902056000,0,0.02545183,28841.4200
1625621913784000,0,0.03468873,28847.2400
1625621913813000,0,0.00000001,28847.2400
1625621922594000,1,0.00773666,28824.3000
1625621952745000,1,0.00145700,28824.7200
1625621976956000,0,0.22001536,28858.9900
1625621981486000,0,0.01355197,28874.2900
1625621990948000,1,0.15000000,28854.4000
1625621990951000,1,0.38105754,28847.2700
1625621990952000,1,0.00498887,28847.2700
1625621991060000,1,0.21990722,28841.2700
1625621991060000,1,0.30000000,28837.1900
1625621991060000,1,0.03464907,28837.1800
1625621991060000,1,0.08661968,28837.1800
1625621991060000,1,0.04000000,28837.1800
1625621991060000,1,0.29321274,28837.1700
1625621991060000,1,0.59700000,28835.7400
1625621991060000,1,3.84120000,28831.9000
1625621991060000,1,0.22522500,28830.2500
1625621991060000,1,0.29328291,28830.2400
1625621991060000,1,0.36652689,28827.9500
1625621991060000,1,0.58661706,28807.0300
1625621991120000,0,3.20765943,28801.4000
1625621991214000,1,0.04000000,28835.7500
1625621991214000,1,0.30000000,28831.9100
1625621991467000,1,0.00145700,28811.2900
1625621992893000,0,0.03000000,28813.0800
1625621992893000,0,0.05270221,28818.2600
1625621992893000,0,0.06396939,28819.2400
1625621993435000,1,0.01200000,28778.4200
1625621993435000,1,0.15180000,28770.1700
1625621993435000,1,0.03464907,28752.6000
1625621993435000,1,0.08661968,28752.6000
1625621993435000,1,0.09299100,28750.2400
1625621993435000,1,0.02394025,28744.1500
1625621993753000,0,0.15000000,28796.6000
1625622001603000,1,0.50000000,28772.8000
1625622001611000,1,1.47033694,28772.8000
1625622001661000,1,0.55000000,28772.8000
1625622001717000,1,0.60000000,28772.8000
1625622004944000,1,1.02900000,28750.8400
1625622018348000,0,0.19746573,28765.0700
1625622018565000,1,0.11174962,28765.0800
1625622024178000,0,0.95155629,28768.8000
1625622024179000,0,0.56881205,28768.8000
1625622024182000,0,0.13576791,28768.8000
1625622024191000,0,0.06763160,28768.8000
1625622024192000,0,0.13526320,28768.8000
1625622024194000,0,0.47190707,28768.8000
1625622026900000,0,0.00168000,28786.9300
1625622043797000,0,0.00258433,28788.7100
1625622063046000,1,0.03000000,28767.0000
1625622071568000,0,0.09870259,28786.8200
1625622071568000,0,0.08161820,28786.8200
1625622071571000,0,0.04017442,28786.8200
1625622071571000,0,0.08088443,28789.5200
1625622071571000,0,0.09310585,28789.5200
1625622071573000,0,0.12001023,28789.5200
1625622071641000,0,0.19725969,28792.5700
1625622071676000,0,0.22044593,28791.1400
1625622071679000,0,0.36759377,28795.4300
1625622071679000,0,0.05616378,28795.4800
1625622071680000,0,0.03667222,28795.4800
1625622071680000,0,0.03000000,28798.8800
1625622071680000,0,0.29105487,28800.6200
1625622071681000,0,0.00894513,28800.6200
1625622071681000,0,0.10890125,28800.6300
1625622071694000,0,0.05000000,28800.6200
1625622071694000,0,0.07982618,28800.6300
1625622071710000,0,0.13643452,28800.6300
1625622071713000,0,0.04232863,28800.6300
1625622071842000,0,0.03474321,28806.8900
1625622071842000,0,0.12520486,28807.6000
1625622071861000,0,0.18932946,28807.6000
1625622072368000,0,0.11350000,28806.8800
1625622072368000,0,0.03473693,28807.5900
1625622109783000,0,0.08642777,28792.4900
1625622109911000,0,0.22037675,28802.3800
1625622109911000,0,0.09366000,28803.0000
1625622110930000,1,0.03700000,28799.9600
1625622113120000,1,0.03700000,28802.3500
1625622134335000,1,0.00229200,28776.3000
1625622134485000,0,0.00101000,28799.0600
1625622141267000,0,0.01399456,28804.8100
1625622154893000,0,0.22039000,28800.2400
1625622157292000,0,0.06085000,28841.9800
1625622161043000,1,1.35100000,28836.2000
1625622178745000,0,0.04868000,28841.3800
1625622186523000,0,0.00101000,28842.2100
1625622198353000,0,0.11778430,28831.9300
1625622198356000,0,0.03401570,28831.9300
1625622198356000,0,0.05915171,28831.9700
1625622198356000,0,0.10022368,28831.9700
1625622198358000,0,0.06082544,28831.9700
1625622198453000,0,0.30099642,28838.1100
1625622198459000,0,0.06607865,28838.1100
1625622198499000,0,0.09935813,28837.3700
1625622198520000,0,0.12080006,28837.3700
1625622210847000,1,0.03000000,28860.6900
1625622213886000,1,0.01000000,28860.6900
1625622256901000,1,0.03457002,28901.2800
1625622256901000,1,0.36561194,28900.5800
1625622256901000,1,0.08643162,28896.1600
1625622256901000,1,0.36570125,28891.1800
1625622257081000,1,0.22472197,28889.7500
1625622289537000,0,0.09800000,28913.0500
1625622300023000,0,0.01304000,28908.1800
1625622311006000,0,0.00342452,28912.0400
1625622345617000,0,0.03738401,28915.1800
1625622390744000,0,0.00605563,28914.9300
1625622396385000,0,0.08000000,28906.1000
1625622418195000,1,0.21950167,28898.3800
1625622418197000,1,0.07230213,28896.8600
1625622418475000,1,0.03458843,28893.7100
1625622419863000,1,0.73847533,28887.5900
1625622424544000,0,0.19000000,28880.7000
1625622426076000,0,0.35000000,28885.9000
1625622426151000,0,0.20000000,28885.9000
1625622426221000,0,0.15000000,28885.8900
1625622426221000,0,0.05000000,28885.9000
1625622426290000,0,0.40000000,28885.9000
1625622426366000,0,0.39450000,28885.9000
1625622426440000,0,0.25000000,28885.9000
1625622457198000,0,0.05391567,28878.6000
1625622503423000,0,0.01188150,28878.5800
1625622505847000,1,0.14600000,28862.9000
1625622566996000,0,0.00171834,28881.0000
1625622585149000,1,0.15000000,28871.2700
1625622616641000,1,0.00100200,28876.1200
1625622618155000,1,0.04250400,28876.1200
1625622618501000,1,0.04260000,28878.4900
1625622623553000,1,0.04245100,28878.4900
1625622624146000,1,0.00221100,28882.6400
1625622624758000,1,0.04241300,28878.4900
1625622638379000,1,0.00774766,28880.8600
1625622697042000,0,0.00636168,28888.8600
1625622721255000,1,0.00234200,28882.0100
1625622728237000,0,0.00766000,28904.9200
1625622728410000,1,0.00086700,28892.1500
1625622731729000,0,0.10545152,28904.9200
1625622731741000,0,0.07757157,28904.9200
1625622731742000,0,0.14362261,28904.9200
1625622731746000,0,0.16710094,28904.9200
1625622737616000,0,0.00271119,28925.5000
1625622844591000,1,0.02988500,28887.7700
1625622844759000,1,0.00310100,28887.7700
1625622873228000,0,0.00430000,28903.7600
1625622895366000,0,0.00341000,28933.3800
1625622896280000,0,0.00100000,28920.2000
1625622977276000,0,0.03016500,28944.1300
1625623000567000,0,0.00099000,28946.3600
1625623011361000,0,0.00479716,28946.1600
1625623080240000,0,0.01676943,28935.2000
1625623140414000,0,0.00115825,28953.0200
1625623147744000,0,0.19001939,28957.4300
1625623147745000,0,0.17534207,28957.4300
1625623268183000,0,0.00398000,28940.3500
1625623345194000,0,0.00100000,28940.4000
1625623360517000,1,0.04236200,28921.8200
1625623360678000,1,0.04245700,28921.8200
1625623360916000,1,0.04243900,28921.8200
1625623361579000,1,0.00306600,28921.8200
1625623391172000,0,0.05560692,28926.1900
1625623393325000,0,0.02105255,28926.1800
1625623400053000,0,0.00281115,28926.1700
1625623431727000,0,0.00597000,28913.5200
1625623490001000,1,0.08940000,28905.1800
1625623539225000,0,0.00838000,28907.6300
1625623646340000,1,0.04238900,28852.5500
1625623649107000,1,0.09999000,28842.8800
1625623651690000,1,0.14521200,28857.3100
1625623683319000,1,0.00155200,28860.1400
1625623691559000,0,0.00671000,28877.7500
1625623704840000,0,0.00367590,28882.5100
1625623715545000,0,0.02806031,28879.9000
1625623715754000,0,0.05612063,28879.9000
1625623736941000,0,0.00101927,28876.3100
1625623756257000,0,0.00071379,28875.0800
1625623832863000,1,0.15000000,28884.1000
1625623832863000,1,0.51200000,28884.0900
1625623832863000,1,0.51231530,28881.9000
1625623839746000,0,0.00339535,28900.5700
1625623875652000,1,0.00069100,28859.7700
1625623887347000,0,0.00876000,28871.6400
1625623916879000,1,0.03353186,28864.9600
1625623917170000,0,0.00115942,28881.5900
1625623981756000,0,0.03500000,28848.6000
1625623984773000,0,0.03500000,28855.7000
1625623990646000,0,0.03500000,28854.1000
1625623999261000,1,0.31734714,28838.9000
1625624002705000,0,0.00444670,28831.8400
1625624016125000,0,0.02424554,28839.5700
1625624016628000,0,0.02424554,28839.5700
1625624020844000,1,0.01999995,28821.8000
1625624020877000,1,0.03467599,28819.5500
1625624020877000,1,0.22002022,28819.4400
1625624020877000,1,0.04452318,28815.0800
1625624020879000,1,0.24883415,28815.0800
1625624020879000,1,0.01000000,28812.4100
1625624020879000,1,0.04038524,28812.4000
1625624020887000,1,0.12640997,28812.4000
1625624021388000,1,0.08000000,28812.4100
1625624067566000,1,0.00387917,28841.3600
1625624093839000,1,0.38528127,28845.4100
1625624153155000,0,0.00327154,28877.6600
1625624281847000,1,0.15000000,28861.2800
1625624321416000,0,0.00101000,28870.7700
1625624321671000,0,0.00101000,28870.7700
1625624347369000,1,0.00105500,28854.4200
1625624348726000,1,0.08500000,28850.5500
1625624426748000,1,0.00753671,28860.1200
1625624448542000,1,0.00754089,28839.3500
1625624452824000,0,0.00203764,28855.7700
1625624464596000,0,0.02425282,28825.8400
1625624465210000,0,0.02425282,28825.8400
1625624480873000,1,0.00753000,28819.1800
1625624505079000,0,0.00478636,28838.1200
1625624524936000,0,0.00410000,28839.8100
1625624529037000,1,0.00200000,28822.6000
1625624529037000,1,0.00600000,28822.6000
1625624544481000,1,0.07640421,28824.1000
1625624544484000,1,0.18218783,28824.1000
1625624544543000,1,0.03467479,28821.1400
1625624544543000,1,0.05292816,28816.4000
1625624544543000,1,0.29335309,28816.1700
1625624544672000,1,0.11082393,28813.2600
1625624544672000,1,0.18254926,28813.2600
1625624544672000,1,0.15180000,28810.5900
1625624544672000,1,0.08668937,28808.4200
1625624544722000,1,0.01900000,28807.0900
1625624544722000,1,0.08668696,28803.8400
1625624544722000,1,0.33903735,28803.8300
1625624544776000,1,0.10101823,28803.8300
1625624544854000,1,0.03467430,28813.2600
1625624544870000,0,0.02425524,28824.7200
1625624546691000,1,0.02700000,28820.4000
1625624546698000,1,0.00029120,28820.4000
1625624557661000,1,0.00128092,28799.4500
1625624557661000,1,0.03470126,28792.1100
1625624557998000,1,0.08674532,28786.7800
1625624562072000,0,0.15000000,28788.3300
1625624578546000,1,0.03471000,28786.4900
1625624625211000,0,0.00202000,28801.5500
1625624660787000,1,0.00098604,28808.0700
1625624661011000,0,0.00806653,28820.4000
1625624676960000,0,0.00418000,28803.8300
1625624706971000,0,0.00101000,28787.2100
1625624708735000,0,0.21942028,28787.2100
1625624749286000,0,0.19575552,28796.5200
1625624769090000,0,0.06549398,28797.9400
1625624769091000,0,0.15489979,28797.9400
1625624769119000,0,0.14882336,28800.1400
1625624769195000,0,0.22035190,28801.9400
1625624769226000,0,0.36731533,28808.4300
1625624769629000,0,0.46075297,28819.6100
1625624783173000,1,0.00155900,28807.7100
1625624800915000,1,0.10000000,28806.0200
1625624871776000,0,0.02523298,28821.2500
1625624905971000,1,0.15000000,28810.6800
1625624905995000,1,0.22015569,28810.6700
1625624906001000,1,0.17866494,28808.4000
1625624906008000,1,0.11486465,28808.4000
1625624906008000,1,0.18451594,28805.8000
1625624906017000,1,0.25316980,28805.8000
1625624906194000,1,0.03469451,28805.2400
1625624950618000,1,0.00146100,28801.4500
1625624991392000,1,0.01146000,28820.4600
1625625023650000,1,0.38955215,28819.2100
1625625027197000,0,0.00140200,28817.7200
1625625034343000,1,0.02720700,28803.2100
1625625058996000,1,0.15000000,28825.1500
1625625058997000,1,0.22000923,28824.1100
1625625059000000,1,0.09110020,28821.6000
1625625059002000,1,0.08934965,28821.6000
1625625059020000,1,0.11289256,28821.6000
1625625059135000,1,0.32807173,28817.4300
1625625090039000,0,0.00408000,28851.6200
1625625098279000,0,0.03898000,28848.9000
1625625111716000,0,0.00199741,28851.6000
1625625134335000,0,0.00101000,28848.5100
1625625144995000,1,0.18728094,28842.3600
1625625144995000,1,0.09000000,28839.9300
1625625144995000,1,0.27271906,28839.0400
1625625195235000,0,0.00232350,28857.9400
1625625269187000,0,0.00102000,28849.7000
1625625382742000,0,0.01451574,28850.8600
1625625382838000,0,0.01460233,28850.8600
1625625407420000,0,0.00166000,28847.4300
1625625422484000,1,0.36137504,28830.5700
1625625422484000,1,0.07892872,28825.4000
1625625441903000,0,0.00273173,28839.9900
1625625493720000,0,0.03770094,28857.2200
1625625510570000,1,0.08729055,28848.9100
1625625560857000,0,0.00551739,28848.2600
1625625638081000,0,0.01532000,28867.1200
1625625679563000,0,0.01006171,28867.5000
1625625720267000,0,0.00907631,28881.8000
1625625769388000,0,0.00249671,28890.0000
1625625809117000,0,0.00260905,28898.3500
1625625843124000,0,0.16403641,28870.9300
1625625862291000,1,0.00277100,28864.0100
1625625864941000,1,0.00162900,28871.5300
1625625875081000,1,0.00779220,28862.9000
1625625902969000,0,0.00203035,28877.7900
1625625929810000,0,0.15000000,28864.4900
1625625960251000,0,0.03123176,28871.6300
1625626007251000,0,0.15000000,28857.7600
1625626058375000,0,0.18431993,28872.5700
1625626105180000,0,0.01671690,28907.2100
1625626148796000,0,0.00222221,28931.8900
1625626196829000,1,0.06941221,28905.3400
1625626243622000,0,0.00188284,28921.5400
1625626259819000,1,0.01100000,28909.7300
1625626266798000,0,0.15000000,28912.1300
1625626266937000,0,0.00198961,28912.1300
1625626303868000,1,0.00250000,28890.3200
1625626308714000,0,0.00166000,28908.1600
1625626319897000,0,0.00130292,28908.3900
1625626356928000,1,0.01347000,28878.7100
1625626384172000,1,0.11615816,28878.6200
1625626384176000,1,0.15297822,28878.6200
1625626384189000,1,0.70251513,28878.6200
1625626384204000,1,0.05234849,28878.6200
1625626384264000,1,0.03460495,28878.5200
1625626384308000,1,0.29280145,28876.7900
1625626404013000,0,0.01592000,28894.8300
1625626468335000,0,0.00114587,28908.9800
1625626484061000,1,0.05885600,28890.9100
1625626510213000,0,0.00723335,28899.3000
1625626526178000,0,0.00357333,28903.0800
1625626530222000,0,0.00664000,28903.2700
1625626577608000,0,0.00121152,28925.1000
1625626578021000,0,0.00466608,28925.1000
1625626585308000,0,0.00356000,28923.6000
1625626606258000,0,0.01486529,28931.4600
1625626624512000,0,0.00346000,28941.6200
1625626624517000,0,0.21955000,28941.6200
1625626635417000,0,0.00611000,28947.1700
1625626643240000,0,0.00502000,28943.0800
1625626683152000,0,0.02651000,28948.2300
1625626684176000,0,0.00252046,28948.2400
1625626698831000,1,0.07592112,28933.3600
1625626703216000,1,0.19000000,28931.5800
1625626741588000,0,0.06697248,28963.1700
1625626741685000,0,0.15219001,28963.1700
1625626741818000,0,0.29726639,28970.7100
1625626742857000,0,0.09680000,28979.5600
1625626742857000,0,1.40319953,28979.8000
1625626742861000,0,0.10341687,28979.8000
1625626742946000,1,0.02425454,28970.8800
1625626756844000,1,0.02425218,28977.8400
1625626757340000,1,0.02425218,28977.8500
1625626759432000,0,0.00345000,28999.5700
1625626766541000,0,0.19000000,29001.4600
1625626767746000,0,0.15000000,29007.1300
1625626768757000,0,0.00455816,29007.1300
1625626770045000,1,0.00155316,28978.1400
1625626778006000,1,0.01650082,29008.8000
1625626794396000,0,0.06000000,29002.5300
1625626795373000,0,0.04888918,29002.5300
1625626796721000,0,0.05000000,29002.5300
1625626801332000,0,0.09800000,29008.0100
1625626804092000,0,0.00343882,29009.8800
1625626816413000,0,0.00101862,29049.9600
1625626846954000,1,0.14262467,29030.6600
1625626864076000,0,0.01463834,29044.5200
1625626868409000,1,0.01000000,29033.7200
1625626887757000,1,0.11741143,29033.7100
1625626887760000,1,0.16745362,29033.7100
1625626887773000,1,0.00640098,29033.7100
1625626887773000,1,0.07847349,29033.7000
1625626887773000,1,0.07034584,29033.7000
1625626887787000,1,0.11698819,29033.7000
1625626887817000,1,0.02546892,29033.7000
1625626891119000,0,0.19013320,29031.2600
1625626907485000,0,0.15000000,29038.7000
1625626907485000,0,0.04108764,29038.7100
1625626910567000,0,0.00411240,29031.5800
1625626913486000,0,0.12908340,29031.5800
1625626919898000,0,0.16870044,29022.5700
1625626921902000,0,0.00444913,29018.5400
1625626923516000,0,0.12088581,29018.5400
1625626927511000,0,0.00767830,29008.8100
1625626936520000,0,0.22242762,28995.3500
1625626938863000,0,0.00327425,28995.3600
1625626941427000,0,0.03884578,28986.3900
1625626962772000,1,0.21883218,28984.9800
1625626968242000,0,0.14336226,28997.3700
1625626979656000,1,0.00093644,28974.2200
1625627000059000,1,0.00142800,28952.8300
1625627037957000,1,0.00330000,28962.5800
1625627079465000,0,0.00291139,28995.0800
1625627100904000,0,0.01516653,28993.9900
1625627135467000,0,0.08270202,28985.8000
1625627151783000,1,0.00705005,28976.0300
1625627163586000,1,0.13000000,28978.0600
1625627163603000,1,0.21886575,28975.2800
1625627163603000,1,0.03449775,28968.0300
1625627163603000,1,0.04560282,28968.0300
1625627163607000,1,0.04062548,28968.0300
1625627163607000,1,0.25834084,28968.0200
1625627163715000,1,0.03354478,28968.0200
1625627163715000,1,0.15180000,28967.7800
1625627163715000,1,0.22419953,28962.9900
1625627163715000,1,0.36484364,28962.9800
1625627163715000,1,0.57400000,28961.1500
1625627163715000,1,0.05263528,28959.9500
1625627163715000,1,0.26000000,28954.1900
1625627163715000,1,0.43778644,28954.1800
1625627163715000,1,0.01853577,28951.3100
1625627163715000,1,0.58372938,28950.8700
1625627163719000,0,0.51000000,28948.9000
1625627163740000,0,0.03700000,28948.9000
1625627174683000,1,0.17903664,28951.7700
1625627218871000,1,0.09124662,28942.5400
1625627222314000,1,0.00124400,28940.4700
1625627223636000,1,0.00188600,28948.6000
1625627223866000,0,0.21151315,28956.3700
1625627231495000,1,0.00260937,28947.3000
1625627241901000,1,0.00459000,28937.9000
1625627270821000,0,0.15541756,28946.8200
1625627270821000,0,0.06385287,28946.8200
1625627270836000,0,0.15465893,28947.5700
1625627270838000,0,0.12466714,28947.5700
1625627270848000,0,0.01306584,28947.5700
1625627276992000,1,0.61852000,28951.4000
1625627292884000,1,0.00349500,28942.8000
1625627297660000,0,0.01021000,28953.4200
1625627334978000,0,0.00994000,28959.2100
1625627363395000,1,0.01000000,28963.6100
1625627370481000,0,0.00265661,28960.7100
1625627375833000,0,0.00295695,28964.5300
1625627393437000,0,0.00406000,28957.2100
1625627400285000,0,0.00666085,28955.1200
1625627402343000,0,0.11823706,28955.1300
1625627402345000,0,0.10102468,28955.1300
1625627474682000,0,0.01468635,28973.7300
1625627479003000,1,0.28418933,28961.6000
1625627479027000,1,0.14207512,28961.6000
1625627479047000,1,0.28418933,28961.6000
1625627496480000,1,0.50000000,28953.5000
1625627498994000,0,0.00334000,28959.0600
1625627520236000,0,0.00674011,28966.9300
1625627545133000,1,0.01400000,28963.1700
1625627567900000,0,0.00325246,28975.5700
1625627571607000,1,0.00500000,28966.9300
1625627588443000,0,0.00269000,28990.0700
1625627643747000,1,0.15000000,28997.3200
1625627643747000,1,0.89242180,28997.3100
1625627664689000,1,0.00209291,29013.2000
1625627684016000,0,0.21873916,29021.7800
1625627707373000,1,0.00075000,29021.1200
1625627743767000,1,0.10000000,29039.0300
1625627765710000,1,0.01187300,29009.3500
1625627806216000,0,0.00105673,29030.0700
1625627846644000,0,0.00495839,29012.5800
1625627846727000,0,0.00665914,29012.5800
1625627873907000,0,0.01653000,29012.5800
1625627937974000,0,0.14876400,29012.5900
1625628000263000,0,0.00390165,29009.3000
1625628027213000,1,0.00349700,28988.1800
1625628087678000,1,0.00195193,29010.3000
1625628100693000,1,0.36120000,29027.4100
1625628116557000,0,0.05000000,29050.0000
1625628118246000,0,0.00182342,29074.9100
1625628118333000,0,0.00070198,29074.8600
1625628128761000,1,0.02500000,29057.1200
1625628128852000,1,0.00100000,29057.1000
1625628149278000,1,0.00874999,29059.2000
1625628238135000,0,0.14247963,29062.9100
1625628238136000,0,0.07590586,29062.9100
1625628253825000,1,0.00145700,29061.3700
1625628254020000,1,0.00218900,29061.3700
1625628254199000,1,0.00036300,29061.3700
1625628255366000,1,0.00109100,29058.1900
1625628256222000,1,0.02912900,29060.9700
1625628256880000,1,0.00109100,29055.5300
1625628269889000,1,0.02000000,29060.4400
1625628295566000,0,0.00279803,29086.9000
1625628314976000,1,0.00073535,29076.7500
1625628318807000,0,0.11962234,29086.9000
1625628318814000,0,0.11886263,29086.9000
1625628318827000,0,0.11982714,29086.9000
1625628318827000,0,1.27637420,29086.9000
1625628318831000,0,0.11982714,29086.9000
1625628318837000,0,0.09540377,29086.9000
1625628318849000,0,0.31524007,29086.9000
1625628318876000,0,0.14857769,29086.9000
1625628321277000,0,0.02700000,29086.9000
1625628321350000,0,0.06000000,29086.9000
1625628321376000,0,0.02000000,29086.9000
1625628321422000,0,0.00813283,29086.9000
1625628321774000,0,0.03000000,29086.9000
1625628322094000,0,0.01000000,29086.9000
1625628322133000,0,0.02000000,29086.9000
1625628322160000,0,0.00098000,29086.9000
1625628322283000,0,0.11000000,29086.9000
1625628322322000,0,0.01000000,29086.9000
1625628323378000,0,0.14000000,29086.9000
1625628323429000,0,0.24735416,29086.9000
1625628330084000,0,0.00069286,29089.9800
1625628330084000,0,0.00255092,29096.3000
1625628334304000,1,0.10609472,29085.3300
1625628334305000,1,0.09846201,29085.3300
1625628334309000,1,0.34977972,29085.3300
1625628339815000,0,0.00204217,29086.6600
1625628360249000,1,0.00256932,29086.6600
1625628369305000,1,0.00086400,29077.8300
1625628369458000,1,0.03479100,29077.8300
1625628433422000,0,0.00170719,29081.9400
1625628500333000,1,0.04400000,29034.6800
1625628500333000,1,0.00100000,29034.6800
1625628500333000,1,0.06569146,29034.6700
1625628530299000,1,0.39600000,29053.2000
1625628536821000,1,0.01582767,29044.3800
1625628540606000,0,0.00199662,29064.9200
1625628603568000,0,0.00346314,29062.6900
1625628647546000,1,0.00930880,29065.7400
1625628678541000,0,0.50800000,29101.0000
1625628683088000,1,0.00190000,29082.0600
1625628709164000,0,0.00204122,29100.3000
1625628709207000,0,0.06743032,29111.9100
1625628709213000,0,0.15114714,29111.9100
1625628709214000,0,0.28942254,29111.9100
1625628709214000,0,0.00131303,29112.9600
1625628709219000,0,0.15061380,29112.9600
1625628709226000,0,0.06611729,29112.9600
1625628709311000,0,0.13580000,29112.9500
1625628709311000,0,0.03000000,29120.0800
1625628709311000,0,0.56662727,29121.8000
1625628709432000,0,0.21800183,29117.6400
1625628709432000,0,0.09131451,29121.7600
1625628709448000,0,0.09649045,29121.7600
1625628709468000,0,0.03593124,29121.7600
1625628709468000,0,0.12263039,29121.8000
1625628709470000,0,0.10519954,29121.8000
1625628709471000,0,0.06250987,29121.8000
1625628709478000,0,0.24394096,29121.8000
1625628709478000,0,0.33840784,29121.8000
1625628709479000,0,0.16542247,29121.8000
1625628709479000,0,0.09757639,29121.8000
1625628709480000,0,0.10367491,29121.8000
1625628709493000,0,0.15551237,29121.8000
1625628709782000,0,0.06264970,29121.8000
1625628709820000,0,0.61983045,29121.8000
1625628709827000,0,0.35601784,29121.8000
1625628714636000,0,0.00487644,29144.1800
1625628714636000,0,0.00069993,29145.8800
1625628714636000,0,0.00069992,29145.8800
1625628714636000,0,0.00000001,29145.8800
1625628714636000,0,0.03126116,29150.0000
1625628714636000,0,1.67866254,29156.7500
1625628714704000,0,0.20000000,29156.7500
1625628714779000,0,0.25000000,29156.7500
1625628714838000,0,0.35000000,29156.7500
1625628714843000,0,0.52133746,29156.7500
1625628714971000,0,0.19701126,29156.6200
1625628714971000,0,0.00069403,29170.5100
1625628714971000,0,0.00173979,29174.3200
1625628714971000,0,0.03428861,29183.0000
1625628714971000,0,0.08586226,29189.9200
1625628714971000,0,0.03553501,29191.7200
1625628742075000,0,0.15000000,29137.9400
1625628742075000,0,0.05000000,29137.9500
1625628744593000,1,0.15000000,29148.5200
1625628744593000,1,0.22373620,29146.8100
1625628744593000,1,0.05000000,29146.8100
1625628744593000,1,2.63987694,29146.8000
1625628748292000,0,0.96000000,29191.7400
1625628748606000,0,0.89000000,29191.7400
1625628749116000,0,0.17867000,29191.7400
1625628749173000,0,0.15000000,29191.7400
1625628749185000,0,0.82133000,29191.7400
1625628749388000,0,0.08000000,29200.0000
1625628750491000,0,0.00080000,29218.6000
1625628751514000,0,0.00920000,29218.6000
1625628751514000,0,0.01061538,29218.7100
1625628762007000,0,0.00099000,29216.4000
1625628775718000,0,0.00272347,29192.4100
1625628783333000,1,0.20000000,29168.5500
1625628783342000,1,0.30000000,29168.5500
1625628783342000,1,0.03426347,29167.0000
1625628783342000,1,0.50000000,29166.9900
1625628786015000,1,0.05603919,29160.3900
1625628819315000,1,0.03429849,29119.2100
1625628819315000,1,0.08584800,29114.6400
1625628819315000,1,0.17922836,29114.5700
1625628819322000,1,0.29937485,29114.5700
1625628831444000,0,0.06035767,29127.3400
1625628831449000,0,0.11749550,29127.3400
1625628875154000,0,0.00633000,29112.1200
1625628896633000,0,0.05000000,29125.3000
1625628914848000,1,0.00284400,29121.1100
1625628924074000,1,0.00817081,29119.6800
1625628927617000,0,0.01175652,29146.0500
1625628940228000,0,0.00199849,29127.8600
1625628940440000,0,0.00004079,29127.8600
1625628957819000,0,0.00277805,29124.7200
1625628970016000,1,1.01600000,29100.3800
1625628979072000,0,0.03000000,29116.5900
1625628979134000,0,0.01000000,29116.5900
1625628979190000,0,0.16015024,29116.5900
1625629035763000,0,0.04059000,29126.6800
1625629129011000,0,0.21798607,29110.4000
1625629163893000,0,0.00431261,29106.6800
1625629223190000,0,0.00068278,29145.1500
1625629369742000,1,0.14798236,29107.5400
1625629369742000,1,0.00381764,29107.5400
1625629369742000,1,0.10677348,29107.2200
1625629369757000,1,0.11103337,29107.2200
1625629369761000,1,0.13303666,29104.7600
1625629369762000,1,0.28115803,29104.7600
1625629369787000,1,0.88254164,29109.4100
1625629369791000,1,0.08325600,29109.4100
1625629369799000,1,0.04920236,29109.4100
1625629369799000,1,0.29358182,29109.0900
1625629369849000,1,0.21441818,29109.0900
1625629369851000,1,0.03433641,29103.2200
1625629369851000,1,0.27592865,29102.4800
1625629369891000,1,0.01446680,29102.4800
1625629369891000,1,0.03000000,29101.9000
1625629369986000,1,0.08583455,29095.0600
1625629369986000,1,0.22317686,29095.0600
1625629369986000,1,0.03800000,29095.0600
1625629369986000,1,0.36302520,29094.7100
1625629392499000,0,0.00336710,29138.4300
1625629477182000,0,0.00068319,29127.9600
1625629503140000,0,0.21784834,29119.0300
1625629503204000,0,0.29047019,29122.0300
1625629525331000,0,0.00196000,29114.1300
1625629549885000,1,0.16195000,29074.1800
1625629560245000,0,0.06350391,29086.5900
1625629618036000,1,0.00619946,29082.0500
1625629666245000,0,0.00556000,29117.3400
1625629680230000,0,0.00360378,29124.3100
1625629685542000,0,0.00385869,29120.6900
1625629688474000,1,0.00540000,29108.9000
1625629688566000,1,0.00100000,29108.9000
1625629689218000,1,0.00058300,29108.9000
1625629691106000,0,0.00661075,29120.7000
1625629694875000,1,0.00154900,29108.8900
1625629699749000,1,0.00078600,29108.6700
1625629700374000,1,0.00100800,29102.2600
1625629718988000,1,0.02277300,29093.5900
1625629752856000,0,0.01518708,29097.1000
1625629770024000,1,0.00997780,29077.7500
1625629869884000,1,0.25596972,29072.4000
1625629873023000,0,0.00185378,29101.9000
1625629890386000,1,0.12964600,29085.9100
1625629917781000,0,0.01709718,29098.9500
1625629920277000,0,0.00840136,29104.2800
1625629925007000,0,0.08038000,29100.4500
1625630000104000,0,0.06837908,29108.4600
1625630000105000,0,0.14957158,29108.4600
1625630000274000,0,0.20227411,29111.9400
1625630000280000,0,0.01565287,29111.9400
1625630000311000,0,0.29056127,29115.8900
1625630000545000,0,0.15180000,29122.1600
1625630023213000,0,0.00289776,29134.5000
1625630064474000,0,0.00332000,29133.3600
1625630075959000,0,0.00405649,29130.2800
1625630081303000,1,0.00194670,29112.2500
1625630141950000,0,0.00221454,29130.2200
1625630156477000,0,0.00501897,29132.7200
1625630175944000,0,0.02000000,29124.7900
1625630176003000,0,0.03000000,29124.7900
1625630176068000,0,0.00294000,29124.7900
1625630176376000,0,0.10000000,29124.7900
1625630176423000,0,0.03000000,29124.7900
1625630176459000,0,0.01187560,29124.7900
1625630224192000,0,0.00085293,29158.0200
1625630231587000,0,0.05236810,29160.4500
1625630264302000,0,0.05000000,29143.0500
1625630264356000,0,0.13151422,29143.0500
1625630264483000,0,0.00980000,29141.3200
1625630264798000,0,0.02000000,29141.3200
1625630264871000,0,0.06000000,29141.3200
1625630265100000,0,0.05000000,29141.3200
1625630265132000,0,0.03919315,29141.3200
1625630265496000,0,0.05000000,29140.8200
1625630265941000,0,0.01000000,29140.8200
1625630267549000,0,0.03500000,29142.4700
1625630267636000,0,0.03500000,29142.4700
1625630268929000,1,0.49594741,29133.1600
1625630280245000,0,0.00662887,29160.2600
1625630293558000,0,0.00289004,29155.8000
1625630293558000,0,0.01123150,29156.0500
1625630403250000,0,0.00203701,29160.4100
1625630451869000,1,0.21758000,29142.8100
1625630454002000,1,0.00720000,29132.1400
1625630461141000,1,0.00217500,29134.3800
1625630519493000,0,0.00341304,29138.1100
1625630651541000,0,0.00847259,29110.1000
1625630675134000,1,0.00147200,29088.9500
1625630688174000,0,0.01393681,29095.1200
1625630694492000,1,0.00286376,29075.8700
1625630708083000,0,0.21494294,29096.2200
1625630708121000,0,0.00316557,29096.2200
1625630716850000,1,0.06094316,29094.1100
1625630724217000,0,0.00406000,29113.7500
1625630733211000,1,0.15860000,29107.3400
1625630776292000,0,0.21788960,29119.2100
1625630828057000,1,0.00166834,29129.5000
1625630828450000,0,0.06011390,29143.9000
1625630828450000,0,0.08799519,29143.9000
1625630828451000,0,0.06959395,29143.9000
1625630828451000,0,0.05493132,29147.5400
1625630828452000,0,0.23533940,29147.5400
1625630828452000,0,0.18014656,29150.7100
1625630828454000,0,0.53503072,29150.7100
1625630828457000,0,0.07553737,29150.7100
1625630828468000,0,0.10127990,29150.7100
1625630828563000,0,0.13139285,29154.5800
1625630828627000,0,0.21767393,29148.8500
1625630834971000,1,0.00303400,29146.6500
1625630875496000,1,0.00100000,29159.5100
1625630876650000,0,0.19745784,29172.7500
1625630885525000,0,0.03047158,29160.0000
1625630887449000,0,0.18376814,29171.7600
1625630920949000,0,0.01082467,29169.7200
1625630944024000,1,0.03047158,29160.2000
1625630947168000,1,0.00066800,29160.2000
1625630985408000,0,0.00199611,29162.6600
1625631016932000,1,0.50700000,29141.7900
1625631110809000,0,0.00556909,29109.7500
1625631111901000,0,0.01000000,29109.7500
1625631112274000,0,0.05000000,29109.7500
1625631112318000,0,0.04214000,29109.7500
1625631118932000,0,0.06000000,29109.7500
1625631119357000,0,0.00622568,29109.7500
1625631123698000,0,0.06819360,29117.9200
1625631139534000,0,0.01000000,29106.7700
1625631139592000,0,0.01000000,29106.7700
1625631139684000,0,0.07214770,29106.7700
1625631143933000,0,0.11112693,29111.9300
1625631152037000,0,0.05000000,29116.5100
1625631152037000,0,0.13172161,29116.5200
1625631152333000,0,0.07675382,29116.5200
1625631159971000,0,0.00672004,29116.0200
1625631160028000,0,0.01633179,29116.0200
1625631160236000,1,0.17746000,29110.4200
1625631162233000,1,0.00647000,29116.0200
1625631162319000,0,0.01058742,29117.9200
1625631216908000,0,0.01174000,29127.3600
1625631240272000,0,0.00814466,29127.3600
1625631250486000,1,0.00000131,29116.0200
1625631250486000,1,0.00455869,29113.8500
1625631317867000,1,0.11690000,29106.0500
1625631317867000,1,0.12856596,29106.0400
1625631331251000,0,0.00546549,29127.3600
1625631337777000,0,0.15646928,29127.3600
1625631337781000,0,0.35559693,29127.3600
1625631337783000,0,0.01758364,29127.3600
1625631339004000,0,0.34151415,29132.9600
1625631342493000,0,0.02775894,29132.9600
1625631345088000,1,0.01953334,29127.3300
1625631345109000,1,0.01953737,29127.3300
1625631345375000,0,0.00403949,29132.9600
1625631346930000,0,0.00343000,29132.9600
1625631407337000,0,0.00228904,29132.9600
1625631445339000,1,0.00098604,29122.8900
1625631463097000,0,0.19511689,29131.9200
1625631494367000,0,0.03570649,29132.9600
1625631519946000,0,0.00115000,29132.9600
1625631537934000,0,0.11086278,29132.9600
1625631537941000,0,0.07391628,29132.9600
1625631537943000,0,0.09762983,29132.9600
1625631537955000,0,0.12039971,29132.9600
1625631537958000,0,0.12210912,29132.9600
1625631537962000,0,0.16032013,29132.9600
1625631537963000,0,0.14859458,29132.9600
1625631537963000,0,0.09220484,29132.9600
1625631537964000,0,0.02028927,29132.9600
1625631538056000,0,0.77444855,29134.7400
1625631538070000,0,0.13456101,29134.7400
1625631538081000,0,0.07383891,29134.7400
1625631538081000,0,0.12915153,29134.7400
1625631550449000,1,0.00058000,29125.3600
1625631566611000,0,0.20000000,29140.1400
1625631567470000,0,0.00850799,29140.1400
1625631567823000,0,0.00017363,29140.1400
1625631600261000,0,0.05806553,29163.2400
1625631611105000,1,0.00130400,29140.8300
1625631614372000,0,0.00342125,29158.8800
1625631724163000,0,0.00523419,29200.0000
1625631726408000,0,0.99987551,29226.7700
1625631726417000,0,0.06481346,29226.7700
1625631726477000,0,0.79400000,29226.7700
1625631726846000,0,0.79400000,29226.7700
1625631726942000,0,0.34731103,29226.7700
1625631726942000,0,0.01000000,29226.8000
1625631767365000,1,0.02600000,29223.9500
1625631771878000,1,0.20000000,29223.9500
1625631771949000,1,0.13673000,29223.9500
1625631777350000,1,0.06315000,29244.6800
1625631777364000,1,0.00000383,29244.6800
1625631793279000,0,0.00528000,29239.8200
1625631806290000,0,0.00069206,29253.5000
1625631806290000,0,0.00561024,29253.6800
1625631807254000,0,0.00067033,29253.6800
1625631807254000,0,0.00068894,29255.2100
1625631807254000,0,0.01167811,29261.8400
1625631809557000,0,0.11731129,29261.8400
1625631809591000,0,0.93316073,29261.8400
1625631809594000,0,0.07055605,29261.8400
1625631809594000,0,0.20635750,29261.8400
1625631809601000,0,0.20000000,29261.8400
1625631809605000,0,0.06372805,29261.8400
1625631809629000,0,0.08724674,29261.8400
1625631809640000,0,0.10242008,29261.8400
1625631809641000,0,0.12442143,29261.8400
1625631809672000,0,0.82194000,29261.8400
1625631809740000,0,0.26118002,29261.8400
1625631811721000,1,0.03700000,29268.1700
1625631811721000,1,0.10063008,29268.1600
1625631814915000,1,0.00352898,29267.3300
1625631817687000,0,0.02947000,29279.1400
1625631820390000,0,0.00198961,29258.0700
1625631828714000,0,0.00004060,29258.0700
1625631838224000,1,0.02500000,29254.1100
1625631840287000,0,0.00689926,29276.9100
1625631868201000,0,0.00167111,29264.4800
1625631898580000,0,0.00167435,29266.4000
1625631905487000,1,0.02421000,29260.1900
1625631906761000,0,0.00372214,29277.0300
1625631918536000,1,0.00086000,29246.6400
1625631918911000,1,0.05000000,29246.7600
1625631918911000,1,0.15000000,29246.7600
1625631918911000,1,0.06102600,29246.7500
1625631920215000,1,0.01033200,29242.8500
1625631921435000,1,0.00115000,29253.2100
1625631929080000,1,0.00760000,29255.3000
1625631938792000,0,0.00182650,29278.5700
1625631939486000,1,0.01447557,29254.4400
1625631939572000,1,0.11899619,29254.4500
1625631939776000,1,0.00220011,29254.4500
1625631944145000,0,0.15000000,29276.9200
1625631945837000,0,0.02000000,29278.7300
1625631948128000,1,0.25000000,29269.6300
1625631948199000,1,0.20000000,29269.6300
1625631948265000,1,0.05400000,29269.6300
1625631954760000,0,0.02000000,29279.0400
1625631955091000,0,0.02000000,29279.0400
1625631960511000,0,0.05935223,29281.9000
1625631996076000,0,0.08433495,29254.0700
1625631996441000,1,0.00715935,29237.0900
1625632023451000,0,0.02450000,29237.8700
1625632025749000,0,0.01000000,29241.0000
1625632026148000,0,0.01000000,29241.0000
1625632026734000,0,0.00164000,29241.0000
1625632027705000,0,0.05000000,29241.0000
1625632028171000,0,0.01000000,29241.0000
1625632029154000,0,0.04000000,29236.4700
1625632029373000,0,0.02000000,29236.4700
1625632029728000,0,0.01709904,29236.4700
1625632030046000,0,0.05000000,29236.4700
1625632054729000,0,0.19901439,29232.8600
1625632054787000,0,0.00406152,29232.8600
1625632057254000,1,0.13297854,29215.2400
1625632057256000,1,0.37302146,29215.2400
1625632057256000,1,1.01200000,29215.2400
1625632059753000,1,0.00203287,29225.9700
1625632059870000,0,0.03000000,29232.8400
1625632061913000,0,0.12740000,29227.8100
1625632066846000,0,0.02000000,29232.8400
1625632067162000,0,0.01637188,29232.8400
1625632068512000,0,0.18000000,29233.5300
1625632068887000,0,0.00231770,29233.5300
1625632069886000,0,0.00342652,29233.5300
1625632072951000,0,0.13000000,29231.5000
1625632072985000,0,0.03315628,29231.5000
1625632075836000,0,1.02000000,29260.1900
1625632076225000,0,0.01000000,29260.1900
1625632076535000,0,0.18000000,29260.1900
1625632080259000,0,0.08360616,29260.1000
1625632099172000,0,0.00544108,29248.3500
1625632101766000,1,0.01589000,29248.3500
1625632111419000,0,0.01025562,29251.3000
1625632116338000,1,0.05490000,29226.9900
1625632116338000,1,0.00200000,29226.9900
1625632116338000,1,0.02660063,29226.9800
1625632136720000,0,0.01006454,29236.9200
1625632154096000,0,0.01018454,29240.4600
1625632159253000,0,0.00331000,29237.6200
1625632180661000,0,0.00199093,29238.5500
1625632199969000,0,0.00004063,29238.5500
1625632199969000,0,0.02640342,29243.6300
1625632201659000,0,0.02000000,29250.6500
1625632203185000,0,0.00843949,29250.6500
1625632204491000,0,0.01000000,29260.1900
1625632204927000,1,0.00058000,29239.5900
1625632231470000,0,0.00281000,29259.9700
1625632250014000,0,0.12136870,29260.1900
1625632250016000,0,0.14112007,29260.1900
1625632250148000,0,0.20000000,29260.1900
1625632250276000,0,0.06227104,29260.1900
1625632250280000,0,0.18436654,29260.1900
1625632250284000,0,0.19410000,29260.1900
1625632250288000,0,0.10546069,29260.1900
1625632250361000,0,0.20000000,29260.1900
1625632250384000,0,0.11911748,29260.1900
1625632250384000,0,0.06227104,29260.1900
1625632250384000,0,0.07429677,29260.1900
1625632250445000,0,0.15000000,29260.1900
1625632250485000,0,1.35042378,29260.1900
1625632251194000,1,0.00833100,29243.0000
1625632268906000,0,0.00137003,29268.8000
1625632268906000,0,0.00175997,29277.7100
1625632276843000,0,0.01310147,29289.4100
1625632276847000,0,0.00000001,29289.4100
1625632276984000,0,0.27000000,29296.9500
1625632279468000,0,0.01776678,29296.9500
1625632279825000,0,0.35000000,29296.9500
1625632279984000,0,0.10000000,29296.9500
1625632280989000,0,0.38000000,29296.9500
1625632282320000,0,0.03375134,29296.9500
1625632291715000,0,0.00979999,29296.9500
1625632292997000,0,1.20248118,29296.9500
1625632299781000,1,0.00202893,29279.4800
1625632301462000,0,0.00170761,29280.7100
1625632301462000,0,0.00265284,29296.9200
1625632320233000,0,0.00436510,29277.3600
1625632329862000,0,0.01720000,29296.9500
1625632358729000,1,0.43700000,29246.6900
1625632372069000,1,0.00590000,29235.0100
1625632440277000,0,0.00548968,29267.0900
1625632455924000,0,0.00179000,29261.4200
1625632480019000,1,0.00082884,29247.8700
1625632507271000,1,0.51900000,29247.0300
1625632512519000,1,0.00743000,29220.5200
1625632536264000,0,0.00101265,29256.2300
1625632560261000,0,0.20425141,29255.7600
1625632560261000,0,0.07947603,29261.4200
1625632576582000,0,0.00662000,29270.0000
1625632578076000,0,0.00037000,29270.0000
1625632578672000,1,0.00400000,29270.0000
1625632590757000,1,0.00000313,29270.0000
1625632612957000,1,0.01000000,29248.5300
1625632630066000,0,0.00228000,29249.2300
1625632687001000,0,0.00607000,29241.9500
1625632697148000,1,0.00327589,29233.6500
1625632697148000,1,0.00540048,29229.2400
1625632710780000,0,0.00068024,29254.2500
1625632754053000,0,0.02209358,29248.3500
1625632759767000,0,0.17000000,29248.3500
1625632763113000,1,0.09579797,29248.6800
1625632763142000,1,0.00422018,29248.6800
1625632763443000,1,0.12371841,29248.6800
1625632763443000,1,0.09032202,29248.6800
1625632763453000,1,0.98594142,29248.6800
1625632799676000,0,0.00420000,29244.3600
1625632802944000,0,0.00485000,29244.3600
1625632811003000,0,0.49597233,29255.4100
1625632811003000,0,0.83902767,29256.3200
1625632811290000,0,0.00202000,29256.3200
1625632812689000,1,0.00130000,29237.0300
1625632824321000,0,0.00166000,29256.3200
1625632824901000,0,0.10986986,29256.3200
1625632824902000,0,0.22384907,29256.3200
1625632825130000,0,0.15346973,29256.3200
1625632867518000,1,0.00119536,29245.6100
1625632888961000,1,0.00076474,29257.0900
1625632916404000,1,0.17758227,29271.8900
1625632916404000,1,0.00800000,29271.8900
1625632916404000,1,0.22357162,29268.1900
1625632919400000,0,0.00200900,29290.6800
1625632920257000,0,0.01082279,29290.6700
1625632989266000,0,0.11049618,29290.7000
1625632989267000,0,0.13549694,29290.7000
1625632989270000,0,0.25100688,29290.7000
1625632989389000,0,0.05000000,29294.8900
1625632989389000,0,0.19817240,29294.8900
1625632989477000,0,0.61900071,29296.9500
1625632989629000,0,0.00070325,29299.7400
1625632992232000,0,0.03000000,29300.0000
1625632998228000,0,0.03000000,29300.0000
1625632998579000,0,0.04000000,29300.0000
1625633003637000,0,0.00110291,29323.3900
1625633004017000,0,0.00002251,29323.3900
1625633004393000,0,0.16000000,29332.1100
1625633004579000,0,0.11481811,29332.1100
1625633004689000,0,0.22546836,29332.1100
1625633005228000,0,0.07000000,29332.1100
1625633010693000,0,0.00117166,29332.1100
1625633021320000,0,0.00202694,29305.2000
1625633031661000,1,0.00081272,29300.4200
1625633034569000,1,0.00133190,29308.8800
1625633040306000,0,0.03667451,29332.1100
1625633047732000,0,0.14685468,29322.6000
1625633080998000,0,0.14838844,29314.6900
1625633080998000,0,0.15180000,29317.7900
1625633080998000,0,0.12139623,29317.7900
1625633088029000,0,0.00695114,29325.6300
1625633094150000,1,0.15661154,29309.8800
1625633100251000,0,0.01000000,29315.3100
1625633100332000,0,0.00998121,29315.3100
1625633100358000,0,0.07000000,29315.3100
1625633103463000,0,0.00341000,29310.3100
1625633106476000,0,0.08269651,29310.3100
1625633107210000,1,0.00083418,29303.4800
1625633112633000,0,0.05000000,29315.3100
1625633112924000,0,0.00885078,29315.3100
1625633113216000,0,0.05000000,29324.7400
1625633113333000,0,0.05000000,29329.2700
1625633113333000,0,0.05000000,29329.2800
1625633113333000,0,0.01440458,29329.2900
1625633113383000,0,0.03559542,29329.2900
1625633113383000,0,0.15180000,29329.3000
1625633113383000,0,0.05000000,29330.5300
1625633113383000,0,0.09087378,29330.5400
1625633124357000,0,0.03000000,29326.2000
1625633124362000,0,0.07000000,29326.2000
1625633124400000,0,0.00396508,29326.2000
1625633125592000,0,0.05000000,29326.2000
1625633125609000,0,0.00673374,29326.2000
1625633126425000,0,0.05000000,29330.5600
1625633126693000,0,0.04863102,29330.6400
1625633126693000,0,0.30000000,29332.0700
1625633126706000,0,0.05000000,29332.1000
1625633126706000,0,1.02000000,29332.1100
1625633127354000,0,0.06000000,29332.1100
1625633127711000,0,0.00349860,29332.1100
1625633127822000,0,0.01482259,29332.1100
1625633128342000,0,1.04000000,29332.1100
1625633128345000,0,0.25354617,29332.1100
1625633129361000,0,0.00069010,29336.4800
1625633129361000,0,0.00083630,29336.4800
1625633129578000,0,0.06440000,29329.2700
1625633129683000,0,0.00003115,29336.4800
1625633139785000,1,0.00202535,29329.7800
1625633140669000,1,0.00408017,29329.7800
1625633178527000,1,0.00403023,29335.0100
1625633192973000,1,0.65200000,29326.7100
1625633192973000,1,0.50300000,29326.1900
1625633192973000,1,0.39672000,29325.1300
1625633226392000,1,0.60851460,29330.9500
1625633234183000,0,0.00165000,29338.9900
1625633243259000,0,0.01208000,29342.3200
1625633251975000,0,0.00115000,29339.1400
1625633252013000,0,0.03414000,29339.1400
1625633256477000,1,0.13200000,29319.6500
1625633267674000,1,0.00070000,29316.3700
1625633279074000,1,0.01200000,29316.3800
1625633280268000,0,0.02670876,29328.9500
1625633282384000,0,0.00202526,29329.6200
1625633346961000,1,0.54900000,29327.6300
1625633351337000,1,0.00074118,29320.0900
1625633362183000,1,0.01482200,29321.6600
1625633364156000,1,0.01086000,29321.6600
1625633369533000,1,0.02694500,29316.3800
1625633376663000,0,0.00100980,29336.5200
1625633376719000,0,0.00252451,29336.5200
1625633380156000,0,0.00202544,29326.9200
1625633389949000,1,0.00195086,29317.8700
1625633400294000,0,0.01905353,29330.4100
1625633430851000,0,0.00431000,29348.0100
1625633470861000,1,0.00174900,29329.8000
1625633492806000,0,0.00166698,29351.7500
1625633499990000,0,0.00202450,29340.5100
1625633501673000,1,0.01129870,29339.0000
1625633535719000,1,0.00088500,29346.4000
1625633537417000,0,0.17593807,29359.3900
1625633537422000,0,0.37116056,29359.3900
1625633537426000,0,0.02568175,29359.3900
1625633537426000,0,0.15425015,29360.1000
1625633537427000,0,0.10207731,29360.1000
1625633537427000,0,0.13081018,29360.1000
1625633537427000,0,0.09911810,29360.1000
1625633537429000,0,0.09375990,29360.1000
1625633537432000,0,0.11493149,29360.1000
1625633537435000,0,0.09845103,29360.1000
1625633537459000,0,0.10467948,29360.1000
1625633537517000,0,0.36692236,29360.1000
1625633538478000,0,0.02000000,29367.3100
1625633539359000,0,0.15040000,29367.3100
1625633539383000,0,0.09723737,29367.3100
1625633539384000,0,0.22990870,29367.3100
1625633539384000,0,0.32055305,29367.3100
1625633539408000,0,0.62874673,29367.3100
1625633539408000,0,0.22908465,29367.3100
1625633539413000,0,0.22678179,29367.3100
1625633539414000,0,0.16480910,29367.3100
1625633539443000,0,0.36999643,29367.3100
1625633539455000,0,0.56248218,29367.3100
1625633541162000,1,0.02638943,29375.0400
1625633543160000,0,0.00068724,29382.4200
1625633543315000,1,0.17953991,29375.0400
1625633547655000,0,0.00001403,29382.4200
1625633550933000,0,0.05000000,29396.4200
1625633555996000,1,0.15000000,29383.3400
1625633556040000,1,0.41400000,29383.3400
1625633558927000,1,0.00124839,29375.0400
1625633572752000,0,0.09372585,29400.0000
1625633576318000,0,0.00163822,29400.0000
1625633577427000,0,0.00463593,29400.0000
1625633577427000,0,0.16536407,29408.3600
1625633577437000,0,0.12380153,29408.3600
1625633577439000,0,0.09134137,29408.3600
1625633577441000,0,0.10391087,29408.3600
1625633579659000,0,0.00068815,29419.4600
1625633579659000,0,0.00068506,29420.4500
1625633589609000,1,0.00103834,29372.7000
1625633593395000,0,0.05026000,29411.9400
1625633597674000,0,0.14960326,29388.3900
1625633600246000,0,0.16597892,29386.2200
1625633601477000,0,0.00331957,29386.2200
1625633607660000,1,0.00070000,29362.1900
1625633614065000,0,0.01006000,29374.4800
1625633617399000,1,0.04614347,29353.5600
1625633660704000,0,0.00202053,29398.1800
1625633660704000,0,0.02079947,29398.5700
1625633666189000,0,0.00313368,29400.2600
1625633698739000,0,0.00284031,29401.2000
1625633703788000,1,0.00056400,29389.7500
1625633710612000,0,0.00070029,29423.7600
1625633711079000,0,0.04000000,29437.8300
1625633711235000,0,0.30000000,29437.8300
1625633711464000,0,0.15000000,29437.8300
1625633711551000,0,0.25000000,29437.8300
1625633711623000,0,0.15000000,29437.8300
1625633711692000,0,0.25000000,29437.8300
1625633711733000,0,0.36000000,29437.8300
1625633711832000,0,0.10000000,29437.8300
1625633711904000,0,0.05000000,29437.8300
1625633741495000,1,0.01067672,29390.3600
1625633753393000,1,0.50000000,29416.6800
1625633753948000,1,0.03646846,29390.3800
1625633757359000,1,0.03609366,29415.8700
1625633758187000,1,0.33390000,29415.8700
1625633758374000,1,0.00000634,29415.8700
1625633758374000,1,0.02406535,29401.6400
1625633760249000,0,0.01216184,29427.6600
1625633801582000,0,0.00337386,29419.7500
1625633816545000,0,0.19569608,29401.5700
1625633816545000,0,0.07107917,29409.6100
1625633823148000,0,0.00256228,29409.6000
1625633943398000,0,0.00675687,29377.8300
1625633963654000,0,0.00099000,29382.3300
1625633978585000,0,0.02233593,29377.8400
1625634004528000,0,0.00202000,29377.9900
1625634004620000,0,0.00000192,29377.9900
1625634027657000,0,0.01006000,29372.6100
1625634056502000,0,0.00100159,29385.5700
1625634085131000,0,0.00188000,29391.0600
1625634152069000,0,0.00270265,29373.1900
1625634167327000,1,0.19159468,29350.4500
1625634167349000,1,0.00000017,29350.4500
1625634167349000,1,0.03699962,29350.4400
1625634167411000,1,0.00000038,29350.4400
1625634167411000,1,0.03404552,29350.3800
1625634167433000,1,0.00000051,29350.3800
1625634167433000,1,0.26629649,29350.3400
1625634169199000,0,0.01028261,29384.4200
1625634214798000,0,0.00202115,29389.1500
1625634266496000,1,0.01060800,29385.3100
1625634299888000,1,0.15000000,29392.9600
1625634299888000,1,0.10110561,29392.9500
1625634326801000,0,0.01752178,29421.7500
1625634336672000,0,0.00667496,29421.4400
1625634357673000,0,0.01000000,29424.7200
1625634370826000,1,0.05000000,29399.0200
1625634370826000,1,0.07700000,29399.0200
1625634370826000,1,0.19150000,29399.0100
1625634370864000,1,0.00688850,29399.0100
1625634377071000,0,0.00690000,29437.8100
1625634378058000,0,0.00671000,29437.7300
1625634399561000,1,0.00208000,29405.4700
1625634422922000,0,0.00117015,29408.9300
1625634480727000,0,0.00585867,29379.3400
1625634481090000,0,0.00560862,29388.9700
1625634489906000,0,0.02720432,29376.1700
1625634510966000,1,0.02357496,29355.2100
1625634510966000,1,0.11481960,29355.2000
1625634510966000,1,0.08999428,29355.2000
1625634510967000,1,0.09831308,29355.2000
1625634510968000,1,0.09377555,29355.2000
1625634510968000,1,0.86151561,29355.2000
1625634510968000,1,0.09528806,29355.2000
1625634510969000,1,0.13385703,29355.2000
1625634510970000,1,0.09528806,29355.2000
1625634510972000,1,0.11721944,29355.2000
1625634510973000,1,0.17545102,29355.2000
1625634510975000,1,0.11721943,29355.2000
1625634511114000,1,0.03404510,29350.7100
1625634511114000,1,0.09463700,29348.3700
1625634511114000,1,0.54100000,29347.9000
1625634511114000,1,0.08510407,29343.4500
1625634511114000,1,0.05000000,29343.4500
1625634511114000,1,0.96253000,29343.4400
1625634511389000,1,0.02600466,29332.5300
1625634511389000,1,0.11399534,29330.2800
1625634511602000,1,0.09463700,29338.5600
1625634511602000,1,0.03404510,29329.1200
1625634511602000,1,0.08510407,29329.1200
1625634511717000,1,0.03404858,29330.2800
1625634513808000,1,0.13130000,29316.3700
1625634527303000,1,0.20000000,29308.1000
1625634527392000,1,0.20000000,29308.1000
1625634527444000,1,0.17108732,29314.1800
1625634527444000,1,0.60800000,29308.1000
1625634527444000,1,0.21939030,29308.0900
1625634527529000,1,0.78860970,29308.0900
1625634529736000,0,0.08260000,29307.9300
1625634529736000,0,1.08250000,29308.1900
1625634536515000,1,0.00109922,29283.0500
1625634537504000,0,0.00901400,29322.2900
1625634584764000,1,0.20040000,29321.8000
1625634623176000,1,0.00527974,29321.4700
1625634624043000,1,0.14472026,29321.4700
1625634626598000,0,0.00142509,29342.8600
1625634674278000,1,0.01645913,29292.2700
1625634717578000,0,0.00100315,29334.0800
1625634720247000,0,0.00807107,29333.8100
1625634727286000,0,0.00267000,29333.3200
1625634745974000,1,0.05764300,29314.5200
1625634786877000,0,0.00270579,29328.8300
1625634836249000,0,0.01719400,29315.4400
1625634865849000,1,0.01105227,29310.7000
1625634866677000,1,0.02850000,29301.9700
1625634866995000,0,0.00409000,29331.3200
1625634897645000,1,0.03700000,29301.8200
1625634897645000,1,0.05202029,29301.7500
1625634897645000,1,0.05000000,29299.1700
1625634897645000,1,0.37585845,29299.1600
1625634897645000,1,0.14150226,29299.1000
1625634907162000,0,0.15000000,29338.1600
1625634971186000,1,0.04488827,29328.6100
1625634975851000,0,0.01643810,29349.7600
1625634989948000,0,0.00341000,29350.3700
1625634992166000,0,0.26327716,29350.3600
1625635012457000,0,0.00139261,29376.3200
1625635028732000,0,0.04126449,29382.3600
1625635030769000,1,0.00594926,29352.8400
1625635036224000,0,0.00501433,29390.1600
1625635061167000,0,0.00282231,29396.3100
1625635089132000,1,0.00208400,29384.9700
1625635101123000,0,0.00169105,29419.4400
1625635107200000,0,0.00108000,29420.9800
1625635141511000,0,0.00977000,29437.7800
1625635160709000,0,0.01380000,29426.8300
1625635192996000,0,0.00416300,29429.4800
1625635197040000,0,0.00796109,29429.5100
1625635224631000,0,0.00541394,29405.5500
1625635262660000,0,0.00807471,29421.8000
1625635298143000,1,0.00272000,29404.8600
1625635349735000,0,0.00101520,29412.7000
1625635436253000,1,0.00343023,29378.7300
1625635444462000,1,0.00131100,29378.0500
1625635452988000,1,0.00215062,29382.2100
1625635466081000,1,0.00148203,29383.4500
1625635467416000,1,0.00170628,29383.4500
1625635493620000,1,0.53900000,29378.8200
1625635546293000,1,0.18341000,29405.3900
1625635556485000,0,0.01000000,29423.0000
1625635559218000,1,0.15676000,29411.9200
1625635560315000,1,0.01166630,29398.7500
1625635600355000,1,0.00087640,29397.1100
1625635610201000,0,0.00338427,29411.3000
1625635610201000,0,0.00666573,29424.5900
1625635624881000,1,0.00846600,29400.4300
1625635625221000,1,0.01359000,29400.4300
1625635625497000,1,0.00945900,29391.1400
1625635659787000,1,0.00202021,29427.8700
1625635665857000,0,0.09124993,29437.8200
1625635665857000,0,0.07219667,29437.8200
1625635665857000,0,1.84261025,29437.8300
1625635665884000,0,0.10784083,29437.8300
1625635665890000,0,0.11764454,29437.8300
1625635665893000,0,0.15158046,29437.8300
1625635665895000,0,0.09502060,29437.8300
1625635665912000,0,0.14177675,29437.8300
1625635665914000,0,0.06108467,29437.8300
1625635667124000,0,0.08823341,29437.8300
1625635667137000,0,0.12443172,29437.8300
1625635667137000,0,0.11613628,29437.8300
1625635667139000,0,0.09351233,29437.8300
1625635667142000,0,0.09049580,29437.8300
1625635667148000,0,0.14102262,29437.8300
1625635667150000,0,0.09200406,29437.8300
1625635667152000,0,0.08898754,29437.8300
1625635667166000,0,0.12744826,29437.8300
1625635667167000,0,0.06711772,29437.8300
1625635667167000,0,0.09652885,29437.8300
1625635667167000,0,0.13046478,29437.8300
1625635668308000,0,0.57605000,29437.8300
1625635668332000,0,0.00000853,29437.8300
1625635668495000,0,0.00100000,29450.0000
1625635668495000,0,0.00069150,29455.1100
1625635668495000,0,0.00000108,29455.1100
1625635670367000,0,0.10320376,29459.3000
1625635670458000,0,0.03000000,29463.6700
1625635670458000,0,0.00069930,29465.1000
1625635673708000,1,0.00291600,29433.5300
1625635694645000,1,0.00460000,29427.2600
1625635703607000,1,0.00074850,29430.2200
1625635723346000,0,1.00016488,29473.1600
1625635723786000,0,0.63201314,29473.1600
1625635726364000,1,0.03700000,29457.7000
1625635726364000,1,0.05000000,29457.6100
1625635726458000,1,0.03392982,29448.0700
1625635726458000,1,0.05600230,29448.0500
1625635726459000,1,0.59599770,29448.0500
1625635726561000,0,0.79400000,29473.1600
1625635726597000,1,0.15000000,29451.7000
1625635726598000,1,0.03393212,29447.2400
1625635727012000,1,0.15000000,29440.9800
1625635727012000,1,0.03000000,29440.9700
1625635728180000,1,0.00168800,29429.6300
1625635729576000,1,0.00273400,29429.7500
1625635729932000,1,0.00128500,29429.7500
1625635730951000,0,0.00283002,29452.0600
1625635745087000,1,0.00875500,29424.4500
1625635748124000,0,0.01908000,29448.2100
1625635751534000,0,0.05000000,29454.2100
1625635751850000,0,0.03000000,29454.2100
1625635757883000,0,0.14000000,29464.6700
1625635790390000,1,0.36400000,29451.2000
1625635799880000,0,0.00193000,29461.6900
1625635800283000,1,0.00134853,29431.5600
1625635811323000,0,0.00113738,29452.3400
1625635833113000,0,0.00107000,29464.6800
1625635838285000,1,0.00171034,29441.4100
1625635852282000,0,0.08469918,29457.1900
1625635852903000,1,0.01359056,29444.3200
1625635856510000,1,0.00380000,29441.4100
1625635859456000,1,0.00232100,29448.0900
1625635861436000,1,0.01222300,29448.0900
1625635871519000,0,0.16589307,29456.4800
1625635943549000,1,0.05000000,29431.5600
1625635944324000,1,0.35188573,29424.8200
1625635944342000,1,0.31511427,29424.8200
1625635944466000,1,0.03396785,29416.0300
1625635958651000,0,0.00160000,29413.7700
1625635979454000,1,0.02392281,29395.2600
1625635984217000,0,0.01461890,29401.6900
1625635994017000,0,0.00213765,29401.4100
1625636039270000,0,0.00166383,29406.6700
1625636107344000,1,0.02450000,29391.5000
1625636108207000,0,0.00336000,29407.7800
1625636129504000,0,0.01359249,29411.9900
1625636160273000,1,0.18970465,29390.6700
1625636163629000,0,0.00272761,29400.9400
1625636209848000,0,0.00100789,29411.9000
1625636254042000,0,0.00272513,29405.2200
1625636266237000,0,0.03392198,29408.6600
1625636269622000,0,0.00165000,29409.8100
1625636280266000,1,0.00749996,29392.7600
1625636282751000,0,0.03922000,29408.9900
1625636284245000,1,0.00573191,29392.7700
1625636288867000,1,0.02600000,29391.0800
1625636317664000,0,0.00456072,29412.0000
1625636324467000,0,0.00272515,29412.0000
1625636329941000,1,0.30459000,29397.1800
1625636351639000,0,0.00167000,29401.2200
1625636360346000,0,0.00215000,29405.4600
1625636365863000,0,0.00352757,29397.1400
1625636369026000,0,0.01036000,29395.9300
1625636375276000,1,0.07636840,29381.0000
1625636396267000,1,0.00103040,29370.2200
1625636414686000,0,0.00272472,29394.4400
1625636419734000,1,0.00197794,29379.6500
1625636420293000,0,0.00947000,29396.9400
1625636431254000,0,0.01093642,29393.1900
1625636436589000,1,0.14823151,29378.0400
1625636443842000,1,0.15538699,29381.1300
1625636443842000,1,0.38076849,29378.0400
1625636443842000,1,0.50300000,29375.1800
1625636443842000,1,0.29138091,29375.1800
1625636456724000,0,0.00333742,29395.8300
1625636457034000,1,0.01615000,29375.4800
1625636458667000,1,1.00600000,29379.2200
1625636458667000,1,0.32442972,29379.1200
1625636465189000,0,0.00203963,29395.8300
1625636482335000,1,0.28857028,29379.1200
1625636482335000,1,0.50200000,29377.1200
1625636482335000,1,0.12559458,29369.6600
1625636485932000,0,0.00840138,29391.7500
1625636493514000,0,0.01200540,29375.5400
1625636499198000,1,0.00317290,29374.2400
1625636504935000,0,0.00136352,29396.6700
1625636522813000,0,0.17707161,29378.9200
1625636522813000,0,0.11459004,29391.1000
1625636540951000,0,0.00979000,29394.9200
1625636548148000,0,0.00562000,29381.1200
1625636561404000,0,0.00098000,29383.5700
1625636569436000,0,0.00423000,29383.4600
1625636580509000,0,0.00251000,29377.0100
1625636582649000,1,0.16338585,29352.6000
1625636582649000,1,0.57359890,29350.4900
1625636582651000,1,0.02940110,29350.4900
1625636593013000,0,0.00099000,29339.6400
1625636593935000,0,0.00336179,29339.6400
1625636596448000,0,0.04336000,29339.6400
1625636596529000,0,0.00000234,29339.6400
1625636608040000,1,0.03000000,29326.9600
1625636608040000,1,0.05000000,29325.0300
1625636608040000,1,0.05186986,29325.0100
1625636608040000,1,0.05600000,29323.2800
1625636608040000,1,0.03408014,29323.2500
1625636608040000,1,0.00131485,29323.2400
1625636608149000,1,0.50300000,29328.8200
1625636608149000,1,0.05863432,29328.8200
1625636608165000,1,0.12611793,29321.6100
1625636608206000,1,0.03407968,29321.6100
1625636608206000,1,1.71202537,29321.6000
1625636611066000,1,0.07541567,29334.1500
1625636613365000,0,0.15000000,29348.5700
1625636617153000,0,0.30553766,29345.0000
1625636617160000,0,0.06695178,29345.0000
1625636620716000,1,0.02000000,29338.4000
1625636621250000,1,0.16244327,29338.4000
1625636623412000,0,0.01356312,29345.0000
1625636623664000,0,0.01423479,29345.0000
1625636636582000,0,0.03336015,29344.9900
1625636678134000,0,0.07921000,29343.9800
1625636687747000,0,0.00330000,29345.7600
1625636708893000,0,0.02291397,29340.0000
1625636711413000,0,0.00700000,29368.8400
1625636712203000,0,0.05284794,29366.2800
1625636772738000,1,0.00148199,29368.0600
1625636787780000,0,0.00166449,29389.0000
1625636813199000,0,0.00513009,29378.0900
1625636845877000,0,0.00099000,29378.0100
1625636861159000,1,1.35555441,29386.9700
1625636861171000,1,0.30000000,29386.9700
1625636861236000,1,0.84444000,29386.9700
1625636863617000,1,0.00000559,29386.9700
1625636863617000,1,0.00291141,29364.1000
1625636887136000,0,0.00600619,29391.3100
1625636894662000,1,0.16914088,29378.8500
1625636894662000,1,0.11400000,29372.3700
1625636894662000,1,0.04831767,29367.2400
1625636894718000,1,0.06568233,29367.2400
1625636894718000,1,0.98851911,29362.9000
1625636897379000,0,0.06769080,29398.9700
1625636898716000,1,0.19202070,29377.2500
1625636898722000,1,0.00000012,29377.2500
1625636898722000,1,0.21913591,29367.7200
1625636931270000,0,0.00451075,29406.2900
1625636932127000,0,0.01232001,29412.2100
1625636936550000,0,0.00330490,29412.2000
1625636950027000,1,0.00357542,29382.9100
1625636954076000,1,0.09998200,29391.2900
1625636974487000,1,0.00560044,29380.3500
1625636996365000,1,0.16000000,29389.6200
1625636997345000,0,0.00333629,29406.9600
1625637000258000,1,0.02284959,29381.1800
1625637007163000,0,0.00101908,29408.3700
1625637018289000,0,0.00402000,29408.3700
1625637019213000,1,0.00339000,29382.9500
1625637023406000,1,0.04339346,29381.2000
1625637025210000,0,0.00204000,29408.3700
1625637056433000,1,0.00443169,29395.4100
1625637057405000,0,0.01497935,29408.3700
1625637065742000,0,0.07794157,29408.3700
1625637080062000,1,0.01139700,29405.6100
1625637081176000,1,0.01360990,29393.0300
1625637088707000,1,0.00098851,29379.0000
1625637094745000,0,0.01366645,29411.2000
1625637116447000,0,0.00330274,29404.6300
1625637122742000,1,0.06000000,29388.7900
1625637155637000,1,0.01700000,29380.8200
1625637158688000,0,0.00277816,29413.1100
1625637168502000,1,0.15000000,29384.5600
1625637168502000,1,0.05000000,29384.5200
1625637168502000,1,0.00389246,29384.5100
1625637176552000,0,0.00663936,29426.4900
1625637180330000,1,0.00126854,29404.5500
1625637182578000,0,0.15000000,29422.2000
1625637186667000,1,0.00104235,29414.7200
1625637212388000,1,0.50400000,29444.9200
1625637217211000,1,0.06997660,29453.3500
1625637240259000,0,0.04488217,29473.1600
1625637246466000,0,0.01405000,29473.1600
1625637247264000,0,0.00677565,29473.1600
1625637251398000,0,0.00222650,29472.1500
1625637273564000,0,0.15000000,29451.3600
1625637296502000,1,0.00297778,29440.1700
1625637299624000,1,0.00070000,29443.0100
1625637316735000,0,0.00287429,29473.1200
1625637329902000,1,0.01035948,29463.8400
1625637329926000,0,0.41751025,29473.1600
1625637360260000,1,0.18777291,29462.4700
1625637371417000,0,0.00651000,29470.0000
1625637372586000,0,0.09349000,29470.0000
1625637372586000,0,0.00339573,29470.0000
1625637372650000,0,0.00201543,29472.6600
1625637372650000,0,0.09060391,29473.1600
1625637373704000,1,0.04333018,29471.3800
1625637375348000,0,0.08200000,29480.0000
1625637379460000,0,0.00199672,29474.1800
1625637381153000,1,0.00339470,29477.2700
1625637382906000,0,0.00339470,29477.2700
1625637383547000,1,0.00040805,29485.4700
1625637387071000,0,0.04428679,29475.1600
1625637398442000,1,0.14260000,29465.2600
1625637398484000,1,0.08453483,29465.2500
1625637398486000,1,0.10985008,29465.2500
1625637398488000,1,0.10759010,29465.2500
1625637398498000,1,0.06077751,29465.2500
1625637398500000,1,0.10397333,29465.2500
1625637398565000,1,0.03327415,29465.2500
1625637398565000,1,0.63200000,29464.7100
1625637399471000,1,0.50000000,29460.8900
1625637399471000,1,0.01849536,29458.5200
1625637453096000,0,0.00166059,29452.4900
1625637454814000,1,0.00339470,29429.3600
1625637482880000,1,0.00456996,29438.5900
1625637494324000,0,0.03353049,29453.0200
1625637518597000,0,0.00502000,29435.4500
1625637529282000,0,0.00182788,29432.4700
1625637530887000,1,0.03424197,29407.9400
1625637542901000,1,0.03422521,29417.3300
1625637594976000,1,0.01358000,29413.4300
1625637600299000,0,0.03261469,29438.5200
1625637609572000,0,0.00136585,29456.7000
1625637609572000,0,0.01581415,29464.7100
1625637612615000,0,0.00664000,29467.5000
1625637627064000,0,0.01367000,29469.6600
1625637635366000,0,0.01003000,29472.6200
1625637659275000,0,0.00329000,29470.6200
1625637668322000,0,0.00092231,29492.0000
1625637668322000,0,0.00006769,29492.2100
1625637708030000,1,0.00102051,29457.3200
1625637716374000,0,0.00218316,29475.5700
1625637716467000,1,0.01200000,29483.0800
1625637718096000,1,0.00094416,29483.0800
1625637718096000,1,0.00705584,29460.2600
1625637734311000,0,0.00813000,29487.3300
1625637756803000,1,0.02404061,29488.0400
1625637758755000,0,0.00802000,29499.0000
1625637766152000,1,0.06365909,29471.9500
1625637776429000,0,0.00129836,29498.7600
1625637819782000,1,0.00201544,29484.6000
1625637828890000,0,0.01603000,29499.0000
1625637836274000,1,0.12923273,29474.6000
1625637840276000,1,0.14357441,29467.7000
1625637842454000,0,0.00284000,29481.9400
1625637844982000,0,0.00617784,29494.1900
1625637860153000,0,0.03253000,29478.3800
1625637862164000,0,0.00531000,29483.0600
1625637937596000,0,0.00995000,29489.3100
1625637939526000,0,0.02472285,29489.3300
1625637972762000,0,0.00831201,29489.1600
1625637975121000,1,0.18722443,29474.1200
1625637977779000,0,0.06698000,29487.8600
1625637996608000,1,0.49100000,29469.8800
1625637999103000,1,0.00963597,29464.6000
1625638025632000,1,0.02066040,29448.2000
1625638067726000,1,0.02689954,29449.5400
1625638076332000,0,0.01011465,29470.0300
1625638090260000,1,0.15536256,29449.5000
1625638092690000,1,0.00573900,29449.7600
1625638098727000,0,0.02912000,29463.4100
1625638101307000,1,0.01295010,29444.1100
1625638134321000,1,0.16491674,29438.7200
1625638141343000,1,0.04198900,29418.5200
1625638142642000,1,0.00100300,29418.1200
1625638174612000,0,0.00117190,29446.9200
1625638185532000,1,0.07000881,29403.2900
1625638191174000,1,0.01709601,29403.2700
1625638193237000,0,0.00254226,29440.7200
1625638223927000,1,0.05608975,29436.8700
1625638226083000,0,0.02912000,29446.9600
1625638242866000,0,0.11615976,29446.9600
1625638245278000,0,0.01719816,29446.9600
1625638256519000,1,0.00102739,29433.5600
1625638262751000,0,0.00167835,29458.5100
1625638303526000,0,0.00500000,29433.1700
1625638303526000,0,0.00345020,29445.7900
1625638321831000,0,0.00100800,29427.0100
1625638330295000,0,0.00434000,29440.3600
1625638342151000,0,0.01605547,29437.3100
1625638371423000,0,0.03318000,29410.6400
1625638379810000,1,0.07727208,29397.4000
1625638379812000,1,0.11916564,29397.4000
1625638379823000,1,0.06231296,29397.4000
1625638379825000,1,0.19524932,29397.4000
1625638385232000,1,0.00287700,29386.5900
1625638436721000,0,0.00330376,29399.7100
1625638440270000,0,0.00811455,29396.4400
1625638455681000,1,0.00343617,29380.4600
1625638458865000,0,0.00100000,29398.3900
1625638473702000,1,0.00715173,29379.5600
1625638486439000,1,0.15291935,29378.6000
1625638518085000,0,0.00266000,29405.6600
1625638536894000,1,0.15498000,29410.9900
1625638539200000,1,0.20983000,29407.7600
1625638539695000,1,0.21000000,29399.8700
1625638540621000,0,0.01910000,29416.3100
1625638548696000,0,0.00333919,29423.6900
1625638551841000,1,0.05888054,29401.4000
1625638560431000,1,0.00430112,29389.9200
1625638573260000,1,0.00298100,29392.7700
1625638578513000,0,0.00652000,29409.0100
1625638584550000,0,0.00200000,29409.0100
1625638585878000,0,0.00391000,29409.0100
1625638596102000,0,0.01631000,29415.5300
1625638616808000,0,0.15004625,29385.6800
1625638616808000,0,0.03743994,29397.0900
1625638616808000,0,0.01100000,29397.1000
1625638616808000,0,0.00166563,29397.1200
1625638646554000,0,0.03266043,29376.6400
1625638667203000,1,0.63600000,29345.7300
1625638667408000,1,0.00069656,29336.9600
1625638695753000,1,0.02141510,29315.3100
1625638695970000,1,0.00117900,29315.3200
1625638702699000,0,0.06815774,29341.8300
1625638707660000,1,0.16797146,29318.8300
1625638707660000,1,0.50358490,29315.3100
1625638707660000,1,0.06200000,29302.6800
1625638707660000,1,0.32644364,29302.6700
1625638715905000,0,0.02621000,29333.5200
1625638721159000,1,0.04480412,29304.8500
1625638736633000,0,0.00098392,29333.5100
1625638736633000,0,0.01238858,29333.5100
1625638747269000,1,0.00294700,29306.6100
1625638750720000,1,0.20748235,29304.2500
1625638750720000,1,0.22373620,29290.3200
1625638750720000,1,0.05000000,29290.1000
1625638750720000,1,0.08493841,29290.0900
1625638755453000,0,0.07508282,29331.0800
1625638804566000,0,0.45755741,29369.9900
1625638804633000,0,0.06097380,29369.9900
1625638804969000,0,0.10464423,29369.9900
1625638805015000,0,0.23565551,29369.9900
1625638805025000,0,0.26416905,29369.9900
1625638813533000,0,0.01958000,29396.8000
1625638816208000,0,0.00333000,29396.6200
1625638818698000,0,0.00160766,29396.7200
1625638856280000,0,0.00100149,29391.5200
1625638857297000,0,0.00667722,29391.5200
1625638866972000,0,0.01077000,29380.1000
1625638868746000,1,0.08160000,29369.5200
1625638868746000,1,0.17041715,29369.5100
1625638868746000,1,0.04000000,29358.3800
1625638868746000,1,0.46900000,29358.3700
1625638868746000,1,0.10230610,29356.2800
1625638890574000,0,0.00374764,29385.2000
1625638890574000,0,0.00947591,29391.5000
1625638920275000,0,0.02216823,29382.7400
1625638924230000,1,0.01000000,29355.6800
1625638927504000,1,0.01141353,29366.4000
1625638929369000,1,0.00160363,29371.1600
1625638957423000,1,0.00100774,29398.4500
1625638957546000,1,0.78382599,29398.4500
1625638957557000,1,0.21516627,29398.4500
1625638973894000,0,0.00394957,29422.6400
1625638976661000,1,0.00999060,29393.7800
1625638977628000,0,0.01101797,29421.1400
1625638984566000,1,0.02000000,29379.6400
1625638989430000,1,0.00071800,29382.6500
1625639009342000,0,0.02480347,29395.0300
1625639020112000,0,0.00100789,29399.8200
1625639028053000,1,0.00183757,29366.5500
1625639042449000,0,0.01938200,29395.7900
1625639056740000,0,0.03000000,29402.9400
1625639056740000,0,0.19237236,29402.9700
1625639094912000,0,0.01636300,29399.2300
1625639095840000,0,0.00308415,29405.9900
1625639100117000,0,0.00099000,29400.4100
1625639128566000,0,0.00140800,29415.7300
1625639134841000,1,0.01000000,29403.3600
1625639138786000,1,0.01000000,29391.8900
1625639142784000,1,0.01500000,29395.6700
1625639151298000,0,0.00483600,29415.6100
1625639156314000,0,0.00102764,29415.7100
1625639156648000,0,0.00145000,29415.7100
1625639157309000,0,0.00417158,29415.7100
1625639164471000,1,0.02500000,29398.1400
1625639174282000,1,0.00071900,29395.0600
1625639178630000,1,0.00283013,29396.0100
1625639184535000,0,0.01290644,29412.3800
1625639190089000,0,0.01975200,29412.3700
1625639217047000,0,0.00782700,29418.1500
1625639228719000,1,0.01364757,29396.6400
1625639239579000,1,0.00250000,29392.1600
1625639242590000,0,0.01517500,29409.3100
1625639248253000,1,0.01380769,29392.1600
1625639274276000,1,0.00987088,29401.4200
1625639296273000,1,0.00102763,29392.5500
1625639309266000,0,0.00127100,29408.8200
1625639312877000,1,0.00104823,29386.0500
1625639335962000,0,0.00118169,29382.0600
1625639337186000,0,0.01000000,29384.4200
1625639341066000,0,0.00979000,29383.0200
1625639361217000,1,0.10805263,29353.4000
1625639362088000,0,0.02890000,29371.1600
1625639371977000,0,0.03000000,29364.9300
1625639371977000,0,0.04998837,29369.0500
1625639374790000,0,0.00264600,29362.7200
1625639392429000,0,0.03000000,29355.1500
1625639392933000,0,0.01200000,29355.4700
1625639397011000,1,0.00533100,29348.7300
1625639397581000,0,0.00163552,29373.1400
1625639401883000,1,0.11474693,29364.3200
1625639403313000,0,0.03000000,29379.4200
1625639403313000,0,0.03000000,29379.4500
1625639406486000,0,0.03000000,29389.2600
1625639413030000,1,0.00143300,29372.2900
1625639413698000,0,0.16334812,29385.7500
1625639413711000,0,0.09882341,29385.7500
1625639413715000,0,0.10952928,29385.7500
1625639413808000,0,0.05484000,29385.7500
1625639420795000,0,0.00000542,29385.7500
1625639420795000,0,0.00113458,29392.8500
1625639422740000,0,0.00338467,29397.1800
1625639425128000,0,0.03000000,29400.7500
1625639425591000,0,0.03000000,29400.7500
1625639425591000,0,0.03000000,29404.4200
1625639448086000,0,0.01646000,29418.7300
1625639456525000,0,0.05169641,29412.0500
1625639462124000,0,0.03281900,29406.7600
1625639472160000,1,0.16055421,29391.0200
1625639472164000,1,0.50800000,29385.0400
1625639472183000,1,0.29936986,29377.2900
1625639472187000,1,0.20263014,29377.2900
1625639472187000,1,0.09673972,29375.9500
1625639472193000,1,0.20432723,29375.9500
1625639472210000,1,0.04400000,29375.9600
1625639472210000,1,0.01300000,29375.9500
1625639472283000,1,0.69193305,29375.9500
1625639480720000,0,0.00347959,29390.5200
1625639485436000,0,0.00133480,29390.1800
1625639498747000,0,0.00151900,29369.2300
1625639513324000,1,0.19818000,29351.5000
1625639522570000,0,0.00660000,29364.4900
1625639526721000,0,0.00479124,29364.4800
1625639554729000,0,0.01841000,29366.2900
1625639560114000,0,0.00130692,29366.0400
1625639572225000,1,0.02000000,29344.4200
1625639572289000,1,0.01000000,29344.4200
1625639572337000,1,0.10000000,29344.4200
1625639576369000,0,0.01447550,29357.2000
1625639576369000,0,0.00471608,29357.3600
1625639579151000,1,0.00736194,29344.4200
1625639599277000,0,0.02999999,29357.1600
1625639611840000,0,0.03203463,29366.9600
1625639611840000,0,0.03000000,29366.9700
1625639636549000,0,0.00230545,29371.7100
1625639644593000,0,0.01401380,29371.0300
1625639675514000,0,0.03474969,29393.1200
1625639675514000,0,0.03000000,29393.2300
1625639675514000,0,0.01263304,29396.8200
1625639677767000,0,0.01650572,29393.1000
1625639677767000,0,0.08505110,29393.1000
1625639678848000,1,0.00306473,29371.8600
1625639686485000,0,0.00340000,29392.8900
1625639695605000,0,0.00416500,29393.3900
1625639702441000,0,0.00397300,29387.8300
1625639707136000,0,0.00805622,29390.6200
1625639713259000,0,0.01958893,29390.6200
1625639716283000,0,0.00338553,29392.6700
1625639724068000,1,0.02956107,29375.2500
1625639724154000,0,0.00325553,29396.0800
1625639724322000,0,0.00389157,29396.0800
1625639724444000,0,0.00338343,29396.0800
1625639738550000,0,0.00315900,29396.3200
1625639760277000,0,0.00456831,29403.5800
1625639761609000,0,0.00489000,29402.8700
1625639768290000,1,0.39777000,29380.5500
1625639768310000,1,0.00000574,29380.5500
1625639768840000,1,0.01289800,29348.4400
1625639768930000,1,0.00788300,29348.4400
1625639771647000,1,0.00293600,29360.5800
1625639778111000,1,0.00900000,29353.8600
1625639778111000,1,0.00900000,29350.2000
1625639778111000,1,0.01074400,29350.1900
1625639779263000,0,0.00999984,29382.5300
1625639800299000,0,0.02999999,29392.2100
1625639800316000,0,0.00000001,29392.2100
1625639818571000,0,0.00166938,29407.0400
1625639843455000,0,0.02374080,29411.3900
1625639872937000,1,0.00100000,29393.4500
1625639874775000,0,0.01161644,29419.5100
1625639876291000,0,0.00101484,29412.6400
1625639877286000,0,0.03332968,29412.6400
1625639887995000,1,0.00448600,29392.9800
1625639908757000,0,0.03018000,29397.0000
1625639928773000,0,0.00180182,29410.6200
1625639929091000,1,0.00843900,29380.6400
1625639933801000,0,0.01303318,29410.4700
1625639936334000,1,0.05000000,29380.6500
1625639966233000,0,0.00428000,29415.5200
1625639974216000,1,0.00125192,29385.5900
1625639994619000,1,0.00283899,29382.4000
1625639996136000,0,0.00166803,29400.7000
1625639997108000,0,0.01667774,29411.3900
1625639998113000,0,0.17357268,29406.6000
1625639998113000,0,0.32672631,29411.7300
1625639999095000,0,0.05536453,29411.7300
1625639999095000,0,0.02833220,29417.7300
1625640000114000,0,0.01668394,29417.7300
1625640007007000,1,0.00440800,29389.9800
1625640028636000,0,0.06718759,29412.1600
1625640033435000,1,0.00594224,29399.9500
1625640039219000,1,0.00147925,29385.1700
1625640055293000,0,0.00314522,29411.9600
1625640056747000,0,0.01667923,29435.7700
1625640074127000,0,0.03715800,29420.1500
1625640096233000,0,0.00214266,29413.6200
1625640099817000,0,0.01306500,29413.6200
1625640106330000,0,0.00386929,29413.8600
1625640136397000,0,0.00774435,29403.1900
1625640140094000,0,0.01785207,29403.1900
1625640140195000,0,0.01999371,29403.1900
1625640145595000,1,0.00400507,29389.9500
1625640156881000,1,0.17861787,29385.5100
1625640172705000,0,0.00139641,29405.0400
1625640179131000,0,0.00346600,29396.4900
1625640190483000,0,0.00416000,29394.8600
1625640203677000,0,0.00084623,29388.9400
1625640210861000,0,0.00264400,29399.1800
1625640213548000,0,0.00203338,29392.6900
1625640226470000,0,0.01966606,29403.6400
1625640236070000,1,0.00416741,29384.6500
1625640236407000,0,0.00166908,29400.0600
1625640245835000,0,0.00525000,29414.0200
1625640246024000,0,0.01657256,29414.0200
1625640278610000,0,0.01632700,29405.7100
1625640296444000,0,0.00166783,29400.3500
1625640299249000,1,0.00101645,29376.0900
1625640315425000,0,0.01986800,29429.3400
1625640317889000,1,0.00476282,29393.5400
1625640331209000,0,0.00280700,29419.8900
1625640332506000,0,0.01642749,29419.8900
1625640356413000,1,0.00102764,29409.7500
1625640357416000,0,0.00166825,29432.9300
1625640358419000,0,0.00697377,29432.9000
1625640359416000,0,0.00330268,29432.8200
1625640394204000,0,0.01521424,29430.9800
1625640416392000,0,0.00100063,29424.9400
1625640419064000,0,0.00104000,29435.0800
1625640419960000,1,0.00668600,29408.8400
1625640438422000,1,0.02810300,29408.8800
1625640438527000,1,0.00583209,29408.8800
1625640456715000,0,0.00099946,29389.3200
1625640490873000,1,0.00287800,29380.0000
1625640491869000,0,0.00165000,29412.3900
1625640501404000,0,0.01425000,29404.8800
1625640502775000,0,0.03293000,29404.8800
1625640528797000,1,0.00456113,29400.1700
1625640531729000,1,0.52200000,29400.1600
1625640542621000,0,0.00127100,29409.6900
1625640544595000,0,0.15000000,29400.0000
1625640544825000,1,0.00624694,29395.3900
1625640557487000,0,0.01900000,29404.8100
1625640568507000,0,0.01900000,29416.9400
1625640580306000,0,0.00398860,29417.9100
1625640595017000,0,0.01006000,29404.5300
1625640599174000,0,0.01000000,29402.3300
1625640610949000,1,0.03291352,29399.2900
1625640630163000,0,0.00632445,29413.3200
1625640641050000,1,0.00594926,29401.4900
1625640657630000,0,0.04067860,29425.7900
1625640661438000,1,0.03700000,29411.9400
1625640661438000,1,0.07768951,29408.7400
1625640668362000,1,0.00095078,29409.2400
1625640669683000,0,0.00166571,29428.4100
1625640681235000,0,0.00561979,29426.3400
1625640682629000,0,0.03822000,29426.3400
1625640697669000,1,0.03700000,29409.8100
1625640697890000,1,0.50442152,29404.5800
1625640697900000,1,0.02457848,29404.5800
1625640705569000,0,0.10105094,29404.5600
1625640705569000,0,1.00704906,29404.5900
1625640716877000,0,0.09001267,29400.1200
1625640721983000,0,0.02200051,29397.4900
1625640758378000,0,0.00101366,29373.5200
1625640762523000,0,0.00403000,29377.1200
1625640772907000,0,0.00338996,29351.3000
1625640774797000,1,0.08247914,29336.2900
1625640774802000,1,0.11631328,29336.2900
1625640774802000,1,0.20220758,29336.2900
1625640778338000,0,0.00553308,29356.3300
1625640786314000,0,0.00243000,29336.1800
1625640795284000,1,0.15022906,29328.1700
1625640795284000,1,0.00200000,29315.6300
1625640795284000,1,0.19183947,29315.6200
1625640797577000,0,0.00825000,29338.6000
1625640838073000,1,0.02988900,29328.9600
1625640840294000,1,0.00711100,29328.9600
1625640840294000,1,0.07074936,29327.4300
1625640861340000,1,0.06907747,29309.7000
1625640861341000,1,0.19768321,29309.7000
1625640861429000,1,0.06135171,29309.7000
1625640861431000,1,0.05288761,29309.7000
1625640863650000,0,0.00108000,29319.4500
1625640869107000,0,0.02896000,29326.1200
1625640884751000,0,0.00401393,29329.7900
1625640895781000,0,0.00192076,29352.0000
1625640896520000,1,0.01538085,29316.6100
1625640897042000,1,0.00450749,29330.6700
1625640897535000,0,0.10029691,29352.0100
1625640899422000,1,0.00512544,29317.1600
1625640911000000,0,0.01400388,29352.0100
1625640924541000,0,0.00163000,29352.6900
1625640937431000,0,0.02941000,29348.6800
1625640956171000,0,0.00100379,29352.9600
1625640972643000,1,0.12604561,29347.1200
1625640994284000,0,0.01700000,29375.5300
1625640998327000,0,0.00110255,29376.2700
1625641015086000,0,0.08348358,29362.4800
1625641016363000,0,0.00100706,29368.7700
1625641027961000,0,0.00933000,29363.9900
1625641032107000,1,0.04899100,29336.0900
1625641042089000,0,0.00835003,29362.1400
1625641054190000,1,0.13580000,29357.7400
1625641056844000,0,0.00605100,29378.5900
1625641064828000,1,0.04640824,29350.4900
1625641076316000,1,0.06480844,29348.1900
1625641077313000,0,0.01148990,29364.2800
1625641079299000,0,0.00113624,29367.4500
1625641094490000,0,0.00718985,29365.3100
1625641105331000,1,0.02269319,29354.9400
1625641127982000,1,0.16307463,29346.0600
1625641135882000,0,0.00293000,29358.6200
1625641147355000,1,0.02916694,29354.8400
1625641199693000,0,0.00253460,29367.2200
1625641201416000,0,0.25046540,29367.2200
1625641205773000,0,0.00121216,29381.3600
1625641212583000,1,0.00088000,29366.8400
1625641215873000,0,0.01007000,29393.5300
1625641217155000,0,0.00588858,29393.5400
1625641227033000,1,0.00566021,29368.5900
1625641249610000,0,0.00923000,29386.0200
1625641258567000,0,0.00560175,29381.8600
1625641266164000,0,0.00324583,29374.7600
1625641280968000,1,0.00224300,29371.0300
1625641289134000,1,0.03444375,29371.0400
1625641316564000,0,0.15264590,29399.5100
1625641316564000,0,0.02097607,29406.4800
1625641319411000,0,0.00084576,29405.1600
1625641333282000,0,0.00489000,29409.0700
1625641338366000,0,0.00678567,29403.1200
1625641347878000,0,0.00433879,29409.1700
1625641353058000,1,0.01850000,29389.9300
1625641363123000,0,0.20459752,29402.8000
1625641363123000,0,0.04647142,29414.8500
1625641363123000,0,0.13300000,29415.4700
1625641363123000,0,0.05000000,29415.4700
1625641363123000,0,0.09418208,29415.4800
1625641369582000,1,0.03463212,29403.9800
1625641373740000,0,0.02376520,29416.5300
1625641376308000,0,0.00100111,29416.5300
1625641376819000,1,0.02000000,29400.2300
1625641378333000,1,0.00909957,29402.3100
1625641389021000,1,0.00068596,29404.4900
1625641421948000,1,0.37381891,29401.0300
1625641421948000,1,0.10851424,29401.0200
1625641428896000,0,0.02998586,29416.3000
