timestamp ms,type,amount,price
1623369622335000,0,0.03315386,30174.3300
1623369624156000,1,0.12719655,30169.8500
1623369635845000,1,0.03073186,30189.1200
1623369637438000,1,0.03135904,30181.0000
1623369645112000,1,0.36359653,30158.6400
1623369649141000,1,0.07036958,30172.1200
1623369650598000,1,0.14555031,30170.2500
1623369652328000,1,0.00068514,30170.2500
1623369654594000,1,0.03410706,30170.2500
1623369662930000,1,0.00644155,30138.9700
1623369665654000,1,0.06238328,30132.3600
1623369671161000,1,0.00900000,30106.5300
1623369671161000,1,0.08932236,30106.5200
1623369672849000,1,0.00500000,30090.3400
1623369673111000,1,0.10590060,30114.3100
1623369676896000,1,0.12525107,30067.9000
1623369676896000,1,0.11800186,30066.8600
1623369676917000,1,0.19503975,30066.8600
1623369678985000,0,0.06052583,30066.1200
1623369679916000,1,0.00066634,30053.7600
1623369680213000,1,0.00001360,30053.7600
1623369683195000,1,0.03135904,30016.9200
1623369683195000,1,0.00068087,30012.8000
1623369683195000,1,0.29805331,30008.1500
1623369683389000,1,0.99819411,30008.1500
1623369683519000,1,0.99813644,30008.1500
1623369683523000,1,0.56281579,30008.1500
1623369683743000,1,0.06619039,30008.1500
1623369683745000,1,0.09000000,30008.1500
1623369683746000,0,0.01559657,30037.5200
1623369685295000,1,0.03135904,30022.0400
1623369687553000,1,0.02039376,30008.1500
1623369691499000,0,0.03333000,30026.3100
1623369691499000,0,0.03332134,30026.3100
1623369694237000,1,0.00041620,30008.1500
1623369697333000,0,0.14592226,30023.2200
1623369708892000,1,0.00066771,29992.3200
1623369709462000,1,0.00001363,29992.3200
1623369709462000,1,0.01313070,29986.6600
1623369709780000,1,0.00603777,29985.8900
1623369709804000,0,0.00323000,29999.7600
1623369709862000,1,0.00000001,29985.8900
1623369710648000,1,0.07586754,29972.1900
1623369710715000,1,0.10701817,29972.1900
1623369710901000,1,0.21086698,29972.1900
1623369710916000,1,0.12411506,29972.1900
1623369710926000,1,0.23892148,29972.1900
1623369711006000,1,0.27122554,29972.1900
1623369711084000,1,0.34286089,29972.1900
1623369711097000,1,0.34285736,29972.1900
1623369711097000,1,0.20566103,29972.1900
1623369711147000,1,0.49335734,29972.1900
1623369711159000,1,0.13652656,29972.1900
1623369711169000,1,0.16455343,29972.1900
1623369711173000,1,0.27122554,29972.1900
1623369711182000,1,0.04914308,29972.1900
1623369711363000,1,0.00068180,29971.8400
1623369711503000,1,0.00999999,29969.8000
1623369711518000,1,0.00000001,29969.8000
1623369713884000,1,0.09979898,29945.5900
1623369714370000,1,1.00000000,29936.2600
1623369715549000,1,1.89951156,29936.2600
1623369715797000,1,0.12346323,29945.6100
1623369715797000,1,0.13468844,29936.2600
1623369716229000,1,0.03135904,29934.5300
1623369716766000,0,0.09463916,29931.2400
1623369717219000,1,0.10022825,29934.2000
1623369717654000,0,0.08844800,29938.3300
1623369717804000,1,0.03903389,29948.2900
1623369721398000,1,0.00066908,29930.8800
1623369721514000,0,0.10190000,29946.4300
1623369721514000,0,0.01259053,29946.4400
1623369721735000,1,0.00066908,29940.8000
1623369721978000,1,0.00001365,29930.8800
1623369723793000,1,0.11209901,29926.3900
1623369724542000,1,0.12450888,29931.9400
1623369724542000,1,0.01945994,29920.5900
1623369726714000,1,0.63000000,29922.0900
1623369726714000,1,0.12744702,29920.5900
1623369727572000,1,0.15487053,29941.1900
1623369729777000,0,0.10821735,29964.7600
1623369729921000,0,0.03338363,29972.1800
1623369730186000,1,0.03901401,29969.9400
1623369738986000,1,0.00099600,30016.0300
1623369741037000,1,0.00144000,29988.4400
1623369743712000,1,0.00286800,29974.3900
1623369745318000,1,0.00057400,29969.9500
1623369753286000,1,0.00087334,29942.8100
1623369753396000,1,0.00120440,29942.8100
1623369756473000,1,0.12220709,29933.8400
1623369756943000,1,0.03334912,29920.4300
1623369757929000,1,0.09770000,29936.1400
1623369757962000,1,0.00006187,29936.1400
1623369759552000,1,0.13421541,29905.4700
1623369759552000,1,3.03420000,29900.3800
1623369762016000,0,0.00198425,29903.3100
1623369762184000,1,0.09636078,29897.6100
1623369765494000,1,0.00068367,29889.9200
1623369765793000,1,0.00605769,29887.2900
1623369765793000,1,0.05666039,29886.7600
1623369765888000,1,0.06986679,29886.7600
1623369765888000,1,3.03358238,29864.5400
1623369766546000,1,0.00061762,29864.5400
1623369778519000,1,0.00181000,29901.9700
1623369778698000,1,0.00188000,29901.9700
1623369778869000,1,0.00104700,29901.9700
1623369782454000,0,0.03342916,29931.8400
1623369782456000,0,0.08357291,29933.2300
1623369782457000,0,0.18430838,29935.0400
1623369782576000,0,0.09718494,29935.0500
1623369782648000,0,0.03342291,29935.0400
1623369782648000,0,0.05657709,29935.0400
1623369782708000,0,0.02698018,29935.0400
1623369782708000,0,0.02656392,29944.2800
1623369783313000,0,0.03135904,29945.9800
1623369789003000,0,0.08355280,29944.5600
1623369789141000,0,0.00094000,29945.9800
1623369789515000,0,0.08001865,29945.9800
1623369790765000,0,0.03340817,29959.9600
1623369796343000,0,0.15000000,29990.8700
1623369796343000,0,0.08340951,29990.8800
1623369796343000,0,0.03336381,29990.8800
1623369796343000,0,1.91700000,29991.6000
1623369796343000,0,0.09163800,29996.8000
1623369796343000,0,0.21685805,29997.2500
1623369796343000,0,0.95800000,29997.2700
1623369803785000,0,0.02120961,29994.8100
1623369808477000,0,0.00211000,29999.8600
1623369829481000,0,0.00350288,29967.7800
1623369840263000,1,0.01812880,29944.7600
1623369842814000,1,0.02120961,29955.7200
1623369842814000,1,0.14369108,29947.5700
1623369842814000,1,0.14162956,29945.0700
1623369849133000,0,0.00332424,29954.2000
1623369855255000,0,0.17675906,29976.0800
1623369892411000,0,0.02537759,29985.5000
1623369902133000,1,0.12500000,29965.0000
1623369903157000,1,0.00220314,29957.2100
1623369911277000,1,0.06948754,29935.0000
1623369911811000,1,0.05500000,29935.0000
1623369915902000,1,0.00051246,29935.0000
1623369916380000,1,0.03700000,29907.9100
1623369916380000,1,0.20587608,29907.9000
1623369916380000,1,0.80732469,29907.3100
1623369946039000,0,0.14258587,29991.9000
1623369946385000,0,0.03334178,30007.9000
1623369946385000,0,0.03336581,30007.9000
1623369946385000,0,0.41088312,30012.3800
1623369955851000,1,0.00093750,30056.2000
1623369956479000,1,0.00095625,30055.1600
1623369957264000,1,0.00088200,30048.9400
1623369975692000,0,0.10144651,30074.4600
1623369975692000,0,0.15034813,30078.0900
1623369975692000,0,0.27315249,30081.4000
1623369975692000,0,0.13098872,30082.3800
1623369975692000,0,0.40989473,30084.7600
1623369976387000,0,0.40984007,30088.4900
1623369978218000,0,0.03323893,30103.1100
1623369978218000,0,0.03325397,30103.1100
1623369978218000,0,0.40958637,30103.1200
1623369991900000,0,0.00796000,30149.6900
1623370005087000,1,0.62954078,30101.6800
1623370005109000,1,0.00045922,30101.6800
1623370011804000,1,0.00116000,30073.2800
1623370011914000,1,0.00000300,30073.2800
1623370014723000,1,0.11928000,30069.3300
1623370032658000,0,0.00648512,30124.6000
1623370044316000,0,0.00128874,30149.3800
1623370062491000,1,0.00380000,30153.5900
1623370063521000,0,0.00068302,30167.9000
1623370064475000,0,0.03315000,30180.0700
1623370064654000,0,0.03314661,30189.5700
1623370064654000,0,0.00133973,30189.5700
1623370065092000,0,0.03182117,30189.5700
1623370065215000,0,0.08290224,30193.1100
1623370066366000,0,0.00378298,30194.3200
1623370067495000,1,0.27200154,30193.6600
1623370068536000,1,0.00093750,30190.0000
1623370075030000,1,0.00649128,30177.1900
1623370077516000,1,0.23240003,30177.9100
1623370080280000,0,0.00277728,30205.8300
1623370082176000,0,0.00068208,30209.2400
1623370082176000,0,0.11418744,30214.3900
1623370082501000,0,0.10784548,30213.6700
1623370082501000,0,1.89215452,30224.8600
1623370082621000,0,0.21819000,30224.8600
1623370082717000,0,0.15000000,30224.8600
1623370082852000,0,0.73965548,30224.8600
1623370082898000,0,0.10468097,30225.2100
1623370084156000,0,0.00092812,30233.0300
1623370084156000,0,0.00061188,30241.5900
1623370089257000,0,0.17564000,30248.8300
1623370090892000,0,0.00000966,30248.8300
1623370091173000,0,0.00068115,30250.5800
1623370091173000,0,0.99896194,30261.1300
1623370091184000,0,0.99964309,30261.1300
1623370091259000,0,0.99985295,30261.1300
1623370091314000,0,0.00154202,30261.1300
1623370092952000,1,0.00093750,30251.6800
1623370092952000,1,0.00090937,30250.5700
1623370092952000,1,0.00092784,30250.3000
1623370092952000,1,0.00094687,30247.2700
1623370092952000,1,0.13174408,30241.1100
1623370094854000,1,0.00161120,30244.0500
1623370098860000,1,0.11146000,30258.4700
1623370098877000,1,0.09210349,30258.4700
1623370110152000,1,0.20352000,30263.8500
1623370114632000,1,0.15000000,30258.4000
1623370121266000,1,0.07000000,30256.8900
1623370121784000,0,0.00068068,30271.2500
1623370121784000,0,0.00090000,30276.7300
1623370121784000,0,0.49841932,30280.8900
1623370124603000,0,0.03304343,30280.8800
1623370124603000,0,0.07698725,30280.8800
1623370124622000,0,0.00562734,30280.8800
1623370124622000,0,0.20354842,30281.0300
1623370124703000,0,0.10095177,30283.5600
1623370124703000,0,0.03058447,30283.5600
1623370124718000,0,0.17914010,30283.5600
1623370124854000,0,0.08260367,30283.5500
1623370124854000,0,0.03304147,30283.5500
1623370125122000,0,0.00605769,30286.3000
1623370125122000,0,0.21476588,30289.8800
1623370125690000,0,0.00068022,30291.9200
1623370125797000,0,2.52000000,30297.4400
1623370126635000,0,0.05500000,30297.4400
1623370126660000,0,0.31189215,30297.4400
1623370126695000,0,0.11310785,30297.4400
1623370126999000,0,0.03145523,30317.2200
1623370126999000,0,0.00092812,30319.7600
1623370126999000,0,0.03761665,30323.4300
1623370130246000,1,0.07700000,30307.2700
1623370132844000,0,0.11251000,30326.0600
1623370134396000,0,0.00067929,30333.2600
1623370134396000,0,0.09911811,30333.8000
1623370134485000,0,1.66801000,30333.8000
1623370134798000,0,0.15000000,30333.8000
1623370134879000,0,0.10000000,30333.8000
1623370134991000,0,0.10000000,30333.8000
1623370135001000,0,0.53053746,30333.8000
1623370135091000,0,0.05000000,30333.8000
1623370135118000,0,0.30233443,30333.8000
1623370135271000,0,0.00383000,30352.0200
1623370152152000,1,0.00135400,30334.3900
1623370152790000,1,0.00161600,30332.0600
1623370154386000,1,0.07570000,30317.6100
1623370159561000,0,0.00090937,30293.0300
1623370159561000,0,0.03409063,30294.4700
1623370170463000,0,0.00355950,30293.2800
1623370185423000,0,0.10000000,30329.1800
1623370192899000,1,1.81162876,30328.3600
1623370192911000,1,0.21260629,30328.3600
1623370193036000,1,0.55776000,30328.3600
1623370193041000,1,0.00000495,30328.3600
1623370194092000,1,0.27078000,30320.2500
1623370197386000,1,0.02947164,30304.5400
1623370200247000,1,0.03447670,30304.5400
1623370200360000,1,0.27468000,30304.5400
1623370208597000,0,0.01147170,30336.7800
1623370209386000,1,0.20000000,30314.4400
1623370211688000,0,0.12973948,30332.1300
1623370211691000,0,0.07344454,30332.1300
1623370211691000,0,0.03298414,30336.3700
1623370211771000,0,0.44130421,30334.1000
1623370211819000,0,0.12771219,30334.1000
1623370211825000,0,0.09371064,30334.1000
1623370211825000,0,0.14508106,30334.1000
1623370211827000,0,0.08246035,30337.0200
1623370211827000,0,0.08305466,30341.6000
1623370211829000,0,0.13133580,30341.6000
1623370211829000,0,0.02549574,30341.6600
1623370211830000,0,0.19616593,30341.6600
1623370211932000,0,0.33864865,30335.7700
1623370211932000,0,0.04752926,30340.6800
1623370211936000,0,0.14916873,30340.6800
1623370211936000,0,0.20968039,30340.6800
1623370212067000,0,0.08246035,30343.7700
1623370212067000,0,0.03298414,30343.7700
1623370212067000,0,0.21439046,30343.7700
1623370212126000,0,0.01575922,30356.8200
1623370212126000,0,0.02649553,30368.5200
1623370214087000,0,0.00088125,30363.6400
1623370216965000,0,1.58034000,30370.2000
1623370222524000,0,0.13298000,30370.2000
1623370222525000,0,0.99943009,30370.2000
1623370222616000,0,0.10000000,30370.2000
1623370222679000,0,0.00093750,30370.2000
1623370222702000,0,0.15000000,30370.2000
1623370222784000,0,0.03631241,30370.2000
1623370223551000,0,0.00067837,30374.6000
1623370223755000,1,0.02308434,30374.8800
1623370224232000,1,0.02308434,30374.9000
1623370224260000,0,0.00603000,30386.2100
1623370224733000,0,0.00000778,30386.2100
1623370225562000,0,0.11960985,30392.0100
1623370225582000,0,0.00000001,30392.0100
1623370225760000,0,0.16021936,30398.0000
1623370225869000,0,0.02663771,30398.0000
1623370227867000,0,0.00067745,30415.9400
1623370228396000,0,0.01900000,30434.1500
1623370229565000,0,0.02946125,30449.8700
1623370229701000,1,0.18971580,30443.8000
1623370229710000,1,0.11684884,30443.8000
1623370229874000,0,0.00006250,30450.0000
1623370230043000,0,0.00067653,30457.2800
1623370230043000,0,0.00180000,30466.0000
1623370230043000,0,0.00058347,30479.6600
1623370230818000,1,0.03134342,30462.9700
1623370230851000,1,0.10572016,30453.9200
1623370230877000,0,0.10704566,30465.4000
1623370230967000,1,0.09640549,30453.9200
1623370231749000,0,0.00093750,30473.1100
1623370231749000,0,0.00090937,30475.3900
1623370231749000,0,6.61825313,30479.6700
1623370233611000,1,0.00093000,30459.3600
1623370233924000,0,0.11311752,30465.8400
1623370234281000,1,0.10133000,30459.3600
1623370234559000,1,0.01200000,30458.8900
1623370235701000,1,0.01200000,30443.8300
1623370235986000,1,0.44600000,30443.7200
1623370237041000,0,0.00095625,30447.7000
1623370237064000,0,0.00096562,30454.4000
1623370237064000,0,0.00092812,30460.9400
1623370237460000,1,0.03700000,30446.3800
1623370241854000,1,0.02408000,30423.8800
1623370245954000,0,0.08701739,30449.6000
1623370252485000,0,0.03283598,30479.6600
1623370252485000,0,0.08206731,30479.6600
1623370252485000,0,0.32152536,30479.6700
1623370252740000,0,2.06022151,30479.6700
1623370256595000,0,0.00589756,30486.4500
1623370256790000,1,0.01800000,30471.1700
1623370258534000,1,0.11892000,30477.5500
1623370259954000,1,0.01261000,30463.9300
1623370264469000,1,0.00000830,30463.9300
1623370264469000,1,0.09339170,30462.0900
1623370264496000,1,0.10877219,30462.0900
1623370264496000,1,0.26955185,30460.3000
1623370264772000,1,0.00116238,30444.1600
1623370272314000,1,0.09963000,30440.0800
1623370273523000,1,0.00000949,30440.0800
1623370276243000,1,0.08921668,30423.4600
1623370276243000,1,0.16990709,30409.8800
1623370285024000,0,0.00394000,30465.1700
1623370287924000,1,0.02304918,30457.1200
1623370289547000,0,0.00191000,30472.4300
1623370290925000,1,0.00121312,30461.9800
1623370296284000,0,0.10116000,30483.6500
1623370296369000,0,0.07179000,30483.6500
1623370298929000,0,0.00012036,30486.4500
1623370298929000,0,0.10789210,30494.6400
1623370299313000,0,0.00067561,30498.6200
1623370299313000,0,0.00066000,30499.0000
1623370299313000,0,0.28271243,30500.0000
1623370299477000,0,0.00093750,30500.0000
1623370299714000,0,0.29122000,30500.0000
1623370299906000,0,0.42513007,30500.0000
1623370299906000,0,0.02000000,30500.0000
1623370299906000,0,0.29122546,30500.0000
1623370300577000,0,0.00098661,30508.5700
1623370300577000,0,0.16810730,30516.2400
1623370300582000,0,0.30014264,30516.2400
1623370300891000,0,1.25059000,30516.2400
1623370301067000,0,0.30013923,30516.2400
1623370301083000,0,0.02800411,30516.2400
1623370301129000,0,0.05000000,30516.2400
1623370301129000,0,0.01900000,30516.2400
1623370301142000,0,0.14343241,30516.2400
1623370301213000,0,0.65000000,30516.2400
1623370301698000,0,0.09058431,30516.2400
1623370301698000,0,0.09271496,30516.6100
1623370302483000,1,0.20000000,30523.4600
1623370302560000,1,0.15000000,30523.4600
1623370302810000,1,0.18055389,30512.5100
1623370302948000,1,0.17133565,30514.0000
1623370303322000,1,0.09765000,30514.0000
1623370303561000,1,0.00000274,30514.0000
1623370303781000,1,0.00660000,30511.7600
1623370304371000,1,0.00000649,30511.7600
1623370304556000,1,0.16919333,30503.4400
1623370306244000,0,0.00501856,30523.9400
1623370307093000,0,0.00066000,30524.0000
1623370307093000,0,0.00280079,30525.0800
1623370308862000,0,0.00093750,30528.6900
1623370308979000,0,0.00041074,30528.6900
1623370309943000,0,0.00066120,30539.9600
1623370310345000,0,0.00001349,30539.9600
1623370310468000,0,0.00345662,30545.1300
1623370310748000,0,0.00198883,30545.1300
1623370311260000,0,0.00066000,30549.0000
1623370311260000,0,0.99352396,30552.8600
1623370314051000,1,0.10000000,30531.2600
1623370314125000,1,0.10166000,30531.2600
1623370314257000,1,0.00000034,30531.2600
1623370314257000,1,0.58907966,30527.2600
1623370314340000,1,0.45000000,30527.2600
1623370315075000,1,0.20000000,30527.2600
1623370315575000,1,0.25000000,30524.2300
1623370316180000,1,0.02428000,30523.9900
1623370316986000,0,0.00096562,30542.5300
1623370316986000,0,0.00548302,30548.9100
1623370320223000,1,0.00304085,30530.5600
1623370320450000,0,0.85000000,30552.8600
1623370320480000,0,0.05167968,30552.8600
1623370320481000,0,0.30033816,30552.8600
1623370320481000,0,0.15744699,30552.8600
1623370320481000,0,0.05167968,30552.8600
1623370320483000,0,0.05167968,30552.8600
1623370320571000,0,0.40836026,30552.8600
1623370320581000,0,0.13529159,30552.8600
1623370320581000,0,0.10636920,30557.8000
1623370320581000,0,0.01000000,30559.9000
1623370320581000,0,0.03000000,30563.4100
1623370320581000,0,0.26890286,30567.1900
1623370320581000,0,0.40342517,30572.1500
1623370320581000,0,0.03272508,30573.7200
1623370320581000,0,0.08181271,30573.7200
1623370320581000,0,0.00066000,30574.0000
1623370320581000,0,0.00090937,30574.1100
1623370320581000,0,0.01000000,30575.3000
1623370320581000,0,0.40000000,30577.4000
1623370320581000,0,0.53790533,30577.4100
1623370320581000,0,0.08187862,30580.4000
1623370320581000,0,0.00067378,30581.3100
1623370320581000,0,0.53790980,30584.0700
1623370320581000,0,0.00599813,30587.0300
1623370320581000,0,3.00000000,30589.5200
1623370320581000,0,0.14200000,30591.8500
1623370321243000,0,0.03000000,30573.2000
1623370321243000,0,0.63000000,30578.8800
1623370321986000,1,0.70000000,30582.0100
1623370322239000,0,0.40000000,30577.4000
1623370323498000,0,0.00066000,30599.0000
1623370323695000,0,0.00067333,30601.9800
1623370323695000,0,0.16752107,30604.2000
1623370323695000,0,0.03700000,30605.5500
1623370323695000,0,0.03313479,30605.5500
1623370324505000,1,0.00096562,30594.9900
1623370324505000,1,0.31680305,30591.7700
1623370325135000,1,0.33554000,30588.3100
1623370325162000,1,0.00000355,30588.3100
1623370325162000,1,0.01245537,30581.1400
1623370325315000,1,0.39019000,30581.1400
1623370325639000,1,0.00000112,30581.1400
1623370325639000,1,0.09999888,30576.9100
1623370325697000,1,0.23562491,30576.9100
1623370326020000,1,0.16498961,30565.1400
1623370326076000,1,0.01059997,30565.1400
1623370326194000,1,0.33571028,30570.6600
1623370326194000,1,0.20147380,30569.3200
1623370326446000,1,0.00000001,30569.3200
1623370328269000,1,0.20149000,30561.9300
1623370328823000,1,0.00000160,30561.9300
1623370328823000,1,0.29999840,30554.6800
1623370328895000,1,0.20000000,30554.6800
1623370330182000,1,0.15000000,30547.2600
1623370330231000,1,1.79600000,30547.2600
1623370332405000,0,0.00373896,30576.3600
1623370339353000,1,0.99854436,30541.6500
1623370339414000,1,0.93945564,30541.6500
1623370346728000,1,0.20169095,30532.0300
1623370348247000,1,0.00000647,30523.9900
1623370348403000,1,0.62407845,30520.5400
1623370348410000,1,0.81961663,30520.5400
1623370349192000,1,0.15000000,30509.8500
1623370349192000,1,0.00093750,30508.7200
1623370349192000,1,0.14861324,30508.6900
1623370349203000,1,0.05167968,30508.6900
1623370349205000,1,0.05167968,30508.6900
1623370349208000,1,0.05167968,30508.6900
1623370349213000,1,0.29955074,30508.6900
1623370349366000,1,0.09149211,30514.3000
1623370349445000,1,0.02679698,30508.6900
1623370350455000,1,0.09576000,30510.5100
1623370350605000,1,0.03000000,30510.5200
1623370350899000,1,0.00000855,30510.5100
1623370350945000,0,0.03500000,30521.3800
1623370351152000,1,0.21700000,30509.3400
1623370351935000,1,0.12084000,30496.3500
1623370352021000,1,0.00000497,30496.3500
1623370352774000,1,1.88400000,30482.8300
1623370353811000,1,0.06800000,30482.7400
1623370354678000,0,0.05179146,30497.7100
1623370354955000,1,1.88400000,30477.7800
1623370356236000,0,0.00090000,30505.2300
1623370356236000,0,0.00088238,30512.3500
1623370356458000,1,0.00247884,30501.9100
1623370356932000,0,0.00003637,30512.3500
1623370358055000,1,0.00095625,30507.7600
1623370358055000,1,0.20089038,30503.5100
1623370358078000,1,0.00095625,30503.5100
1623370358078000,1,0.03000000,30502.7800
1623370358078000,1,0.03000000,30502.2600
1623370358554000,1,0.00090937,30501.4800
1623370358554000,1,0.00091875,30492.7700
1623370380058000,0,0.10846000,30538.7400
1623370390589000,1,0.00093750,30490.3600
1623370392181000,1,0.09972000,30471.9100
1623370393038000,1,0.08700000,30480.7900
1623370393573000,1,0.00370520,30466.0300
1623370396034000,1,0.09404000,30466.4600
1623370419565000,1,0.11939000,30466.4500
1623370420076000,1,0.00574700,30463.0000
1623370420249000,1,0.01495100,30463.0000
1623370420671000,1,0.00542500,30455.4800
1623370420845000,1,0.00689800,30452.2100
1623370421005000,1,0.01856800,30444.3900
1623370421180000,1,0.00679000,30444.3100
1623370421349000,1,0.00192400,30444.4900
1623370421529000,1,0.00960200,30444.4900
1623370423302000,1,0.00258300,30445.1000
1623370423829000,1,0.00108900,30445.1000
1623370424591000,1,0.00312600,30449.9000
1623370424991000,1,0.00088500,30445.1000
1623370426379000,1,0.01369000,30442.8000
1623370426540000,1,0.00476700,30442.8000
1623370428013000,1,0.00109900,30440.8300
1623370428411000,1,0.00178200,30440.8300
1623370437356000,1,0.00330831,30396.0900
1623370447736000,1,0.00096562,30443.5900
1623370447736000,1,0.00072538,30439.0200
1623370458705000,0,0.00264000,30438.2900
1623370470020000,1,0.00083200,30389.7500
1623370470875000,1,0.00946000,30389.7500
1623370473235000,1,0.20257000,30389.6800
1623370473372000,1,0.00872500,30380.6900
1623370474662000,1,0.01964200,30379.0000
1623370481498000,0,0.00105623,30384.4500
1623370481854000,0,0.00316000,30384.3700
1623370488321000,0,0.01500000,30416.3800
1623370496407000,1,0.00170522,30415.2800
1623370506484000,0,0.10223367,30454.4100
1623370510128000,0,0.00543000,30468.8500
1623370511252000,0,0.09495000,30468.8500
1623370515239000,0,0.09314200,30473.1200
1623370521151000,0,0.00777417,30504.7800
1623370523928000,0,0.00092812,30501.5100
1623370523928000,0,0.00091875,30514.7900
1623370523928000,0,0.02378181,30520.0900
1623370524796000,0,0.01289557,30505.3800
1623370560274000,0,0.00507794,30523.9500
1623370576362000,0,0.40334563,30561.2800
1623370578500000,1,0.00090937,30557.2000
1623370578500000,1,0.02210476,30550.7900
1623370582752000,0,0.00130000,30559.5100
1623370588734000,0,0.00539000,30552.1000
1623370596200000,0,0.00746451,30533.2400
1623370597412000,1,0.20176571,30512.5800
1623370609006000,0,0.00106665,30535.0600
1623370610087000,0,0.00375083,30529.3600
1623370620819000,1,0.09716947,30501.0800
1623370622520000,1,0.33649000,30490.1000
1623370629390000,1,0.06314700,30483.5700
1623370631149000,1,0.26923000,30486.8000
1623370644567000,1,0.00127892,30478.2300
1623370655290000,0,0.01180000,30491.5800
1623370680152000,0,0.01018084,30472.7900
1623370691331000,0,0.00208000,30453.0500
1623370730011000,1,0.00383676,30411.7500
1623370741271000,1,0.00130130,30395.8200
1623370744345000,1,0.10400000,30386.8800
1623370759542000,0,0.00245772,30421.5300
1623370770248000,0,0.00096000,30385.2500
1623370774297000,0,0.16152698,30386.8900
1623370777125000,0,0.00159000,30381.8500
1623370800261000,0,0.02074040,30404.7600
1623370814988000,0,0.00636302,30435.8800
1623370831103000,0,0.01840000,30419.1600
1623370833773000,0,0.01660000,30419.1600
1623370834458000,0,0.00318000,30418.4700
1623370837047000,1,0.15000000,30393.7000
1623370837129000,1,0.65000000,30393.7000
1623370838002000,1,0.14400000,30393.7000
1623370840368000,0,0.00093750,30393.0800
1623370840368000,0,0.01606250,30398.7900
1623370840639000,1,0.32653337,30379.2500
1623370841584000,1,0.37816412,30383.8500
1623370843582000,0,0.00329000,30398.2300
1623370844518000,0,0.00400000,30395.0600
1623370847689000,0,0.00370000,30389.8800
1623370851469000,0,0.01980000,30383.0600
1623370861514000,0,0.01990000,30346.0000
1623370863997000,0,0.02302630,30352.2900
1623370866583000,0,0.00121192,30350.3300
1623370870258000,1,0.00067397,30320.0000
1623370873661000,0,0.00093750,30319.0100
1623370873661000,0,0.00597503,30335.2000
1623370887277000,0,0.02410000,30358.1500
1623370890475000,0,0.03030000,30338.6800
1623370897115000,0,0.00236854,30345.3100
1623370898011000,0,0.00428000,30342.4300
1623370910603000,1,0.15000000,30320.6900
1623370921347000,0,0.03030000,30331.1700
1623370928676000,0,0.20312165,30329.7900
1623370928679000,0,0.27082886,30331.4000
1623370928782000,0,0.20644719,30334.7200
1623370928787000,0,0.17113375,30334.7200
1623370928788000,0,0.18501007,30334.7200
1623370934213000,0,0.08486000,30388.1300
1623370936873000,0,0.00329000,30386.5200
1623370954966000,1,0.07667000,30329.2000
1623370955505000,0,0.00796562,30344.9500
1623370966373000,1,0.00093750,30323.7600
1623370966373000,1,0.97934965,30323.6800
1623370967370000,0,0.01290000,30339.8900
1623370970313000,0,0.02372000,30340.8300
1623370970323000,0,0.00329000,30340.8300
1623370976679000,1,0.09218000,30309.7300
1623370976757000,1,0.00000190,30309.7300
1623370978853000,0,0.00091875,30304.0900
1623370978853000,0,0.01528125,30310.0500
1623370978884000,1,0.00067443,30299.5200
1623370979319000,1,0.01331241,30289.5000
1623370985270000,0,0.14700000,30289.6400
1623370986443000,0,0.13955593,30281.1700
1623371019643000,0,0.20322256,30317.9300
1623371019820000,0,0.20319887,30322.3600
1623371022951000,1,0.00091875,30317.9700
1623371023118000,0,0.02880000,30320.1600
1623371023903000,0,0.00142000,30320.1600
1623371032021000,1,0.03252530,30342.1200
1623371035089000,1,0.10000000,30342.1200
1623371035177000,1,0.07042000,30342.1200
1623371068441000,0,0.00106641,30327.9100
1623371091734000,0,0.01468655,30328.6500
1623371100874000,0,0.06572703,30356.0000
1623371103927000,0,0.00465876,30338.3700
1623371116880000,0,0.00106157,30328.5500
1623371117214000,1,0.20313887,30303.0500
1623371117214000,1,0.19013957,30301.9300
1623371125230000,0,0.05900000,30298.6300
1623371128508000,0,0.20327000,30305.7200
1623371133301000,0,0.00253000,30322.7700
1623371161926000,0,0.01636848,30316.8700
1623371163966000,1,0.03865400,30313.4100
1623371168203000,0,0.00245000,30341.7500
1623371175978000,0,0.00322965,30326.8000
1623371187030000,0,0.00238232,30295.7000
1623371190866000,1,0.00690100,30279.9900
1623371193303000,0,0.00205000,30295.7000
1623371204631000,0,0.01960000,30297.9200
1623371206370000,0,0.09631397,30297.9200
1623371206386000,0,0.12765728,30297.9200
1623371243578000,1,0.12425536,30276.3400
1623371243598000,1,0.14690899,30276.3400
1623371256424000,1,0.17669000,30269.4500
1623371256462000,1,0.13826200,30268.6200
1623371256463000,1,0.10992050,30268.6200
1623371269436000,1,0.00067534,30258.5600
1623371272576000,0,0.00121365,30255.9700
1623371280263000,1,0.19771766,30224.8600
1623371280344000,1,0.15000000,30224.8600
1623371280351000,1,2.52000000,30224.8600
1623371280374000,1,0.16648234,30224.8600
1623371285282000,0,0.00095000,30245.2800
1623371287212000,0,0.20368085,30247.9300
1623371290481000,0,0.00692242,30249.2000
1623371295437000,0,0.10477367,30259.3100
1623371307822000,1,0.08614163,30242.0700
1623371314034000,1,0.00067626,30217.6000
1623371314639000,0,0.00092812,30215.9800
1623371314639000,0,0.02214661,30221.2400
1623371317212000,1,0.53817544,30188.6300
1623371317231000,1,0.10000000,30188.6300
1623371317274000,1,2.39602456,30188.6300
1623371317744000,1,0.00599812,30184.0600
1623371317755000,1,0.00000001,30184.0600
1623371318067000,1,0.00599000,30187.5100
1623371318166000,1,0.05983764,30187.5100
1623371318235000,1,0.00000001,30187.5100
1623371323083000,0,0.00160000,30200.1000
1623371326349000,1,0.00067717,30176.6400
1623371330654000,1,0.99872254,30152.4500
1623371330994000,1,0.20000000,30152.4500
1623371331088000,1,0.20000000,30152.4500
1623371331165000,1,0.15000000,30152.4500
1623371331317000,1,0.15000000,30152.4500
1623371331396000,1,0.95000000,30152.4500
1623371331748000,0,0.10599000,30161.0600
1623371335568000,1,0.38547746,30152.4500
1623371340491000,0,0.03316200,30172.0600
1623371340491000,0,0.03315800,30172.0600
1623371342475000,0,0.15000000,30183.1000
1623371344575000,0,0.00215000,30190.5600
1623371349343000,0,0.06720000,30211.5300
1623371383470000,1,0.00093750,30172.1500
1623371383470000,1,0.00006552,30170.5900
1623371405485000,0,0.20427000,30157.1800
1623371405586000,0,0.34053000,30158.9300
1623371407309000,0,0.01211787,30179.0500
1623371407684000,0,0.15000000,30179.9400
1623371408668000,0,0.00130544,30195.5900
1623371413290000,0,0.04082940,30202.9700
1623371414791000,0,0.63000000,30198.3200
1623371414937000,1,0.00095625,30188.8600
1623371414937000,1,0.00091875,30181.8300
1623371414937000,1,0.03700000,30178.6400
1623371414937000,1,0.06757660,30178.6200
1623371414937000,1,0.33457713,30175.2900
1623371436967000,1,0.00066453,30135.6800
1623371438481000,1,0.00001356,30135.6800
1623371441283000,1,0.07337418,30121.5100
1623371442071000,1,0.11055000,30119.3700
1623371442218000,1,0.65000000,30116.3100
1623371442298000,1,0.65000000,30116.3100
1623371442377000,1,0.10000000,30116.3100
1623371442457000,1,0.09337861,30125.8200
1623371442457000,1,0.45662139,30116.3100
1623371442539000,1,0.20000000,30116.3100
1623371442641000,1,0.10000000,30116.3100
1623371442796000,1,0.65000000,30116.3100
1623371442891000,1,0.01071708,30116.3100
1623371443594000,1,0.05700000,30116.3100
1623371444540000,1,0.10000000,30116.3100
1623371444572000,1,0.00093750,30116.3100
1623371444630000,1,0.05892403,30116.3100
1623371446453000,1,0.00067902,30094.7200
1623371447626000,1,0.00589756,30084.8100
1623371447933000,1,0.00012036,30084.8100
1623371447933000,1,3.03420000,30080.2200
1623371447933000,1,0.06683393,30077.3200
1623371448099000,1,0.05700000,30077.3200
1623371452274000,1,0.00039130,30077.3200
1623371452274000,1,0.00092812,30074.7600
1623371454248000,0,0.21115000,30081.5200
1623371461224000,0,0.00105000,30072.7900
1623371462002000,1,0.00067994,30053.7600
1623371466926000,1,1.16365283,30044.1600
1623371467265000,1,0.00093750,30044.1600
1623371467285000,1,1.86960967,30044.1600
1623371467285000,1,0.00134824,30044.0000
1623371468022000,0,0.00092000,30054.4900
1623371469409000,0,0.00096562,30040.5800
1623371469409000,0,0.00092812,30046.7600
1623371469409000,0,0.07513041,30048.9500
1623371469731000,1,0.15491481,30034.3300
1623371470119000,1,0.16232006,30042.3900
1623371471429000,0,0.15396655,30035.4800
1623371471511000,0,0.00880650,30043.7900
1623371472694000,0,0.00880650,30055.9200
1623371481355000,1,0.00900000,30041.3900
1623371484340000,0,0.03327588,30068.6000
1623371484340000,0,0.08318969,30068.6000
1623371484340000,0,0.10191138,30075.3300
1623371486357000,0,0.20000000,30088.7000
1623371486449000,0,0.10000000,30088.7000
1623371486542000,0,0.05754000,30088.7000
1623371488163000,0,0.20000000,30095.3300
1623371491752000,1,0.00094687,30080.5300
1623371491752000,1,0.01117358,30076.7300
1623371496715000,1,0.07352000,30064.0600
1623371496738000,1,0.00000377,30064.0600
1623371496738000,1,0.06248723,30057.1900
1623371497223000,1,0.03326746,30041.5400
1623371497223000,1,0.08316866,30041.5400
1623371497223000,1,0.00094686,30039.9300
1623371498608000,1,0.63000000,30024.2100
1623371499522000,0,0.08933490,30036.9900
1623371501380000,0,0.20000000,30016.7500
1623371501632000,1,0.63000000,30012.8600
1623371501632000,1,0.00068087,30012.8000
1623371501632000,1,0.43438911,30008.1500
1623371502290000,1,0.63000000,30008.3200
1623371502290000,1,2.59981089,30008.1500
1623371506026000,0,1.64254000,30012.7200
1623371511829000,0,0.20000000,30042.8300
1623371511916000,0,0.02954000,30042.8300
1623371520246000,0,0.03241840,30044.0400
1623371522569000,0,0.06936000,30042.7300
1623371527288000,0,0.00160000,30050.0000
1623371532735000,0,0.01300469,30055.0000
1623371536367000,0,0.20499068,30054.3300
1623371536367000,0,0.27331381,30056.6300
1623371543799000,0,0.20491523,30066.9000
1623371566804000,0,0.00542000,30058.6000
1623371569365000,0,0.00330779,30058.6000
1623371571877000,1,0.35000000,30040.6600
1623371571976000,1,0.15000000,30040.6600
1623371572054000,1,1.41100000,30040.6600
1623371577237000,0,0.08328447,30032.7200
1623371578962000,0,0.00121823,30042.2300
1623371605048000,0,0.00211000,30058.0700
1623371608531000,0,0.14126000,30084.5400
1623371608622000,0,0.15000000,30084.5400
1623371609071000,0,0.01957046,30081.0900
1623371610238000,1,0.00090000,30070.0600
1623371612683000,0,0.90000000,30084.5400
1623371612705000,0,0.32681850,30084.5400
1623371612712000,0,0.39192150,30084.5400
1623371613007000,0,0.06892000,30085.4000
1623371614549000,0,0.05668776,30092.5700
1623371620279000,0,0.00096562,30084.4600
1623371620279000,0,0.00069286,30088.2200
1623371622073000,0,0.02069969,30092.3200
1623371623604000,0,0.06544044,30092.3200
1623371632737000,1,0.10000000,30065.9700
1623371673757000,1,0.06652000,30097.9400
1623371679417000,1,0.10240000,30091.7200
1623371679502000,1,0.03960000,30091.7200
1623371696574000,0,0.20475154,30095.8700
1623371712990000,1,0.95500000,30045.6500
1623371712990000,1,0.20493146,30044.7500
1623371712990000,1,0.63000000,30042.1400
1623371712990000,1,0.06968615,30041.0400
1623371713006000,1,0.05167968,30039.0000
1623371713026000,1,0.28987623,30039.0000
1623371713026000,1,0.00929185,30038.9200
1623371713047000,1,0.15316593,30038.9200
1623371713182000,1,0.00300000,30038.9200
1623371713266000,1,0.05700000,30031.5100
1623371716273000,1,0.03124000,30023.5500
1623371734773000,0,0.18592538,30023.9300
1623371734986000,0,0.01925916,30023.9300
1623371740908000,1,0.23397824,30009.2000
1623371740908000,1,0.32540163,30009.2000
1623371740908000,1,0.39762013,30009.2000
1623371743575000,1,0.17982000,29999.6000
1623371746330000,1,0.00000762,29999.6000
1623371746330000,1,0.36111540,29993.0700
1623371747051000,0,0.14370693,30004.5400
1623371747051000,0,0.02153156,30007.8300
1623371749527000,1,0.00068134,29992.3200
1623371750353000,1,0.00603000,29985.8900
1623371750543000,1,0.00000778,29985.8900
1623371751679000,1,1.03010000,29972.1900
1623371751680000,1,1.19331000,29972.1900
1623371751757000,1,0.00093750,29972.1900
1623371751855000,1,0.15000000,29972.1900
1623371751888000,1,0.65985250,29972.1900
1623371751888000,1,0.00068180,29971.8400
1623371752444000,0,0.00093750,29979.4800
1623371752444000,0,0.02470473,29979.5500
1623371766481000,0,0.03197000,30014.2200
1623371793448000,1,0.02783580,30002.8900
1623371824784000,0,0.06971000,30017.8100
1623371843739000,0,0.00195752,30026.1000
1623371864312000,1,0.11157535,30006.6300
1623371864314000,1,0.19525685,30006.6300
1623371864315000,1,1.31971000,30006.6300
1623371864315000,1,0.28745780,30006.6300
1623371864374000,1,0.29938405,30003.5300
1623371864380000,1,0.13638395,30003.5300
1623371864380000,1,0.32856134,30003.5300
1623371864393000,1,0.08678979,30003.5300
1623371864395000,1,0.10588087,30003.5300
1623371865823000,1,0.15000000,29993.6400
1623371865882000,1,0.10399808,29987.6700
1623371865882000,1,0.15667244,29987.6700
1623371865884000,1,0.18580424,29987.6700
1623371865887000,1,0.11628013,29987.6700
1623371865895000,1,0.08323448,29987.6700
1623371865900000,1,0.40000000,29987.6700
1623371865908000,1,0.24762770,29987.6700
1623371866367000,1,0.00198149,29977.5000
1623371866367000,1,0.00099375,29976.2900
1623371866367000,1,0.03333933,29973.0100
1623371866367000,1,0.08336279,29973.0100
1623371869985000,0,0.02316900,29975.5800
1623371870517000,0,0.02316900,29976.1700
1623371874922000,0,0.10000000,29971.5100
1623371880535000,0,0.10000000,29988.7300
1623371897335000,0,0.05938877,30007.4300
1623371913085000,0,0.20540325,29999.5800
1623371913376000,0,0.03334556,30007.7800
1623371913376000,0,0.08336390,30007.7800
1623371913423000,0,0.41079020,30009.9700
1623371917069000,0,0.10000000,30018.3800
1623371923551000,1,0.00090000,30007.1200
1623371924144000,1,0.00198002,29999.6500
1623371926149000,1,0.05533949,29975.3700
1623371935875000,0,0.01279000,29988.7300
1623371936039000,0,0.01054148,29988.7200
1623371940155000,0,0.00097000,29978.6900
1623371941579000,1,0.20556419,29957.7600
1623371941594000,1,0.13813917,29957.2200
1623371941594000,1,0.09019561,29957.2200
1623371941597000,1,0.11423790,29957.2200
1623371941665000,1,0.25095680,29951.7200
1623371941698000,1,0.09166853,29951.7200
1623371942746000,0,0.01000000,29958.8700
1623371943603000,1,0.30000000,29936.2600
1623371944494000,1,2.67951600,29936.2600
1623371944804000,1,0.00118000,29936.2600
1623371945250000,0,0.10000000,29942.3700
1623371947405000,1,0.07750282,29937.8500
1623371948422000,1,0.00118000,29936.2600
1623371949174000,1,0.05232000,29936.2600
1623371949264000,1,0.00000400,29936.2600
1623371949491000,1,0.00068273,29930.8800
1623371953146000,1,0.05622778,29922.6800
1623371953154000,1,0.00114751,29922.6800
1623371954699000,0,0.08357514,29928.8100
1623371954699000,0,0.27456772,29928.9200
1623371954712000,0,0.27456158,29929.5300
1623371954714000,0,0.63000000,29935.2600
1623371954714000,0,0.09800200,29937.5800
1623371954714000,0,0.00094687,29937.8200
1623371954714000,0,0.27127339,29937.9500
1623371954725000,0,0.03342514,29938.5500
1623371954725000,0,0.34313438,29938.5600
1623371954758000,0,0.05420663,29928.0000
1623371954772000,0,0.15171345,29928.0000
1623371955502000,0,0.08185712,29946.0000
1623371955652000,0,0.00167055,29946.0000
1623371956149000,0,0.04749355,29961.2300
1623371956859000,0,0.03270482,29977.5700
1623371964267000,1,0.00096562,29948.5600
1623371964267000,1,0.00179938,29946.8200
1623371968067000,0,0.00094687,29979.1900
1623371968067000,0,0.00026081,29981.8000
1623371971188000,0,0.02317568,29964.0800
1623371973660000,0,0.01178498,29965.5600
1623371983497000,0,0.05232000,29958.9200
1623371988559000,0,0.03337383,29985.1100
1623371988559000,0,0.03336915,29985.1100
1623371999477000,0,0.10000000,29973.6900
1623372000219000,0,0.02931962,29981.3400
1623372000454000,0,0.92868038,29981.3400
1623372000454000,0,1.07131962,29981.6900
1623372000808000,0,0.10000000,29975.5100
1623372007525000,0,0.03333867,30010.7500
1623372007525000,0,0.08334667,30010.7500
1623372009616000,0,0.00519310,30022.1700
1623372054120000,0,0.00242000,30000.7100
1623372056881000,0,0.07647909,30000.7100
1623372060692000,0,0.03131045,30003.0200
1623372060767000,0,0.20536658,30004.0100
1623372060805000,0,0.37949534,30010.1800
1623372060819000,0,0.03131045,30010.1800
1623372062694000,0,0.00096562,30040.7800
1623372062694000,0,0.00000438,30042.7900
1623372114400000,0,0.00661008,30042.7900
1623372114830000,0,0.15000000,30042.7900
1623372115025000,0,0.10000000,30042.7900
1623372115121000,0,0.10000000,30042.7900
1623372115208000,0,0.32692000,30042.7900
1623372121882000,0,0.27246554,30042.7900
1623372121908000,0,1.37016024,30044.2900
1623372121949000,0,0.54283976,30044.2900
1623372124742000,0,0.10000000,30069.1000
1623372124978000,0,0.40000000,30069.1000
1623372125061000,0,0.40000000,30069.1000
1623372128255000,0,0.12308000,30069.1000
1623372136390000,0,0.03325397,30087.2100
1623372136390000,0,0.08313492,30087.2100
1623372142264000,0,0.05420782,30088.1900
1623372142264000,0,0.02383078,30096.6300
1623372144463000,0,0.00121934,30075.7000
1623372150536000,0,0.09000000,30082.3700
1623372154055000,1,0.00312839,30051.8700
1623372166763000,0,0.03262296,30055.5000
1623372188893000,1,0.06761891,30074.9800
1623372196399000,0,0.20481412,30093.0800
1623372201113000,0,0.00397677,30104.7800
1623372205016000,0,0.10000000,30115.6100
1623372205161000,0,0.45000000,30115.6100
1623372205245000,0,0.07754000,30115.6100
1623372206163000,0,0.27246000,30115.6100
1623372206349000,0,0.15000000,30115.6100
1623372216136000,0,0.01000000,30085.5900
1623372220287000,1,0.00999999,30074.9800
1623372220420000,0,0.04962915,30083.6500
1623372220420000,0,0.07845102,30087.3200
1623372228417000,1,0.00000001,30074.9800
1623372229159000,1,0.05270364,30062.4400
1623372230400000,1,0.07324000,30052.8100
1623372231436000,1,0.00000298,30052.8100
1623372240281000,1,0.01562264,30039.0900
1623372289271000,0,0.20508505,30052.6200
1623372289271000,0,0.27344921,30053.6600
1623372289271000,0,0.25046574,30053.9600
1623372289285000,0,0.02298161,30053.9600
1623372289285000,0,0.09900000,30056.3900
1623372289285000,0,0.63000000,30056.4000
1623372289285000,0,0.24691278,30056.4700
1623372289286000,0,0.57654722,30056.4700
1623372289286000,0,0.08258600,30057.7000
1623372289990000,0,0.00409825,30083.1000
1623372291266000,1,0.35754000,30056.4000
1623372291266000,1,0.64091908,30056.3900
1623372291301000,1,0.70908092,30056.3900
1623372291841000,1,0.00092812,30064.2100
1623372291841000,1,0.00093750,30054.1000
1623372305516000,1,0.00457000,30072.5600
1623372312974000,0,0.05893368,30085.1900
1623372316366000,0,0.95400000,30099.5600
1623372316366000,0,1.00000000,30101.2900
1623372316366000,0,0.05570826,30102.5200
1623372316511000,0,0.10043478,30102.5200
1623372322730000,0,0.00568760,30100.0800
1623372334893000,0,0.00097000,30081.6700
1623372342507000,0,0.00097000,30076.0800
1623372347539000,1,0.20490000,30058.0400
1623372347550000,1,0.00000148,30058.0400
1623372347550000,1,0.08657383,30056.0400
1623372347554000,1,0.18665347,30056.0400
1623372351726000,1,0.10682193,30048.8000
1623372351761000,1,0.09814598,30048.8000
1623372360133000,0,0.00102000,30068.5100
1623372375292000,1,0.00090937,30084.2300
1623372375292000,1,0.00011463,30084.1600
1623372375507000,0,0.00658000,30101.6600
1623372389931000,0,0.05082749,30085.0700
1623372408556000,0,0.00096000,30097.3400
1623372416560000,1,0.14700000,30083.7800
1623372417565000,1,0.00294000,30083.7800
1623372432491000,0,0.20474413,30097.0600
1623372479721000,0,0.00147078,30127.5500
1623372480238000,1,0.00898401,30108.4400
1623372480269000,0,0.00105000,30127.5500
1623372495070000,1,0.00254600,30108.1200
1623372499078000,1,0.16955315,30106.9700
1623372499091000,1,0.10316133,30106.9700
1623372513138000,0,0.00781902,30090.7300
1623372524963000,1,0.00006000,30083.7800
1623372527093000,0,0.01270794,30071.0700
1623372559918000,1,0.20482640,30064.7900
1623372559921000,1,0.40955712,30063.0100
1623372559934000,1,0.21036868,30061.5200
1623372559937000,1,0.18198774,30061.5200
1623372559937000,1,0.14284624,30061.5100
1623372559938000,1,0.24439890,30061.5100
1623372559939000,1,0.92508409,30061.5100
1623372559942000,1,0.24903938,30061.5100
1623372559945000,1,0.16551065,30061.5100
1623372559955000,1,0.18312074,30061.5100
1623372560035000,1,0.18871621,30061.0100
1623372560040000,1,0.09586669,30061.0100
1623372560107000,1,0.09000000,30064.7900
1623372563988000,1,0.00093713,30023.9900
1623372564608000,0,0.00090937,30032.0700
1623372564608000,0,1.07289063,30035.3300
1623372570453000,1,0.05218000,30018.1500
1623372570968000,1,0.00000604,30018.1500
1623372574319000,1,0.17999165,30003.5200
1623372582410000,1,0.14563549,29999.8000
1623372582426000,1,0.00297215,29999.8000
1623372582458000,1,0.14563549,30005.0300
1623372583468000,0,0.18256842,30009.9200
1623372583631000,0,0.02271702,30009.9200
1623372583631000,0,0.12513272,30010.7700
1623372588133000,0,0.14859176,30009.9200
1623372588220000,0,0.05669368,30009.9200
1623372588220000,0,0.09189808,30010.7700
1623372598095000,0,0.95700000,30020.2000
1623372598334000,0,0.03500000,30024.2700
1623372614026000,1,0.14740609,30047.5000
1623372614047000,1,0.00300829,30047.5000
1623372616331000,0,0.18735045,30054.7200
1623372616354000,0,0.80453254,30054.7200
1623372616380000,0,0.92011701,30054.7200
1623372616619000,0,0.11776488,30056.3200
1623372616665000,0,0.08722961,30056.3200
1623372616864000,0,0.08895299,30057.3700
1623372617173000,0,0.38323653,30059.6300
1623372617388000,0,0.04843750,30059.6300
1623372635307000,0,0.00821956,30067.5100
1623372640604000,0,0.01286000,30075.3100
1623372661599000,0,0.00100000,30071.2900
1623372683195000,1,0.10920731,30034.6600
1623372683200000,1,0.09580013,30034.6600
1623372683700000,1,0.34168380,30029.5600
1623372683700000,1,0.65831620,30023.4800
1623372698919000,0,0.05117602,30044.6600
1623372698919000,0,0.01403363,30045.7900
1623372710584000,0,0.00094687,30063.5500
1623372710584000,0,0.00100942,30064.1100
1623372732829000,0,0.00333000,30077.3600
1623372742900000,0,0.00097000,30078.5700
1623372765520000,0,0.00211000,30070.4800
1623372770155000,1,0.20488000,30059.9500
1623372770189000,1,0.00000376,30059.9500
1623372772029000,0,0.02551000,30058.4800
1623372819966000,0,0.09783113,30078.2700
1623372838214000,0,0.04070170,30107.0600
1623372871898000,1,0.20472927,30078.5600
1623372897852000,1,0.00674182,30050.6200
1623372914113000,0,0.02078721,30079.4500
1623372946362000,0,0.63000000,30127.0400
1623372946362000,0,0.38992715,30127.4400
1623372946362000,0,0.20452685,30127.4500
1623372946362000,0,0.95400000,30128.6300
1623372946362000,0,0.03147524,30129.0000
1623372946362000,0,0.27269715,30129.8300
1623372946362000,0,1.10422880,30130.1400
1623372950237000,0,0.00243599,30127.4500
1623372956685000,0,0.00425000,30117.7700
1623372957668000,0,0.03321354,30124.7500
1623372957668000,0,0.01592724,30124.7500
1623372985049000,0,0.00424223,30112.2500
1623372996290000,0,0.00129091,30098.4000
1623373005226000,1,0.27291476,30084.3100
1623373005233000,1,0.12439104,30083.5900
1623373005235000,1,0.12731107,30083.5900
1623373005317000,1,0.02123440,30083.5900
1623373017196000,0,0.01958449,30067.1900
1623373020899000,1,0.15000000,30046.9000
1623373024567000,1,0.04845310,30048.1400
1623373024567000,1,0.03354690,30038.1800
1623373028793000,1,0.00380000,30045.8400
1623373094445000,1,0.20049916,30099.3200
1623373094509000,1,0.00409182,30099.3200
1623373094511000,1,0.27278901,30096.8400
1623373094511000,1,0.34101415,30090.9900
1623373094511000,1,0.40918615,30089.5700
1623373094511000,1,1.20100201,30089.2600
1623373094515000,1,0.29208407,30089.2600
1623373094533000,1,0.09422067,30089.2600
1623373094535000,1,0.17094321,30089.2600
1623373094640000,1,0.00096562,30088.0100
1623373095145000,1,0.00096562,30081.9600
1623373095536000,1,0.00093750,30075.1100
1623373098925000,1,0.20499007,30055.5600
1623373098934000,1,0.26100993,30055.5600
1623373099115000,0,0.01232883,30055.3800
1623373120993000,1,0.06210000,30039.2600
1623373121101000,0,0.00300000,30052.8400
1623373121101000,0,0.00090000,30053.2300
1623373121101000,0,0.05553801,30055.7700
1623373122179000,1,0.04381589,30043.6100
1623373125422000,0,0.20505536,30041.2700
1623373134074000,1,0.07535000,30002.4300
1623373138032000,1,0.00000675,30002.4300
1623373138032000,1,0.18199325,29997.3200
1623373138930000,1,0.00000675,29997.3200
1623373142969000,1,0.00113059,29981.5900
1623373142984000,1,0.62886941,29981.5900
1623373142996000,1,0.63000000,29979.1700
1623373143092000,1,0.29960054,29974.7200
1623373149222000,1,0.00091875,29944.9400
1623373152128000,1,0.08595000,29932.4000
1623373152576000,1,0.05839000,29928.9200
1623373152678000,0,0.00091875,29939.0400
1623373152678000,0,0.06015112,29948.1700
1623373152698000,0,0.05260254,29948.1700
1623373154464000,1,0.05619000,29922.0100
1623373154607000,0,0.06678131,29938.4400
1623373155142000,1,0.05965000,29925.9700
1623373155148000,1,0.00000307,29925.9700
1623373155148000,1,0.06291293,29918.5900
1623373155274000,0,0.03145801,29925.9800
1623373155274000,0,0.00094687,29930.9000
1623373155274000,0,0.02395286,29931.8600
1623373155281000,0,0.05844854,29931.8600
1623373155418000,1,0.00097500,29904.2600
1623373155418000,1,0.00090667,29903.6700
1623373155418000,1,2.51811833,29900.3800
1623373155671000,1,0.04956910,29916.4500
1623373155909000,1,0.00000001,29916.4500
1623373156047000,0,0.00092811,29914.7800
1623373156047000,0,0.05694234,29917.1100
1623373156141000,1,0.03145800,29915.1800
1623373156141000,1,0.05689306,29905.6100
1623373156141000,1,0.02686894,29900.3800
1623373156207000,0,0.00090000,29920.1600
1623373156220000,1,0.05789874,29920.9300
1623373156220000,1,0.09210126,29900.3800
1623373156297000,1,0.07263579,29911.1300
1623373156297000,1,0.07736421,29905.7800
1623373156384000,1,0.10086000,29905.7800
1623373158387000,1,0.39711000,29900.3800
1623373158743000,1,0.00000147,29900.3800
1623373159226000,1,0.00068367,29889.9200
1623373159226000,1,0.00605769,29887.2900
1623373164448000,0,0.29337000,29897.8100
1623373175408000,0,0.02906244,29928.0600
1623373182559000,0,0.00635000,29941.1500
1623373183765000,1,0.03082884,29922.1200
1623373192904000,0,0.20000000,29925.2400
1623373199038000,1,0.27443181,29915.3400
1623373199038000,1,0.04157105,29915.1700
1623373200242000,0,0.00347019,29933.6500
1623373201799000,0,0.00090937,29925.3300
1623373201799000,0,0.00072758,29930.1600
1623373204407000,1,0.06190000,29892.0400
1623373214493000,1,0.05255279,29889.4300
1623373214550000,1,0.00107251,29889.4300
1623373236916000,0,0.00232719,29926.7700
1623373242154000,0,0.00163417,29958.5900
1623373245743000,1,0.01497600,29925.1300
1623373246574000,1,0.00272100,29932.5200
1623373247817000,1,0.00913428,29938.8700
1623373250789000,0,0.17231183,29949.3500
1623373250909000,1,0.03145800,29941.8300
1623373253714000,0,0.25000000,29973.5000
1623373253908000,0,0.16564000,29973.5000
1623373254126000,0,0.06291600,29973.5000
1623373269612000,1,0.00270000,29958.2900
1623373275933000,0,0.24626000,29993.0900
1623373276037000,0,0.43928000,29993.0900
1623373276361000,0,0.27246000,29993.0900
1623373276798000,0,0.56072000,29992.8400
1623373276884000,0,0.12482000,29992.8400
1623373310009000,1,0.00095000,29928.8400
1623373310111000,1,0.00160033,29928.8500
1623373310211000,1,0.00183300,29928.8500
1623373316915000,0,0.01313619,29956.8600
1623373320586000,1,0.00130000,29932.3100
1623373345158000,0,0.03145801,29959.0000
1623373345158000,0,0.21923221,29963.6000
1623373347850000,0,0.00108112,29957.0100
1623373354713000,0,0.00145000,29945.4400
1623373362107000,0,0.00198252,29937.4800
1623373363389000,1,0.01332000,29911.8900
1623373363463000,1,0.00000473,29911.8900
1623373363526000,1,0.05389000,29902.1800
1623373364410000,1,0.00834942,29898.4500
1623373366382000,1,1.92200000,29882.8500
1623373396099000,1,0.00542000,29864.5600
1623373396187000,1,0.00000565,29864.5600
1623373396187000,1,0.90607435,29864.5400
1623373396257000,1,0.15000000,29864.5400
1623373396330000,1,0.10000000,29864.5400
1623373396381000,1,1.87812565,29864.5400
1623373398972000,1,0.00068461,29848.9600
1623373400338000,1,0.00211975,29830.5100
1623373400339000,1,0.62788025,29830.5100
1623373400339000,1,0.00211976,29830.4100
1623373400339000,1,0.32539327,29828.7500
1623373407451000,1,2.40568959,29828.7500
1623373407574000,1,0.00126927,29831.3900
1623373413542000,1,0.05408939,29834.0600
1623373418916000,1,0.30311714,29828.7500
1623373425978000,1,0.05166283,29859.5400
1623373425978000,1,0.15000000,29854.0100
1623373426212000,1,0.00091875,29852.6200
1623373431406000,1,0.00443000,29828.7800
1623373431651000,0,0.00221000,29848.1000
1623373436193000,1,0.06498662,29821.8700
1623373436197000,1,0.00000001,29821.8700
1623373437292000,1,0.00068000,29808.0000
1623373437324000,1,0.00000555,29808.0000
1623373437382000,1,0.00167232,29796.9300
1623373437382000,1,0.00067122,29796.6600
1623373437382000,1,0.06057246,29793.0000
1623373437383000,1,0.01364267,29793.0000
1623373437485000,1,0.10998102,29793.0000
1623373437489000,1,0.07737558,29793.0000
1623373437506000,1,0.04991694,29793.0000
1623373437629000,1,1.39250000,29793.0000
1623373437649000,1,1.33021133,29793.0000
1623373437901000,1,0.00607768,29789.0100
1623373437901000,1,0.00068649,29767.0400
1623373437901000,1,0.12111264,29764.8700
1623373440228000,1,0.00701402,29780.9100
1623373466164000,0,0.20647766,29839.3700
1623373467635000,0,0.00255000,29849.7500
1623373482637000,1,0.00195350,29798.7500
1623373482934000,0,0.80000000,29816.9300
1623373483000000,1,0.06094436,29816.3400
1623373483020000,0,0.02778311,29812.3300
1623373496841000,0,0.30068000,29848.8300
1623373501057000,1,0.27521793,29833.7200
1623373501057000,1,0.34402374,29833.2500
1623373514010000,0,0.01989000,29863.1000
1623373521004000,1,0.12250000,29840.0000
1623373521847000,1,0.00245000,29840.0000
1623373527404000,0,0.00094687,29852.4700
1623373527404000,0,0.00387313,29855.9200
1623373533691000,1,0.00005000,29840.0000
1623373546509000,0,0.00660000,29818.6700
1623373558885000,0,0.00767561,29820.9000
1623373564894000,0,0.15000000,29828.6200
1623373572633000,0,0.20000000,29845.3000
1623373576346000,0,0.96300000,29847.6800
1623373577091000,0,0.28185680,29849.6500
1623373595308000,0,0.40768000,29849.6500
1623373596271000,0,0.19232000,29851.7900
1623373597232000,0,0.49822000,29851.7900
1623373603734000,1,0.00195029,29847.8500
1623373609088000,1,0.00003980,29847.8500
1623373659896000,1,0.09014596,29784.8500
1623373659899000,1,0.53985404,29784.8500
1623373662603000,1,1.51046940,29757.2900
1623373663764000,1,0.70000000,29757.2900
1623373663867000,1,0.45000000,29757.2900
1623373663945000,1,0.37373060,29757.2900
1623373663945000,1,0.05238366,29756.8800
1623373663945000,1,1.00000000,29755.0000
1623373665348000,0,0.00091875,29763.5100
1623373665348000,0,0.02583425,29765.0500
1623373688771000,0,0.00322000,29816.9800
1623373689149000,0,0.14093000,29821.3100
1623373702729000,0,0.00785031,29806.8300
1623373719784000,0,0.00090000,29743.2800
1623373719784000,0,0.00555426,29751.2400
1623373721318000,0,0.10000000,29757.9300
1623373722370000,1,0.00199603,29759.0100
1623373728309000,1,0.00094687,29734.7600
1623373746252000,0,0.02466000,29748.3100
1623373751904000,0,0.10000000,29742.5600
1623373760232000,0,0.15000000,29752.5000
1623373765151000,0,0.20709990,29754.8500
1623373768611000,1,0.02812371,29758.1900
1623373774762000,0,0.01181215,29739.9100
1623373800240000,0,0.00763680,29733.7100
1623373819649000,0,0.13721300,29755.5500
1623373828905000,1,0.00068744,29726.0800
1623373828905000,1,0.84973737,29721.6200
1623373828990000,1,0.00189055,29721.6200
1623373833965000,1,0.11204185,29724.5800
1623373839458000,1,0.00659251,29724.8600
1623373840366000,1,0.05430517,29724.8600
1623373842620000,1,0.00195828,29726.1300
1623373842654000,1,0.00003996,29726.1300
1623373842654000,1,0.00110827,29724.8600
1623373842818000,1,0.00304438,29727.1200
1623373844419000,1,0.05821215,29727.1200
1623373844896000,1,0.00118800,29727.1200
1623373848524000,1,2.18257208,29721.6200
1623373848524000,1,0.00362114,29719.2800
1623373848787000,1,0.00300000,29711.6000
1623373848787000,1,0.27633917,29710.5300
1623373848917000,1,0.34544273,29705.5100
1623373848917000,1,0.34544625,29705.4100
1623373850595000,0,0.00570000,29704.4600
1623373851162000,1,0.00090937,29704.4500
1623373852250000,1,0.00609773,29691.0600
1623373852250000,1,2.39370407,29686.0000
1623373852285000,1,0.11486896,29686.0000
1623373852287000,1,0.15141818,29686.0000
1623373852287000,1,0.08040827,29686.0000
1623373852315000,1,0.11904601,29686.0000
1623373852422000,1,0.17475451,29686.0000
1623373852422000,1,0.00068839,29685.1200
1623373854824000,1,0.00282324,29670.3800
1623373855103000,0,0.27693303,29674.5100
1623373859168000,1,0.06277383,29686.0500
1623373867597000,1,0.00054600,29685.0700
1623373886900000,1,0.05829999,29704.2800
1623373899746000,1,0.05583450,29688.4700
1623373901113000,1,0.07791858,29675.5200
1623373902040000,1,0.03244998,29684.4600
1623373904787000,0,0.16596630,29690.1300
1623373912193000,1,0.00068886,29664.6400
1623373912193000,1,0.00619493,29655.3600
1623373913826000,1,0.00014049,29655.3600
1623373913826000,1,0.14554934,29654.2200
1623373915489000,1,2.66551099,29650.4200
1623373916180000,1,0.36868901,29650.4200
1623373930904000,0,0.00094423,29676.0700
1623373934044000,1,0.00644636,29667.7800
1623373935518000,0,0.13521862,29677.9800
1623373963458000,0,0.00200000,29731.6100
1623373965883000,0,0.00515272,29725.5600
1623373966365000,0,0.20213181,29725.5600
1623373966365000,0,0.14340500,29731.1300
1623373967739000,1,0.18096096,29723.7600
1623373970072000,1,0.02335456,29724.0500
1623373979126000,1,0.33744605,29713.9100
1623373985984000,0,0.20723016,29732.2400
1623373985984000,0,0.27631867,29732.5100
1623373989592000,1,0.05050673,29730.1600
1623373998555000,0,0.00240520,29738.0700
1623374026363000,1,0.05100000,29672.4700
1623374026363000,1,0.00094687,29667.0200
1623374026363000,1,0.84060597,29666.9500
1623374030632000,1,0.02855401,29674.2700
1623374032935000,0,0.20755686,29682.5600
1623374036286000,0,0.20753131,29686.5000
1623374054928000,0,0.02626883,29729.3700
1623374056355000,0,0.18101466,29729.3700
1623374056355000,0,0.03365644,29730.6400
1623374056355000,0,0.27637921,29730.8100
1623374056355000,0,0.67316169,29730.8700
1623374073421000,0,0.00098000,29754.0100
1623374076241000,1,0.07898532,29737.8200
1623374080336000,0,0.20710000,29753.3900
1623374080428000,0,0.00000429,29753.3900
1623374083224000,1,0.00251058,29751.1900
1623374086380000,0,0.18535709,29774.5600
1623374105427000,0,0.00109337,29769.1800
1623374111992000,1,0.02199000,29752.9100
1623374119030000,0,0.20695089,29776.5400
1623374139126000,0,0.05167968,29803.9900
1623374140048000,0,0.00095625,29804.3400
1623374151849000,0,0.00656028,29807.5000
1623374154757000,0,0.20669991,29813.0600
1623374160368000,0,0.20667639,29816.4900
1623374169577000,1,0.18303950,29821.8400
1623374169595000,1,0.02348297,29821.8400
1623374180929000,0,0.52674699,29822.2500
1623374180937000,0,0.08657546,29822.2500
1623374194577000,1,0.02888400,29821.8100
1623374194610000,1,0.02888400,29821.8100
1623374195460000,1,0.01251262,29821.8100
1623374195471000,1,0.00291940,29821.8100
1623374195962000,1,0.13331736,29821.8100
1623374196058000,1,0.27535651,29820.2100
1623374197032000,1,0.27540017,29814.7700
1623374202091000,0,0.00199200,29801.5600
1623374216644000,0,0.01025264,29814.4100
1623374217905000,0,0.00108489,29814.4100
1623374231751000,1,0.05797000,29738.4200
1623374243530000,0,0.00770090,29733.6000
1623374249983000,0,0.05360000,29729.4700
1623374252187000,0,0.00097000,29733.5300
1623374254879000,0,0.00503441,29731.7300
1623374258476000,1,0.20720646,29717.4000
1623374258476000,1,0.23496666,29717.2000
1623374258503000,1,0.04130841,29717.2000
1623374258503000,1,0.15000000,29716.9900
1623374258719000,1,0.00093750,29713.4100
1623374293088000,0,0.00386218,29748.4000
1623374322835000,1,0.00195682,29748.4000
1623374325192000,1,0.00003993,29748.4000
1623374337023000,0,0.00992302,29740.5000
1623374350492000,1,0.00189888,29700.0500
1623374352774000,0,0.00239068,29725.5300
1623374353716000,0,0.00332388,29725.4800
1623374364032000,0,0.05250912,29711.3300
1623374369895000,0,0.00789000,29705.3400
1623374371822000,1,0.00221000,29687.8200
1623374374422000,1,0.00000811,29687.8200
1623374391249000,0,0.14500000,29697.2400
1623374391835000,0,0.48700000,29697.2300
1623374400711000,0,0.90000000,29702.8800
1623374400794000,0,0.06700000,29702.8800
1623374401048000,0,0.99917917,29704.4500
1623374401121000,0,0.93582083,29704.4500
1623374410634000,1,0.00139300,29719.2200
1623374413251000,0,0.02907210,29753.4100
1623374481894000,0,0.01042961,29788.4000
1623374485263000,0,0.00179000,29790.2000
1623374501065000,1,0.00430170,29740.1200
1623374512199000,1,0.27910000,29752.3800
1623374512285000,1,0.15000000,29752.3800
1623374512363000,1,0.15000000,29752.3800
1623374520242000,0,0.01004308,29734.8500
1623374550048000,0,0.38106066,29761.9400
1623374550061000,0,0.15000000,29761.9400
1623374550062000,0,0.18676958,29761.9400
1623374550072000,0,0.58684431,29761.9400
1623374550079000,0,0.13676024,29761.9400
1623374550080000,0,0.17452239,29761.9400
1623374550138000,0,0.09000000,29761.9400
1623374550139000,0,0.22504282,29761.9400
1623374591755000,0,0.03000000,29807.6100
1623374593379000,0,0.03000000,29815.5100
1623374594635000,0,0.06029000,29820.2500
1623374596394000,0,0.68599092,29837.6800
1623374616752000,1,0.00199000,29759.6000
1623374616887000,1,0.00000599,29759.6000
1623374624670000,0,0.00163000,29796.0800
1623374626382000,1,0.63000000,29773.4000
1623374626382000,1,0.20678798,29773.3200
1623374626382000,1,0.03700000,29772.2000
1623374626382000,1,0.55665398,29772.1900
1623374640289000,0,0.05106209,29786.2600
1623374640289000,0,0.03416435,29786.6600
1623374649978000,1,0.27579215,29764.4000
1623374649978000,1,0.00090000,29763.2300
1623374671980000,0,0.17119502,29762.7000
1623374671993000,0,0.03576571,29762.7000
1623374682024000,0,0.00199521,29757.0800
1623374695412000,0,0.01562477,29769.0600
1623374712768000,0,0.00365720,29787.9300
1623374717113000,1,0.20680000,29772.3600
1623374728453000,0,0.03095142,29759.1900
1623374733393000,0,0.00806000,29753.2200
1623374746345000,1,0.03700000,29723.3700
1623374746345000,1,0.09700000,29721.4900
1623374746385000,1,0.15592780,29721.4900
1623374761037000,1,0.03361706,29731.8700
1623374761037000,1,0.02136774,29730.4400
1623374766754000,1,0.56150000,29725.8100
1623374766844000,1,0.06850000,29725.8100
1623374769487000,1,0.13356000,29712.0300
1623374769650000,1,0.00082400,29712.0300
1623374779710000,0,0.01014373,29713.3100
1623374789814000,0,0.01000000,29720.6600
1623374794319000,1,0.03700000,29707.8800
1623374794319000,1,1.05400000,29707.8700
1623374802011000,0,0.00199894,29713.2500
1623374815306000,1,0.00327650,29669.1100
1623374815413000,1,0.02447000,29669.1100
1623374823864000,0,0.05400000,29678.9300
1623374855343000,0,0.00332143,29672.0200
1623374860840000,1,0.80038937,29646.4600
1623374861875000,1,0.00068934,29644.1600
1623374863171000,1,0.01000000,29630.9000
1623374865005000,1,0.00215000,29630.0800
1623374865435000,1,0.00000670,29630.0800
1623374865691000,1,0.57981000,29623.6900
1623374872726000,0,0.01700000,29634.6300
1623374873085000,1,0.29942691,29614.8800
1623374873086000,1,0.19961794,29614.8800
1623374873096000,1,0.40000000,29614.8800
1623374873140000,1,0.99859296,29614.8800
1623374873177000,1,0.24354000,29614.8800
1623374873258000,1,0.89302219,29614.8800
1623374873810000,1,0.45000000,29607.5000
1623374874098000,1,0.05000000,29607.5000
1623374874098000,1,0.00069029,29603.2000
1623374876026000,1,0.00611784,29593.4300
1623374876032000,1,0.00000001,29593.4300
1623374876251000,0,0.00093750,29592.7400
1623374876251000,0,0.00093750,29599.3600
1623374876251000,0,0.00092812,29608.1000
1623374876251000,0,0.02170806,29608.3300
1623374876863000,0,0.00090937,29593.5300
1623374877459000,1,0.00676619,29580.1600
1623374877459000,1,0.56829638,29579.3900
1623374877471000,1,1.11726442,29579.3900
1623374877471000,1,0.22078295,29579.3900
1623374877474000,1,0.86062687,29579.3900
1623374877477000,1,0.26722938,29579.3900
1623374877572000,1,0.05167968,29571.3500
1623374877573000,1,0.03271249,29571.3500
1623374877573000,1,0.01896719,29571.3500
1623374877577000,1,0.01479378,29571.3500
1623374877577000,1,0.03688590,29567.3000
1623374877790000,1,0.00200000,29572.7700
1623374878476000,1,0.00069125,29562.2400
1623374878856000,1,0.01687986,29550.0000
1623374878856000,1,0.00092265,29546.9100
1623374878856000,1,0.00214015,29546.2100
1623374878856000,1,0.99975734,29543.9300
1623374879325000,1,2.03444266,29543.9300
1623374880257000,0,0.03385997,29558.3000
1623374880257000,0,0.01758020,29560.6800
1623374880821000,1,0.06221146,29550.3300
1623374881385000,0,0.00167509,29562.2500
1623374881591000,0,0.16903609,29560.7800
1623374881748000,0,0.18955633,29560.7800
1623374881808000,0,0.19076559,29560.7800
1623374887771000,1,0.00092812,29563.7900
1623374892484000,0,0.08958000,29619.7500
1623374892763000,0,0.03377831,29622.4100
1623374892763000,0,0.03380169,29622.4100
1623374893300000,0,0.10000000,29627.0000
1623374899756000,0,0.03376000,29630.2300
1623374899918000,0,0.00200000,29630.7700
1623374900202000,0,0.15029684,29630.7700
1623374901181000,0,0.02004000,29639.9900
1623374927012000,0,0.10879000,29633.6500
1623374927114000,0,0.09909000,29633.6500
1623374927196000,0,0.00000005,29633.6500
1623374928176000,1,0.05064609,29623.1500
1623374932845000,1,0.19401189,29619.6800
1623374933155000,1,0.00395943,29619.6800
1623374933897000,1,0.16143645,29622.2300
1623374934057000,1,0.00329462,29622.2300
1623374935523000,0,0.10091000,29631.3400
1623374936928000,1,0.16240384,29632.9900
1623374941598000,0,0.20785228,29636.8700
1623374941598000,0,0.27715622,29637.0000
1623374941598000,0,0.34644528,29640.1600
1623374945592000,0,0.01320590,29664.4300
1623374950011000,1,0.00923631,29663.5900
1623374953823000,0,0.00257025,29682.6100
1623374958126000,1,0.05620434,29660.5300
1623374996228000,1,0.01228321,29629.5300
1623375000251000,1,0.00522976,29625.9400
1623375006604000,1,0.03000000,29652.6700
1623375009226000,0,0.01564600,29693.7300
1623375015286000,0,0.00172000,29706.5800
1623375017425000,1,0.16753540,29671.8000
1623375086109000,1,0.27640339,29698.5200
1623375092596000,0,0.00158855,29706.6500
1623375101186000,0,0.00098000,29713.3700
1623375107955000,1,0.33810000,29696.5600
1623375107989000,1,0.05179865,29696.5600
1623375108769000,0,0.03175000,29699.3800
1623375113130000,0,0.05000000,29704.4800
1623375117140000,0,0.00163000,29708.5000
1623375120258000,1,0.10047841,29701.0000
1623375127303000,0,0.00657114,29726.5000
1623375146082000,0,0.96600000,29736.6500
1623375146082000,0,1.93200000,29736.6500
1623375152214000,0,0.00309000,29741.5200
1623375163581000,0,0.15000000,29745.4000
1623375166391000,0,0.20710124,29748.9300
1623375166391000,0,0.27613221,29750.7300
1623375166391000,0,0.36303942,29753.1000
1623375168758000,1,0.00090038,29738.3700
1623375187783000,0,0.00272778,29753.5700
1623375194376000,0,0.00322000,29751.9900
1623375214530000,1,0.05003738,29747.4000
1623375214547000,1,0.05003738,29747.4000
1623375227939000,1,0.00124614,29747.4000
1623375240262000,1,0.00450762,29761.3700
1623375260048000,1,0.00199796,29730.3000
1623375260399000,1,0.28175000,29730.3400
1623375262494000,1,0.04764611,29713.7700
1623375276476000,1,0.04655704,29709.1000
1623375276575000,0,0.06248237,29712.6900
1623375278243000,1,0.04457978,29711.5900
1623375278351000,0,0.06195233,29711.6600
1623375281996000,0,0.00222059,29711.6600
1623375282117000,1,0.04976324,29708.6100
1623375282266000,1,0.00101558,29708.6100
1623375285384000,1,0.04716642,29707.4300
1623375285397000,1,0.00096258,29707.4300
1623375295920000,1,0.01000000,29701.5400
1623375304602000,0,0.04624315,29735.7400
1623375308047000,0,0.00521910,29736.2800
1623375311098000,1,0.20716159,29726.3900
1623375311098000,1,0.02709986,29726.1100
1623375312057000,1,0.20716159,29726.3900
1623375312057000,1,0.00054200,29726.1100
1623375321961000,1,0.20705962,29739.4400
1623375322082000,1,0.34507423,29736.5200
1623375347231000,1,0.09170000,29738.5900
1623375347231000,1,0.11120317,29738.5800
1623375348057000,1,0.09584088,29738.5800
1623375360284000,0,0.07080982,29745.1600
1623375366181000,0,0.20701575,29756.3900
1623375366181000,0,0.20710679,29757.9600
1623375384007000,0,0.00805000,29765.0100
1623375384148000,1,0.20691039,29757.2500
1623375384148000,1,0.26621773,29756.8600
1623375384171000,1,0.00965568,29756.8600
1623375394290000,0,0.02379564,29770.2100
1623375399575000,1,0.00096562,29756.3700
1623375400395000,1,0.00096562,29749.9400
1623375400671000,1,0.00095625,29743.6200
1623375401018000,1,0.00092812,29737.5000
1623375401988000,0,0.00199647,29736.9100
1623375406365000,1,2.30900000,29717.1300
1623375426433000,1,0.20306829,29715.7600
1623375427198000,0,0.00787110,29725.2900
1623375437476000,0,0.55000000,29758.0400
1623375441632000,1,0.17465339,29750.3200
1623375441643000,1,0.00356436,29750.3200
1623375450771000,1,0.19480014,29762.4000
1623375450790000,1,0.00397551,29762.4000
1623375480126000,0,0.00514000,29787.8900
1623375480308000,1,0.00979720,29771.4200
1623375520051000,1,0.06000000,29766.1600
1623375525979000,0,0.00136476,29784.8600
1623375533672000,0,0.20680837,29784.1700
1623375533672000,0,0.46695272,29785.6900
1623375535917000,1,0.04620311,29775.1200
1623375547485000,0,0.00098000,29785.3800
1623375548662000,0,0.10167169,29785.3800
1623375548879000,0,0.01026895,29785.3800
1623375561325000,0,0.00098000,29792.9700
1623375597389000,0,0.03299656,29768.6800
1623375622120000,0,0.00244270,29763.4900
1623375663054000,0,0.15000000,29764.4300
1623375663125000,0,0.05693180,29764.4300
1623375688913000,0,0.10061470,29785.8500
1623375688934000,0,0.20679660,29787.5500
1623375719820000,1,0.00301404,29780.2300
1623375758566000,1,0.09493919,29807.9300
1623375796604000,1,0.06780000,29780.3100
1623375796604000,1,0.20123109,29780.3000
1623375819910000,0,0.11000000,29788.9300
1623375866521000,0,0.30000000,29764.0300
1623375866603000,0,0.40000000,29764.0300
1623375866683000,0,0.26500000,29764.0300
1623375866999000,0,1.93000000,29764.8500
1623375880124000,1,0.00663200,29785.5100
1623375896774000,0,0.00109000,29795.9000
1623375900896000,0,0.63000000,29802.0800
1623375900896000,0,0.54200000,29802.0900
1623375900896000,0,0.27556139,29805.5100
1623375900896000,0,0.55243861,29807.2900
1623375908675000,0,0.01156340,29798.5400
1623375909918000,0,0.00162000,29798.5400
1623375923845000,0,0.00804000,29805.5800
1623375950507000,0,0.69693581,29834.6900
1623375951450000,0,0.00069059,29837.1700
1623375953413000,1,0.00093750,29838.2100
1623375954070000,1,0.01134840,29826.4500
1623375964048000,1,0.00099795,29821.8700
1623375985486000,0,0.00906119,29869.4100
1623376022515000,1,0.05299118,29816.7200
1623376080280000,0,0.00068963,29878.5100
1623376080280000,0,0.01307429,29881.0000
1623376090948000,0,0.99923530,29900.3800
1623376090968000,0,0.99930213,29900.3800
1623376090988000,0,0.99936197,29900.3800
1623376091006000,0,0.00210060,29900.3800
1623376091006000,0,0.37153082,29900.9900
1623376092355000,0,0.00068868,29919.8500
1623376092355000,0,0.08359359,29922.9800
1623376092355000,0,0.02728052,29922.9800
1623376092665000,1,0.02326212,29908.2200
1623376095815000,1,0.00122433,29900.3800
1623376097245000,1,0.00111467,29900.3800
1623376137522000,0,0.00180000,29893.9500
1623376137821000,1,0.20605705,29875.8100
1623376137821000,1,0.13734295,29873.1000
1623376144570000,1,1.19700000,29846.0200
1623376146541000,1,0.20460000,29846.0100
1623376146614000,1,0.30000000,29846.0100
1623376146682000,1,0.15000000,29846.0100
1623376146900000,1,0.15000000,29846.0100
1623376146974000,1,0.30000000,29846.0100
1623376147050000,1,0.45000000,29846.0100
1623376147304000,1,0.10000000,29846.0100
1623376147386000,1,0.25000000,29846.0100
1623376147544000,1,0.15000000,29846.0100
1623376147610000,1,0.33940000,29846.0100
1623376160448000,1,0.00223000,29825.0600
1623376160774000,0,0.10000000,29844.2100
1623376160811000,0,0.10636040,29844.2100
1623376160811000,0,0.09968136,29844.2200
1623376160823000,0,0.17545890,29844.2200
1623376187037000,1,0.00900000,29854.7700
1623376187364000,1,0.19717242,29854.7700
1623376187364000,1,0.34360022,29852.3100
1623376187364000,1,0.63000000,29852.1500
1623376187364000,1,0.05167968,29851.1600
1623376187364000,1,0.24497550,29850.6600
1623376187410000,1,0.02994751,29850.6600
1623376257740000,0,0.00988079,29807.2700
1623376261335000,0,0.01287000,29803.1800
1623376272233000,0,0.00093000,29739.1400
1623376288967000,0,0.01000000,29749.4400
1623376319335000,0,0.01026010,29776.3000
1623376351851000,0,0.01000000,29782.7900
1623376377589000,0,0.00797000,29802.9800
1623376391034000,0,0.00488800,29801.1000
1623376396505000,1,0.20258752,29776.6000
1623376396556000,1,0.00413444,29776.6000
1623376400937000,1,0.00100500,29766.0300
1623376431831000,1,0.00117482,29791.8000
1623376438876000,1,0.20542860,29791.8000
1623376438876000,1,0.26581916,29791.7900
1623376461931000,1,0.08200000,29818.1700
1623376467833000,1,0.20641993,29820.0100
1623376467833000,1,0.08549458,29818.7600
1623376468160000,1,0.18973200,29818.7600
1623376469438000,0,0.00274857,29842.9300
1623376475192000,1,0.20640486,29819.8700
1623376475192000,1,0.26559395,29818.7600
1623376478656000,1,0.00333976,29825.3200
1623376481118000,0,0.04375000,29841.0300
1623376484286000,1,0.26958397,29831.8200
1623376512716000,0,0.02970910,29847.4800
1623376530085000,1,0.00245292,29816.3600
1623376530095000,1,0.00005006,29816.3600
1623376547515000,0,0.01578000,29844.6500
1623376560279000,0,0.00095625,29837.2100
1623376560279000,0,0.00070426,29840.9500
1623376562293000,1,0.00068850,29813.9300
1623376564984000,1,0.20641162,29813.6500
1623376564984000,1,0.33296852,29813.0100
1623376566928000,0,0.00380990,29829.2700
1623376574717000,0,0.00133597,29823.4900
1623376587814000,0,0.35532000,29827.9300
1623376587949000,0,0.40000000,29827.9300
1623376588019000,0,0.15000000,29827.9300
1623376588100000,0,0.25000000,29827.9300
1623376588170000,0,0.27268000,29827.9300
1623376594828000,0,0.00284432,29842.2500
1623376621949000,1,0.27536505,29795.7700
1623376621949000,1,0.27536743,29795.6700
1623376621978000,1,0.34422152,29790.1800
1623376632207000,0,0.01000000,29777.6300
1623376643610000,0,0.00381692,29792.8600
1623376672881000,1,0.00682081,29776.6300
1623376683303000,1,0.03000000,29777.1000
1623376686371000,0,0.00443518,29791.1300
1623376732531000,0,0.00166501,29804.6800
1623376737503000,0,0.00499693,29807.5000
1623376738098000,0,0.20159000,29807.5000
1623376775169000,0,0.05100090,29835.5500
1623376800294000,0,0.00412116,29811.6400
1623376812008000,1,0.05208515,29807.0900
1623376812129000,1,0.00000001,29807.0900
1623376812129000,1,0.05761101,29804.0700
1623376822294000,0,0.00586087,29775.5200
1623376838416000,0,0.00086655,29765.7900
1623376848540000,1,0.00056500,29755.1100
1623376849611000,0,0.00333453,29770.6900
1623376849923000,1,0.00102000,29750.7400
1623376850128000,1,0.00061900,29750.8600
1623376850311000,1,0.00261500,29750.8600
1623376852066000,1,0.00072700,29750.4000
1623376854028000,0,0.00381638,29768.4700
1623376878734000,0,0.00096562,29751.9300
1623376878734000,0,0.00025030,29752.4400
1623376922808000,0,0.05922000,29726.3100
1623376923176000,0,0.00000319,29726.3100
1623376923724000,0,0.07067000,29734.4600
1623376935309000,1,0.00131500,29706.9700
1623376935309000,1,0.00410367,29705.4100
1623376945691000,1,0.01469683,29706.5800
1623376949782000,0,0.00372882,29721.2300
1623376960210000,0,0.00107830,29746.1500
1623376971780000,0,0.00269882,29736.0500
1623376991114000,1,0.10576053,29728.3800
1623376991116000,1,0.10127301,29728.3800
1623376991116000,1,0.00222017,29727.4600
1623376998758000,0,0.00256664,29739.8900
1623377036703000,1,0.01393249,29705.5200
1623377040255000,0,0.00249612,29722.3200
1623377043691000,1,0.03176566,29703.3100
1623377043691000,1,0.07713984,29701.8000
1623377043699000,1,0.09408521,29701.8000
1623377046532000,1,0.00407800,29691.7700
1623377074560000,1,0.03366000,29688.9900
1623377079978000,0,0.00095625,29676.2700
1623377079978000,0,0.01904375,29683.7500
1623377082024000,0,0.00222227,29675.0100
1623377082137000,0,0.00243379,29675.0100
1623377084533000,0,0.01000000,29683.9800
1623377097303000,0,0.01000000,29679.2500
1623377111158000,0,0.20758000,29667.3300
1623377111337000,0,0.21927936,29675.4100
1623377112835000,1,0.00178724,29670.4600
1623377116151000,0,0.00584880,29703.8500
1623377120262000,0,0.01047691,29711.8900
1623377188840000,0,0.04553000,29686.0900
1623377190296000,0,0.00000125,29686.0900
1623377190296000,0,0.00162875,29692.3900
1623377207806000,0,0.01319300,29692.3900
1623377208967000,0,0.00098000,29692.3900
1623377219096000,0,0.05275342,29706.6600
1623377224756000,1,0.00200000,29686.3100
1623377226150000,1,0.00000092,29686.3100
1623377263958000,1,0.20752974,29661.6500
1623377285518000,1,0.06315000,29661.3400
1623377288265000,1,0.00314000,29655.4500
1623377288401000,1,0.20760827,29651.2400
1623377288401000,1,0.27681102,29649.6600
1623377288401000,1,0.23439830,29649.1900
1623377294291000,1,0.00067555,29644.1600
1623377313735000,0,0.00370242,29685.0400
1623377315356000,1,0.20532000,29664.4300
1623377315429000,1,0.29468000,29664.4300
1623377318239000,0,0.00798000,29674.5400
1623377334385000,0,0.00100335,29691.3000
1623377339807000,0,0.00098000,29695.6700
1623377361681000,0,0.00367454,29742.8700
1623377365936000,0,0.00451000,29737.2300
1623377389000000,0,0.10017065,29730.4800
1623377392670000,0,0.00100164,29730.4800
1623377402503000,0,0.20712000,29736.9000
1623377402511000,0,0.00000595,29736.9000
1623377402564000,0,0.27616510,29738.7100
1623377415437000,0,0.01512490,29771.9800
1623377419516000,0,0.00117308,29780.4300
1623377422546000,1,0.08729716,29762.1700
1623377422550000,1,0.11955093,29762.1700
1623377424701000,0,0.00083967,29763.5100
1623377426716000,0,0.00100060,29765.8300
1623377433375000,0,0.02634976,29767.8600
1623377435927000,1,0.20692943,29747.9300
1623377436002000,1,0.27593666,29743.2000
1623377444978000,0,0.04611981,29716.4600
1623377445481000,0,0.00242800,29721.7400
1623377451638000,1,0.00102200,29700.6100
1623377451930000,1,0.00093750,29705.7700
1623377451930000,1,0.00028150,29700.6200
1623377467265000,1,0.41244000,29698.7800
1623377467348000,1,0.08756000,29698.7800
1623377468848000,1,1.01244000,29694.2100
1623377468933000,1,0.20402053,29694.2100
1623377468942000,1,0.79406468,29694.2100
1623377468968000,1,0.11183998,29694.2100
1623377468970000,1,0.25573168,29694.2100
1623377469081000,1,0.08690313,29694.2100
1623377475374000,1,0.03367000,29679.3200
1623377476689000,1,0.03367638,29664.5300
1623377476689000,1,0.08418362,29664.5300
1623377480024000,0,0.00110000,29677.9200
1623377492940000,1,0.00001379,29644.1600
1623377522317000,1,0.17592402,29616.4100
1623377524116000,1,0.04853535,29615.5000
1623377530876000,1,0.00069029,29603.2000
1623377537246000,0,0.00176128,29612.1500
1623377537566000,1,0.20798554,29591.1500
1623377546050000,1,0.00325349,29582.6100
1623377559962000,1,0.01910000,29580.9700
1623377561342000,0,0.00810000,29601.6500
1623377561992000,0,0.00200655,29587.1500
1623377577439000,0,0.15000000,29628.6700
1623377597826000,1,0.09000000,29648.5600
1623377613459000,0,0.00273674,29629.9400
1623377621052000,1,0.03331000,29632.4100
1623377621097000,1,0.00000911,29632.4100
1623377627494000,0,0.00302461,29640.4200
1623377650013000,0,0.00297526,29657.7600
1623377657809000,0,0.00656595,29675.8100
1623377658338000,0,0.20100000,29675.8100
1623377660409000,1,0.00683000,29669.0400
1623377671988000,0,0.00108306,29681.5300
1623377682019000,0,0.00200207,29668.0700
1623377713484000,0,0.00840311,29692.9100
1623377745640000,1,0.01100000,29655.5000
1623377751443000,1,0.04391346,29626.7000
1623377751652000,1,0.00089619,29626.7000
1623377772432000,1,0.06294000,29589.0900
1623377772475000,1,0.00000952,29589.0900
1623377772550000,0,0.03962458,29600.6800
1623377772614000,1,0.05816291,29590.0200
1623377782470000,1,0.00827000,29566.6800
1623377782513000,1,0.00000282,29566.6800
1623377782951000,0,0.00093750,29566.5000
1623377783143000,1,0.00733532,29566.6800
1623377783143000,1,0.00069125,29562.2400
1623377783143000,1,0.06730837,29560.3700
1623377783158000,1,0.00733533,29560.3700
1623377797858000,1,0.15000000,29579.2600
1623377802000000,0,0.00200766,29579.7800
1623377805364000,0,0.05635910,29579.7800
1623377841564000,1,0.15000000,29543.9300
1623377841585000,1,0.42033890,29543.9300
1623377841637000,1,0.15000000,29543.9300
1623377841661000,1,0.99861084,29543.9300
1623377842933000,1,1.28894525,29543.9300
1623377858838000,0,0.00751406,29584.5500
1623377862820000,0,0.00107292,29584.6100
1623377880083000,0,0.20821000,29584.9300
1623377880479000,0,0.00000038,29584.9300
1623377881373000,1,0.00182074,29577.1100
1623377891244000,1,0.00088846,29591.8800
1623377905361000,1,0.00340593,29614.6100
1623377917384000,1,0.00340491,29602.3800
1623377936596000,0,0.00098000,29623.7400
1623377941378000,1,0.00340083,29590.9100
1623377943663000,0,0.19474000,29618.4000
1623377961654000,1,0.03395200,29608.2500
1623377974533000,0,0.20787000,29634.0800
1623378000251000,0,0.00090468,29620.6900
1623378007081000,0,0.19213000,29621.8400
1623378020850000,0,0.00244515,29619.6900
1623378037920000,0,0.00109683,29644.0200
1623378051887000,1,0.03201000,29628.7600
1623378053673000,1,0.00000710,29628.7600
1623378060963000,0,0.02013405,29629.7800
1623378068798000,0,0.15000000,29629.0100
1623378071106000,0,0.01003365,29635.9700
1623378079945000,0,0.19781000,29635.9700
1623378080111000,0,0.00000284,29635.9700
1623378090283000,0,0.15000000,29646.5100
1623378090369000,0,0.05778000,29646.5100
1623378102921000,0,0.20772000,29656.6900
1623378102998000,0,0.00000214,29656.6900
1623378102998000,0,0.34623786,29659.8200
1623378116771000,0,0.00000833,29659.8200
1623378116771000,0,0.00094687,29673.6700
1623378116771000,0,0.00003935,29676.2700
1623378131196000,0,0.00195000,29698.5600
1623378202919000,0,0.00507165,29717.1100
1623378203993000,0,0.01697000,29717.1200
1623378208918000,0,0.25946839,29717.1200
1623378208928000,0,0.27643868,29717.1300
1623378208933000,0,0.20732694,29717.1400
1623378208933000,0,0.20739247,29719.8000
1623378214700000,0,0.11688142,29729.7800
1623378214725000,0,0.09037760,29729.7800
1623378223404000,1,0.00155000,29712.2600
1623378223579000,1,0.00109800,29712.2600
1623378223889000,1,0.00139200,29712.2600
1623378224270000,1,0.00141500,29712.2600
1623378228459000,1,0.00184300,29684.2400
1623378229129000,1,0.00163800,29692.2300
1623378229514000,1,0.00118900,29685.7200
1623378230168000,1,0.03812400,29678.9800
1623378232531000,1,0.00077260,29686.8000
1623378242960000,1,0.05388017,29690.4200
1623378242960000,1,0.03018683,29690.2300
1623378247181000,0,0.04600000,29712.0200
1623378264477000,1,0.08350840,29690.3000
1623378264487000,1,0.08389103,29690.3000
1623378279549000,0,0.00099295,29690.2300
1623378286888000,0,0.00839104,29685.7300
1623378293068000,0,0.04780652,29681.7900
1623378293068000,0,0.00076348,29683.7700
1623378303305000,0,0.03657741,29681.6100
1623378304094000,1,0.15000000,29663.4500
1623378304094000,1,0.08360887,29663.4400
1623378306112000,0,0.04400000,29691.2900
1623378307994000,0,0.01504363,29691.2900
1623378316725000,0,0.00121818,29725.2700
1623378319255000,0,0.00670630,29734.5500
1623378323770000,1,0.08427000,29707.7400
1623378337125000,0,0.00900000,29731.4200
1623378363205000,0,0.20724000,29727.5400
1623378363224000,0,0.00000905,29727.5400
1623378363259000,0,0.13482338,29729.3600
1623378363260000,0,0.14151449,29729.3600
1623378363260000,0,0.09951146,29731.7700
1623378364810000,1,0.00093750,29729.9800
1623378364810000,1,0.00090937,29725.3000
1623378364810000,1,0.03110773,29723.9600
1623378401553000,1,0.02683548,29687.1900
1623378419459000,1,0.00120400,29687.6700
1623378419747000,1,0.00438700,29687.6700
1623378420913000,1,0.00150800,29687.6700
1623378422860000,1,0.00136600,29687.6700
1623378424643000,0,0.00300953,29705.6700
1623378426921000,1,0.13496583,29685.5000
1623378426924000,1,0.11869431,29685.5000
1623378426973000,1,0.04633986,29685.5000
1623378436267000,0,0.02567570,29691.2600
1623378444595000,1,0.00260500,29665.4600
1623378445090000,0,0.00169010,29683.1400
1623378449035000,0,0.00243279,29678.1200
1623378453914000,1,0.20755741,29668.8000
1623378458049000,0,0.00163000,29686.0400
1623378461393000,0,0.00646000,29686.8100
1623378470764000,0,0.00098000,29677.0500
1623378471562000,0,0.00338368,29671.9900
1623378476513000,1,0.00405028,29658.6900
1623378485095000,1,0.04479400,29658.6900
1623378571432000,0,0.00150525,29700.1300
1623378577659000,0,0.02515247,29701.1500
1623378587987000,0,0.01852476,29689.5900
1623378596083000,1,0.01584000,29671.1200
1623378600228000,0,0.00482624,29673.9600
1623378611428000,1,0.20760883,29662.1100
1623378717066000,0,0.12660821,29742.3900
1623378717067000,0,0.08058068,29742.3900
1623378717067000,0,0.05555899,29743.0100
1623378772629000,0,0.00783153,29743.9700
1623378788246000,0,0.00698751,29749.3500
1623378798656000,0,0.00117000,29786.0700
1623378799634000,0,0.01224906,29784.1600
1623378805813000,1,0.00080264,29756.8300
1623378805980000,0,0.96500000,29762.3200
1623378813386000,0,0.00109000,29787.1800
1623378823006000,0,0.00524125,29788.5700
1623378839453000,0,0.15000000,29793.1300
1623378871621000,0,0.00371073,29796.6600
1623378886921000,1,0.00773129,29756.8900
1623378902806000,1,0.04008940,29758.6900
1623378936293000,0,0.00996000,29777.6900
1623378949058000,0,0.00999959,29765.6900
1623378986642000,1,0.00229500,29732.3600
1623378992801000,1,0.20712644,29730.0600
1623378992801000,1,0.13112199,29728.9200
1623378993674000,1,0.20974888,29728.9200
1623379019062000,1,0.20713665,29726.6800
1623379019103000,1,0.12820066,29725.0100
1623379019315000,1,0.20713665,29726.6800
1623379019315000,1,0.17623344,29725.0100
1623379032849000,0,0.00311000,29750.0800
1623379067203000,0,0.00299000,29751.6500
1623379080251000,0,0.01731526,29733.5800
1623379087132000,0,0.00322000,29750.0100
1623379105597000,1,0.20294432,29736.2000
1623379111748000,0,0.05241251,29742.4100
1623379126056000,1,0.00304675,29719.9500
1623379129401000,0,0.00256928,29733.3000
1623379137174000,0,0.00360946,29731.7900
1623379140599000,0,0.01314978,29731.7900
1623379148313000,0,0.00912874,29747.1300
1623379166087000,1,0.20710601,29730.8100
1623379200435000,0,0.96600000,29725.9700
1623379200435000,0,0.04394075,29728.4300
1623379200435000,0,0.00091875,29730.2600
1623379200435000,0,0.03183535,29730.9500
1623379200435000,0,0.95730515,29733.4800
1623379218667000,1,0.20718543,29727.0300
1623379218667000,1,0.26655987,29726.8600
1623379225594000,1,0.27076372,29720.8600
1623379226667000,1,0.34536188,29717.6900
1623379226803000,1,0.20723000,29717.2600
1623379227092000,1,0.00000171,29717.2600
1623379247744000,0,0.00184526,29701.2600
1623379255724000,1,0.63000000,29681.2500
1623379256319000,1,0.05382694,29684.8900
1623379257540000,1,0.00310658,29679.9000
1623379280432000,0,0.00691000,29668.4300
1623379291381000,0,0.32591660,29705.9200
1623379291388000,0,0.12338449,29705.9200
1623379291394000,0,0.99891628,29705.9200
1623379291397000,0,0.08725534,29705.9200
1623379291398000,0,0.39852729,29705.9200
1623379291398000,0,0.95147271,29705.9200
1623379291399000,0,0.01552729,29705.9200
1623379306372000,0,0.01781565,29729.3300
1623379380031000,0,0.00645000,29732.2400
1623379386523000,0,0.00326000,29740.8200
1623379386555000,0,0.00805000,29740.8200
1623379388737000,0,0.02000000,29744.1700
1623379390723000,0,0.00098000,29748.6600
1623379393253000,0,0.00106000,29748.6600
1623379395995000,1,0.53258594,29744.1900
1623379398118000,0,0.00257948,29749.3900
1623379398185000,1,0.01065172,29744.1900
1623379408043000,0,0.00282089,29746.7600
1623379408962000,0,0.00131837,29746.7600
1623379420186000,1,0.00021738,29744.1900
1623379423264000,1,0.00091875,29720.8300
1623379423264000,1,0.05508125,29720.5200
1623379432289000,0,0.05780390,29737.2700
1623379446218000,0,0.00462147,29744.0500
1623379456583000,0,0.55000000,29756.1200
1623379456659000,0,0.76958000,29756.1200
1623379468754000,1,0.34492621,29742.0800
1623379468754000,1,0.00311259,29742.0700
1623379468754000,1,0.18383051,29742.0700
1623379472862000,0,0.00093750,29742.0500
1623379472862000,0,0.00840250,29747.8600
1623379486257000,0,0.00099631,29747.8500
1623379486257000,0,0.02279434,29756.1200
1623379489533000,0,0.32616560,29756.1200
1623379489582000,0,0.23070044,29756.1200
1623379489868000,0,0.03175000,29756.1200
1623379556523000,0,0.00000962,29756.1200
1623379556523000,0,0.03298895,29762.3900
1623379557419000,0,0.00154800,29762.3900
1623379559151000,1,0.01571920,29745.4300
1623379560259000,0,0.01045949,29762.3900
1623379569545000,0,0.00099630,29779.6200
1623379569545000,0,0.00008249,29786.2400
1623379644276000,1,0.20662000,29794.0200
1623379644484000,1,0.00000756,29794.0200
1623379657423000,1,0.00054000,29767.9800
1623379669970000,1,0.20676409,29772.0000
1623379669970000,1,0.07251491,29769.6400
1623379670071000,1,0.00069021,29769.6400
1623379680209000,0,0.11249088,29790.5400
1623379736155000,1,0.20347551,29782.0500
1623379770248000,0,0.00302201,29777.5200
1623379812767000,0,0.00334832,29782.2000
1623379851888000,0,0.00165890,29764.9300
1623379855654000,0,0.00996000,29771.6000
1623379875126000,0,0.00516799,29768.1000
1623379880891000,0,0.00326029,29782.3800
1623379920252000,0,0.02078845,29794.3100
1623379923518000,1,0.14990238,29781.2500
1623379923662000,1,0.18258002,29777.8000
1623379923662000,1,0.09307464,29777.8000
1623379964859000,0,0.02829879,29783.5200
1623379980525000,0,0.08977200,29774.8600
1623379980525000,0,0.05371996,29776.9300
1623379980525000,0,0.13329111,29776.9300
1623379980533000,0,0.72370893,29776.9300
1623379984109000,1,0.00095625,29811.0200
1623379984303000,1,0.08382904,29806.4900
1623379984303000,1,0.00095625,29806.4800
1623379984669000,1,0.00094687,29800.0300
1623379987427000,0,0.00515000,29800.2600
1623380011948000,0,0.00133189,29818.1900
1623380040974000,1,0.05930600,29814.9500
1623380046531000,0,0.03442000,29835.3800
1623380048504000,0,0.00665492,29834.1100
1623380091742000,0,0.00471731,29835.5200
1623380110694000,0,0.00069059,29837.1700
1623380113635000,0,0.03180000,29854.6200
1623380131623000,1,0.20649000,29809.9200
1623380141008000,1,0.08596854,29812.8000
1623380141025000,1,0.08596409,29812.8000
1623380141416000,0,0.02228671,29828.1900
1623380146655000,1,0.00000983,29809.9200
1623380146655000,1,0.20240391,29809.3800
1623380159951000,1,0.00413089,29809.3800
1623380159951000,1,0.34415893,29808.8400
1623380185168000,1,0.20647000,29816.1500
1623380185586000,1,0.00000786,29816.1500
1623380185586000,1,0.00439214,29812.3400
1623380221641000,1,0.01318100,29803.6800
1623380221885000,1,0.00118100,29803.6800
1623380222064000,1,0.00157200,29803.6800
1623380222241000,1,0.00097700,29803.6800
1623380222410000,1,0.00099300,29803.6800
1623380222589000,1,0.02754100,29807.4400
1623380222759000,1,0.00196200,29807.4400
1623380223444000,1,0.17702441,29807.4400
1623380243606000,1,0.20657922,29796.9600
1623380253109000,1,0.00214758,29794.3800
1623380253206000,1,0.01430785,29794.3800
1623380253303000,1,0.01445093,29794.3800
1623380253835000,0,0.27542499,29815.2400
1623380262906000,0,0.00512214,29827.4000
1623380285994000,0,0.00097000,29860.3300
1623380287460000,0,0.00993000,29850.9800
1623380333987000,0,0.00381311,29849.9000
1623380343786000,0,0.04181000,29844.6700
1623380345621000,0,0.03023402,29861.6400
1623380354077000,0,0.00073215,29861.6300
1623380384475000,0,0.00830942,29848.8100
1623380393626000,0,0.00449594,29847.4500
1623380395487000,0,0.20633853,29846.9800
1623380395487000,0,0.70182970,29847.0500
1623380405065000,0,0.00182854,29866.5200
1623380405801000,0,0.20310587,29865.5800
1623380407193000,1,0.15000000,29858.9600
1623380407193000,1,0.03175641,29858.9500
1623380407233000,1,0.63000000,29858.9500
1623380407835000,0,0.03347572,29852.8700
1623380408146000,1,0.00090900,29852.8600
1623380408218000,1,0.00000037,29852.8600
1623380408650000,1,0.00096562,29844.2000
1623380410558000,1,0.00250000,29827.4000
1623380410760000,0,0.00260620,29834.0400
1623380411055000,0,0.00090000,29834.0500
1623380411063000,0,0.00092812,29840.3200
1623380411063000,0,0.63000000,29840.6700
1623380411074000,0,0.20640026,29833.4700
1623380411084000,0,0.27520391,29834.7800
1623380411084000,0,0.27520109,29835.0500
1623380411084000,0,0.00061137,29842.4100
1623380411125000,0,0.85428863,29842.4100
1623380411125000,0,0.41277474,29845.9500
1623380411125000,0,0.00095625,29846.4200
1623380411125000,0,0.07800000,29852.8600
1623380411125000,0,0.00091875,29852.8700
1623380411125000,0,0.99126131,29852.8700
1623380411160000,0,0.06351282,29852.8700
1623380411174000,0,0.05167968,29852.8600
1623380411188000,0,0.30028792,29852.8600
1623380411301000,0,0.03351611,29852.8600
1623380411301000,0,0.06420789,29852.8700
1623380411366000,0,0.28101798,29852.8700
1623380411366000,0,0.26926108,29859.0000
1623380411378000,0,0.12189363,29859.0000
1623380411422000,0,0.12820029,29859.0000
1623380411432000,0,0.03092406,29859.0000
1623380411583000,0,0.01900000,29867.1200
1623380411869000,0,0.06351282,29871.1000
1623380411920000,0,0.03718718,29871.1000
1623380411920000,0,0.03351611,29871.1200
1623380411920000,0,0.08379027,29871.1200
1623380412055000,0,0.01212058,29871.0900
1623380412561000,0,0.00068963,29878.5100
1623380412561000,0,0.43500000,29884.9100
1623380413180000,0,0.00840000,29900.3800
1623380413301000,0,0.06150000,29900.3800
1623380413408000,0,2.52000000,29900.3800
1623380413509000,0,0.04372485,29893.7100
1623380413509000,0,0.38379499,29900.3800
1623380413914000,0,0.00068868,29919.8500
1623380413914000,0,0.01200000,29936.2500
1623380413914000,0,2.50731132,29936.2600
1623380414400000,0,0.49268868,29936.2600
1623380414400000,0,0.00068820,29940.5200
1623380414400000,0,0.00068773,29961.1900
1623380414400000,0,0.09772400,29969.8300
1623380414400000,0,0.26167976,29972.1900
1623380416229000,0,0.06141451,29962.5100
1623380416229000,0,0.94428549,29972.1900
1623380416239000,0,1.10260000,29972.1900
1623380416604000,0,0.04129238,29971.9400
1623380416604000,0,0.02870762,29972.1900
1623380417029000,0,0.00093750,29972.1900
1623380417262000,0,0.08254718,29972.1900
1623380417276000,0,0.04096876,29972.1900
1623380417494000,0,0.02303286,29972.1900
1623380417571000,0,0.05488920,29972.1900
1623380417706000,0,0.46035163,29972.1900
1623380418022000,0,1.11770000,29988.5000
1623380418604000,0,0.00009662,29988.5000
1623380418604000,0,0.00611785,29988.5100
1623380418604000,0,0.00096562,29990.5700
1623380418719000,1,0.15407380,29988.5000
1623380418748000,0,0.00068678,30002.5300
1623380418748000,0,0.00090937,30004.0700
1623380418748000,0,0.00420508,30008.1500
1623380418869000,0,2.94860072,30008.1500
1623380419002000,0,0.04719420,30008.1500
1623380419079000,0,4.27870000,30015.0200
1623380419357000,0,1.85000000,30015.0200
1623380419488000,0,0.00367241,30015.0200
1623380420118000,1,0.06351282,30003.2700
1623380420679000,0,0.03175641,30005.1600
1623380420691000,0,0.00000001,30005.1600
1623380422642000,0,0.00090937,30009.7800
1623380422642000,0,0.00093750,30023.2900
1623380422784000,1,0.40000000,30009.7800
1623380422784000,1,0.15000000,30009.7800
1623380422784000,1,0.08000000,30009.7800
1623380423829000,0,0.63000000,30035.0800
1623380423829000,0,0.63000000,30036.5200
1623380423829000,0,0.00068584,30043.8700
1623380423829000,0,0.61022805,30044.1600
1623380424852000,0,0.06351282,30044.1600
1623380425900000,0,0.03175642,30044.1600
1623380426096000,0,2.29450271,30044.1600
1623380426333000,0,0.00560000,30085.2000
1623380426388000,0,0.00335000,30085.2000
1623380428582000,1,0.63000000,30076.3600
1623380429215000,0,0.00068489,30085.2100
1623380429215000,0,0.00609773,30087.4500
1623380429328000,0,0.03175000,30091.0000
1623380430525000,1,0.77105000,30087.4500
1623380430927000,1,0.00093750,30085.2700
1623380430927000,1,0.06257532,30077.3700
1623380431393000,1,0.09000000,30077.6800
1623380431473000,1,0.14196000,30077.6800
1623380431656000,1,0.39804000,30077.6800
1623380435258000,1,0.58408000,30077.2800
1623380435363000,1,0.04592000,30077.2800
1623380435719000,1,0.10408000,30072.1300
1623380435797000,1,0.63000000,30073.6300
1623380435797000,1,0.10056797,30072.1300
1623380435797000,1,0.27286695,30069.0900
1623380435797000,1,0.03323275,30068.4200
1623380439316000,0,0.01000000,30109.8000
1623380441114000,0,0.03000000,30124.8400
1623380441114000,0,0.00068395,30126.5600
1623380441114000,0,0.03175642,30127.2700
1623380441114000,0,0.00214015,30127.8700
1623380441114000,0,0.00224745,30128.1700
1623380441114000,0,0.00675657,30128.1700
1623380441114000,0,0.03000000,30134.3300
1623380441114000,0,0.00090937,30134.4800
1623380441114000,0,0.18250609,30136.6700
1623380444236000,0,0.03000000,30155.3000
1623380445123000,0,0.03175642,30160.6700
1623380445498000,0,0.00790702,30167.5000
1623380445626000,1,0.00090000,30153.8000
1623380445626000,1,0.25735000,30153.4600
1623380446016000,0,0.00242456,30167.8900
1623380446749000,0,0.00068302,30167.9000
1623380446749000,0,0.00174154,30178.0400
1623380447730000,1,0.00093750,30178.2800
1623380448532000,0,0.02421846,30172.9700
1623380448690000,0,0.02963682,30172.9700
1623380448869000,0,0.00090937,30172.9600
1623380448893000,0,0.00093750,30172.9600
1623380448912000,0,0.05193330,30172.9600
1623380449911000,0,0.00607000,30186.7000
1623380449981000,0,0.00000768,30186.7000
1623380451558000,0,0.01268572,30204.6700
1623380451969000,1,0.00092000,30187.1600
1623380453354000,1,0.03175641,30139.7900
1623380453354000,1,0.03312553,30139.5000
1623380453354000,1,0.08281381,30139.5000
1623380453354000,1,0.01502434,30130.1100
1623380457688000,1,0.20394000,30175.6200
1623380460229000,1,0.63000000,30161.1500
1623380460747000,0,0.00666769,30171.5200
1623380461633000,1,0.63000000,30132.3400
1623380462527000,1,0.03175641,30112.4100
1623380462527000,1,0.20437338,30101.9300
1623380462527000,1,0.06297166,30094.6600
1623380462532000,1,0.19940097,30094.6600
1623380463795000,0,0.00668041,30137.4800
1623380466107000,0,0.00790702,30111.5000
1623380481154000,0,0.00277000,30101.2600
1623380488689000,1,0.20462000,30072.4900
1623380488777000,1,0.00000636,30072.4900
1623380489782000,1,0.01605051,30064.5400
1623380491927000,0,0.00096000,30090.5400
1623380501083000,0,0.04953483,30137.5200
1623380504148000,0,0.11700000,30128.3600
1623380506882000,0,0.00085008,30127.5200
1623380509633000,1,0.24450000,30114.4600
1623380512701000,0,0.00510000,30124.0600
1623380518009000,1,0.08301345,30096.9700
1623380518009000,1,0.03319655,30096.9700
1623380528940000,0,0.11700000,30125.9000
1623380540477000,0,0.08044333,30135.5600
1623380543032000,1,0.03472848,30118.4900
1623380543032000,1,0.20433784,30117.3900
1623380543393000,1,0.20433000,30117.3900
1623380545271000,0,0.00108000,30132.4400
1623380546644000,1,0.20437000,30112.8800
1623380546894000,1,0.00000305,30112.8800
1623380548033000,0,0.01292008,30113.2000
1623380548203000,0,0.00910000,30111.8500
1623380560037000,1,0.20460712,30073.5200
1623380560037000,1,0.32861346,30073.0600
1623380573165000,0,0.22962959,30088.1700
1623380577118000,1,0.20466831,30064.5800
1623380579165000,1,0.00000001,30064.5800
1623380579165000,1,0.03322390,30063.5000
1623380588413000,0,0.00391642,30090.6200
1623380588515000,0,0.00143602,30090.6200
1623380588621000,0,0.00522190,30090.6200
1623380598149000,1,0.20449790,30090.2800
1623380598232000,1,0.00000001,30090.2800
1623380598358000,1,0.34082985,30085.1300
1623380613477000,1,0.20000000,30059.5400
1623380627634000,0,0.01000000,30069.1100
1623380630007000,0,0.20475727,30072.0500
1623380630018000,0,0.34124861,30077.5800
1623380630030000,0,0.34762241,30079.2800
1623380630030000,0,0.03065758,30079.3000
1623380630413000,0,0.03325153,30089.0600
1623380630413000,0,0.03674847,30090.0000
1623380630520000,0,0.01439554,30090.0000
1623380632138000,0,0.09088324,30121.3400
1623380633482000,1,0.20447711,30096.4400
1623380633482000,1,0.30652557,30096.4300
1623380633597000,1,0.03424974,30096.4300
1623380633875000,1,0.02387374,30090.0000
1623380634737000,1,0.00000001,30090.0000
1623380636393000,0,0.09000000,30096.4300
1623380636414000,0,0.08000000,30096.4300
