timestamp ms,type,amount,price
1623542432045000,0,0.98400000,29432.0100
1623542432343000,0,0.99801428,29433.4800
1623542432482000,0,0.39743408,29433.4800
1623542432505000,0,0.22015745,29433.4800
1623542432516000,0,0.35239419,29433.4800
1623542442064000,0,0.00997348,29488.2100
1623542450528000,1,0.00195631,29440.5300
1623542497543000,0,0.03373322,29457.2800
1623542518487000,1,0.08486429,29424.8100
1623542531733000,0,0.00111193,29403.7200
1623542536065000,1,0.36261619,29376.0300
1623542536065000,1,0.03542466,29371.2300
1623542537363000,0,0.00297000,29392.4000
1623542541875000,0,0.00819000,29386.3100
1623542551048000,1,0.03404093,29360.6500
1623542554655000,1,0.08504963,29350.0000
1623542554712000,1,0.22113181,29345.0600
1623542566087000,1,0.00069704,29316.4800
1623542566087000,1,0.01200000,29306.3200
1623542569882000,0,0.09778313,29327.8900
1623542588011000,0,0.02433146,29354.7300
1623542589148000,0,0.00111324,29362.7300
1623542592550000,1,0.09593608,29353.0400
1623542594478000,0,0.09748188,29353.6100
1623542607162000,0,0.00340200,29353.0500
1623542612404000,0,0.00264245,29352.2800
1623542636762000,1,0.03000000,29296.9500
1623542699535000,0,0.27300000,29338.1700
1623542716597000,0,0.03991450,29335.8300
1623542719618000,0,0.04009289,29331.0200
1623542744400000,0,0.00173250,29378.5100
1623542820278000,1,0.21120279,29373.5600
1623542831071000,1,0.01140000,29365.8200
1623542852616000,1,0.00628029,29378.9300
1623542857267000,0,0.04299955,29390.9600
1623542863951000,1,0.20488301,29378.9300
1623542864021000,1,0.28155209,29376.2600
1623542871151000,1,0.09245858,29364.5200
1623542880308000,1,0.00381210,29359.3200
1623542890466000,1,0.00084000,29345.6700
1623542907354000,0,0.00474841,29356.9300
1623542911884000,1,0.21150627,29325.6200
1623542911884000,1,0.14096578,29325.1500
1623542911905000,1,0.21150627,29325.1500
1623542918942000,0,0.01342557,29347.9900
1623542938951000,0,0.00766000,29359.4800
1623542961186000,0,0.00242268,29388.5700
1623542962078000,1,0.21117000,29373.6500
1623542968544000,1,0.21122000,29368.2400
1623542975321000,1,0.28170067,29357.6800
1623542995414000,1,0.15000000,29365.5800
1623542995414000,1,0.13164000,29365.5700
1623542996003000,1,0.15000000,29365.5700
1623542997998000,0,0.00354000,29381.0100
1623543000568000,1,0.00000671,29365.5700
1623543000568000,1,0.21126329,29362.0500
1623543005630000,1,0.35232000,29338.0800
1623543013216000,0,0.01530930,29354.8800
1623543014606000,0,0.00247757,29357.7800
1623543067963000,1,0.21117039,29373.1700
1623543067981000,1,0.35193976,29369.1800
1623543068143000,0,0.15390807,29371.3700
1623543068170000,1,0.05726232,29373.1700
1623543068170000,1,0.29466768,29369.1800
1623543071661000,1,0.00279800,29346.9700
1623543081431000,0,0.21129632,29372.6300
1623543084110000,1,0.10895000,29370.2400
1623543120292000,0,0.00191692,29369.0600
1623543145996000,0,0.00606228,29343.0100
1623543167830000,0,0.21146732,29350.3600
1623543182134000,0,0.00151456,29348.7600
1623543183201000,1,0.21143000,29336.3900
1623543183257000,1,0.00000774,29336.3900
1623543183257000,1,0.24784296,29334.6600
1623543183304000,1,0.03407488,29334.6600
1623543191185000,0,0.04471862,29342.8100
1623543208625000,0,0.00161182,29320.7600
1623543219102000,1,0.38378000,29314.7400
1623543258276000,1,0.00136700,29354.6800
1623543259814000,1,0.00132100,29348.5100
1623543263008000,1,0.02555570,29342.6900
1623543280686000,1,0.50000000,29324.4300
1623543302215000,0,0.00099000,29361.9400
1623543360311000,0,0.00429127,29385.6200
1623543374399000,0,0.00283000,29400.2200
1623543382121000,0,0.00326000,29407.6500
1623543393559000,1,0.00700000,29393.4700
1623543427586000,1,0.12349893,29379.0200
1623543427589000,1,0.15797806,29379.0200
1623543427590000,1,0.22696884,29377.8500
1623543427611000,1,0.12485589,29377.8500
1623543436009000,0,0.00656066,29381.0400
1623543473265000,0,0.00123927,29362.7300
1623543475475000,0,0.21137000,29362.7400
1623543475558000,0,0.00000045,29362.7400
1623543491330000,0,0.00137567,29384.7700
1623543505359000,0,0.01342856,29394.6700
1623543514573000,0,0.00349342,29380.9200
1623543543448000,0,0.00478240,29368.5900
1623543555647000,0,0.00190000,29369.1700
1623543589406000,0,0.01587391,29375.9900
1623543598855000,0,0.00113534,29366.5200
1623543617265000,1,0.11350354,29353.8600
1623543618007000,0,0.03500000,29347.3600
1623543621482000,0,0.00800588,29348.4300
1623543623203000,0,0.00090038,29346.2400
1623543628788000,0,0.00690000,29353.0400
1623543635979000,0,0.00177977,29363.1500
1623543661088000,0,0.07918000,29377.4000
1623543686767000,0,0.00262976,29376.7800
1623543694933000,0,0.05485052,29378.9900
1623543713623000,1,0.30000000,29354.5500
1623543714261000,1,0.35000000,29354.5500
1623543714349000,1,0.30000000,29354.5500
1623543714421000,1,0.45000000,29354.5500
1623543719094000,1,0.57200000,29354.5500
1623543729876000,0,0.05550000,29328.3000
1623543730064000,0,0.60450000,29328.3000
1623543753647000,0,0.00094727,29310.7300
1623543768732000,0,0.21180966,29305.8800
1623543768732000,0,0.07060322,29307.6000
1623543786895000,0,0.21180150,29305.9300
1623543786900000,0,0.28240409,29306.6600
1623543790003000,0,0.00165000,29313.6900
1623543805368000,1,0.00505464,29302.9800
1623543808931000,1,0.81612000,29296.9500
1623543809004000,1,0.60000000,29296.9500
1623543809090000,1,0.20000000,29296.9500
1623543809139000,1,0.99725380,29296.9500
1623543809154000,1,0.39082620,29296.9500
1623543823857000,0,0.00359405,29301.1100
1623543842524000,1,0.00200000,29290.0000
1623543844456000,1,0.00069802,29275.5200
1623543844965000,1,0.00216073,29264.7100
1623543844965000,1,0.01000000,29262.4000
1623543844965000,1,2.62783927,29261.8400
1623543845047000,1,0.09000000,29261.8400
1623543845389000,1,0.10772942,29261.8400
1623543845815000,1,0.20863000,29261.8400
1623543848958000,0,0.00217115,29295.5800
1623543866120000,1,0.00084561,29274.6400
1623543877978000,0,0.00585440,29293.1900
1623543890609000,0,0.36317030,29297.5500
1623543890610000,0,0.09312153,29297.5500
1623543890615000,0,0.24985024,29297.5500
1623543890621000,0,0.09147523,29297.5500
1623543890623000,0,0.18704636,29297.5500
1623543890624000,0,0.17202803,29297.5500
1623543890624000,0,0.16063000,29297.5500
1623543890714000,0,0.20000000,29297.5500
1623543890795000,0,0.45967831,29297.5500
1623543903161000,0,0.00981510,29329.3400
1623543919486000,0,0.02675440,29345.2100
1623543936611000,1,0.00129000,29352.6800
1623543945837000,0,0.02855000,29370.1100
1623543951823000,0,0.00099000,29377.4500
1623543960294000,0,0.01152612,29377.4300
1623543968372000,0,0.01307435,29386.1200
1623543990481000,0,0.00670099,29365.1000
1623543993542000,0,0.00013675,29365.1000
1623543994486000,1,0.00150000,29362.4600
1623543995909000,1,0.00169800,29362.7900
1623543996080000,1,0.00186800,29362.7900
1623543996263000,1,0.00169900,29362.7900
1623543997252000,1,0.00280600,29362.7900
1623543998883000,0,0.00647000,29378.0800
1623544003002000,1,0.00099000,29362.4600
1623544003187000,1,0.00170100,29362.4600
1623544003539000,1,0.00147300,29362.4600
1623544008074000,0,0.38297754,29383.0200
1623544017147000,0,1.97100000,29387.6400
1623544017819000,1,0.00095625,29386.4000
1623544017819000,1,0.00057575,29380.4200
1623544054400000,1,0.21116418,29385.4100
1623544054400000,1,0.14075704,29384.3100
1623544054509000,1,0.42234083,29378.6000
1623544080260000,0,0.02300000,29369.5800
1623544080260000,0,0.01598908,29369.5900
1623544085875000,1,0.00528022,29352.6600
1623544118648000,0,0.21148276,29350.5000
1623544118669000,0,0.24882433,29351.2400
1623544142165000,1,0.00086738,29356.0100
1623544148523000,1,0.00091200,29349.0400
1623544150248000,0,0.14357347,29365.8600
1623544179623000,0,0.03220329,29353.2100
1623544215095000,0,0.01462860,29323.8100
1623544241051000,0,0.00255000,29360.5700
1623544246084000,0,0.90600000,29381.1500
1623544246926000,0,0.18548598,29381.2500
1623544247740000,0,0.00330000,29381.2500
1623544276095000,0,0.21108343,29416.9000
1623544290336000,1,0.00205635,29394.8400
1623544301230000,0,0.00132000,29408.8500
1623544328610000,0,0.00192707,29406.9600
1623544332017000,0,0.09279899,29406.9600
1623544332039000,0,0.11640107,29406.9600
1623544332039000,0,0.22949351,29409.5500
1623544332060000,0,0.12240813,29409.5500
1623544332060000,0,0.06391621,29409.5600
1623544332061000,0,0.28798543,29409.5600
1623544332061000,0,0.23145147,29410.5200
1623544332061000,0,0.46785089,29410.5200
1623544332062000,0,0.28469764,29410.5200
1623544332062000,0,0.40000000,29411.0700
1623544332422000,0,0.03400759,29419.3900
1623544333805000,1,0.21091590,29423.9900
1623544333805000,1,0.28122119,29422.2500
1623544334642000,1,0.00000001,29422.2500
1623544349366000,1,0.21103439,29405.1600
1623544366104000,1,0.21106109,29399.7500
1623544385689000,0,0.00973357,29397.6900
1623544386213000,0,0.01341455,29397.6800
1623544440285000,0,0.00168432,29415.4600
1623544442440000,1,0.21099859,29403.9600
1623544451897000,1,0.00090100,29378.6200
1623544500440000,0,0.15000000,29386.6400
1623544500440000,0,0.21124565,29386.6500
1623544500440000,0,0.35210994,29388.2700
1623544500440000,0,0.00090937,29390.3800
1623544500440000,0,0.28573504,29390.7500
1623544511435000,0,0.01755620,29386.5900
1623544536042000,1,0.21115588,29384.7800
1623544571104000,1,0.21123546,29373.8200
1623544571191000,1,0.35206278,29368.8400
1623544571670000,0,0.00090937,29379.8900
1623544571670000,0,0.00893527,29385.4400
1623544589559000,1,0.00120700,29322.9100
1623544610910000,0,0.01400000,29353.6200
1623544686448000,1,0.00244800,29365.9600
1623544702413000,0,0.01068888,29388.7500
1623544720267000,0,0.00919000,29382.7900
1623544742992000,1,0.02236853,29373.3300
1623544743634000,1,0.21122677,29372.8400
1623544743793000,1,0.21125043,29368.9300
1623544743793000,1,0.35206739,29368.3700
1623544743793000,1,0.14081821,29368.2000
1623544752724000,0,0.15436517,29361.5700
1623544766582000,0,0.00111265,29357.4500
1623544778732000,0,0.01247621,29348.5700
1623544788645000,0,0.06446368,29352.9600
1623544798956000,0,0.21145589,29353.5600
1623544798993000,0,0.35248354,29354.1700
1623544819005000,0,0.00250664,29345.4500
1623544833641000,0,0.00668694,29350.5900
1623544840626000,1,0.00068900,29337.6000
1623544856755000,0,0.00338230,29371.0500
1623544876155000,0,0.14586595,29391.7800
1623544912369000,1,0.14047795,29389.3200
1623544925499000,0,0.00140000,29404.0300
1623544952682000,0,0.00114000,29405.2500
1623544952835000,1,0.00600000,29390.5000
1623544967073000,0,0.00099000,29392.4900
1623544995178000,0,0.00627409,29406.6700
1623544998838000,0,0.00381000,29406.9000
1623545028591000,0,0.01210707,29389.6700
1623545055314000,0,0.00099000,29366.0300
1623545107482000,0,0.20700535,29384.6100
1623545135485000,0,0.00329000,29432.5800
1623545156859000,0,0.00501557,29423.1400
1623545168606000,1,0.00344911,29398.3100
1623545196025000,0,0.00672000,29455.9400
1623545206076000,0,0.20404231,29455.9400
1623545206076000,0,0.06982792,29458.0700
1623545211480000,0,0.00522478,29454.4900
1623545214325000,0,0.00914434,29455.9400
1623545239485000,0,0.00293000,29440.7700
1623545244303000,0,0.00268145,29436.4500
1623545250271000,0,0.00335384,29436.5300
1623545277860000,1,0.01367504,29447.0300
1623545278093000,0,0.00138000,29464.2700
1623545311288000,0,0.52985000,29464.2700
1623545311289000,0,0.81067838,29464.2700
1623545311304000,0,0.17105463,29464.2700
1623545311305000,0,0.15078871,29464.2700
1623545311313000,0,0.21042435,29464.2700
1623545311314000,0,0.08559350,29464.2700
1623545311314000,0,0.00523043,29464.2700
1623545325926000,0,0.00488000,29491.8500
1623545326684000,0,0.15190000,29486.8500
1623545326710000,0,0.00000345,29486.8500
1623545338732000,1,0.02343198,29497.2200
1623545342435000,1,0.15000000,29493.5000
1623545342435000,1,0.66000000,29493.4900
1623545342435000,1,0.98100000,29493.4200
1623545342435000,1,0.21037331,29492.4800
1623545342435000,1,0.09974558,29491.0600
1623545342435000,1,0.03544108,29490.1000
1623545342435000,1,0.35060029,29489.0000
1623545342435000,1,0.39879300,29487.6600
1623545342435000,1,0.36025724,29487.6500
1623545342435000,1,0.03389463,29487.6000
1623545342435000,1,1.96200000,29487.5700
1623545342435000,1,0.66000000,29487.4700
1623545342435000,1,0.27610849,29487.2400
1623545349618000,1,0.28053593,29487.6600
1623545349671000,1,0.16996598,29484.7700
1623545349692000,1,0.11056995,29484.7700
1623545349692000,1,1.75026527,29480.0300
1623545349692000,1,0.21273473,29480.0300
1623545349692000,1,0.13796206,29479.3500
1623545349848000,1,0.21273473,29479.3500
1623545349848000,1,0.34820216,29474.3200
1623545350029000,1,0.05900000,29479.3600
1623545350029000,1,0.03390244,29472.5300
1623545350029000,1,0.03088749,29472.5200
1623545368394000,1,0.35426892,29461.8400
1623545368446000,1,0.08824965,29465.1600
1623545368448000,1,0.29190301,29465.1600
1623545369940000,0,0.03500000,29467.6300
1623545370393000,0,0.17564088,29467.6300
1623545371183000,0,0.14655392,29475.9000
1623545371284000,0,0.10346654,29473.0900
1623545414572000,0,0.00823530,29524.1500
1623545460014000,1,0.00196000,29498.2700
1623545467852000,0,0.00782130,29513.0800
1623545469823000,0,0.02214436,29511.8600
1623545517222000,0,0.21041159,29503.5100
1623545546890000,1,0.19100000,29491.3400
1623545591720000,0,0.00249628,29487.7900
1623545608091000,0,0.21050586,29487.8000
1623545611694000,1,0.21050301,29475.3500
1623545633642000,0,0.00299036,29475.3300
1623545653452000,0,0.20759221,29475.3300
1623545654158000,0,0.35102426,29480.6100
1623545654158000,0,0.35102065,29480.8700
1623545680575000,1,0.03506209,29483.1400
1623545711574000,0,0.00410410,29524.2000
1623545713413000,0,0.01926750,29524.3400
1623545762607000,1,0.21027420,29508.0700
1623545762662000,1,0.16749436,29508.0700
1623545762682000,1,0.03523144,29508.0700
1623545762682000,1,0.21027420,29508.0600
1623545762863000,1,0.13036844,29506.1000
1623545784393000,0,0.01039769,29525.3500
1623545794182000,1,0.00199150,29510.3300
1623545806101000,0,0.00069735,29547.7800
1623545806101000,0,0.21010248,29550.9000
1623545806101000,0,0.12000000,29550.9000
1623545807559000,0,0.00110819,29554.3500
1623545829883000,0,0.00387869,29544.2100
1623545832346000,1,0.00180500,29525.9700
1623545886357000,0,0.00207547,29553.2500
1623545895074000,1,0.01091076,29535.3700
1623545913465000,0,0.10041806,29553.5400
1623545925575000,1,0.00139900,29547.0000
1623545937316000,0,0.11342427,29582.3900
1623545940630000,0,0.00068125,29585.6800
1623545940630000,0,0.00066883,29589.1200
1623545943259000,0,0.00002755,29589.1200
1623545943259000,0,0.00110713,29600.8200
1623545986352000,1,0.00168118,29566.1300
1623545996951000,0,0.01328415,29580.8800
1623545997681000,0,0.00244600,29580.8800
1623546000027000,1,0.19761160,29560.0100
1623546000138000,1,0.00093750,29560.0100
1623546023757000,0,0.00068197,29609.7900
1623546024514000,0,0.00001392,29609.7900
1623546024514000,0,0.00397040,29614.8800
1623546025322000,0,0.90000000,29614.8800
1623546025359000,0,0.99795467,29614.8800
1623546025410000,0,0.30000000,29614.8800
1623546025506000,0,0.35000000,29614.8800
1623546025588000,0,0.44807364,29614.8800
1623546030663000,0,0.00069540,29630.4600
1623546049012000,0,0.01000000,29650.0000
1623546049012000,0,2.63000000,29650.4200
1623546049038000,0,0.37000000,29650.4200
1623546057942000,0,0.00332205,29667.7600
1623546063133000,0,0.00069444,29671.8100
1623546063212000,0,0.10422425,29679.3700
1623546067067000,0,2.94000000,29686.0000
1623546067104000,0,0.06000000,29686.0000
1623546082320000,0,0.09347038,29710.9000
1623546082655000,0,0.00069347,29713.1500
1623546083526000,1,0.02335465,29702.2000
1623546085288000,0,0.38192653,29721.6200
1623546085294000,0,0.37484060,29721.6200
1623546097486000,1,0.08911750,29702.2400
1623546097495000,1,0.03088250,29702.2400
1623546097527000,1,0.27846287,29701.7300
1623546097562000,1,0.65298428,29699.4800
1623546097568000,1,0.43715560,29699.4800
1623546097571000,1,0.02986012,29699.4800
1623546097571000,1,0.03365462,29694.7000
1623546097571000,1,0.07155786,29694.6900
1623546097575000,1,0.11536493,29698.5600
1623546097583000,1,0.14749022,29698.5600
1623546106845000,1,0.34837000,29670.2000
1623546109583000,0,0.00163000,29699.8200
1623546120184000,0,0.00247894,29698.6900
1623546128253000,0,0.00196000,29688.6100
1623546171573000,1,0.20885045,29705.0400
1623546173465000,0,0.00091875,29699.1300
1623546174464000,0,0.00001875,29699.1300
1623546202331000,1,0.00300000,29681.8200
1623546219195000,1,0.16396590,29671.6500
1623546219196000,1,0.04512982,29671.6500
1623546219196000,1,0.11935662,29668.1000
1623546219197000,1,0.18201367,29668.1000
1623546219224000,1,0.16178994,29668.1000
1623546219310000,0,0.29913119,29669.0200
1623546219324000,1,0.29913119,29669.0200
1623546219324000,1,0.01609114,29669.0200
1623546219329000,1,0.22246116,29669.0200
1623546219329000,1,0.17122768,29669.0200
1623546219330000,1,0.58527293,29669.0200
1623546219337000,1,0.16396590,29669.0200
1623546219337000,1,0.15946758,29669.0200
1623546219337000,1,0.24447302,29669.0200
1623546219338000,1,0.02912350,29669.0200
1623546219339000,1,0.03365471,29669.0200
1623546219339000,1,0.20803188,29668.1000
1623546219342000,1,0.27742086,29668.1000
1623546219345000,1,0.19279968,29668.1000
1623546219351000,1,0.34993891,29668.1000
1623546219360000,1,0.17392418,29668.1000
1623546227045000,0,0.00479197,29666.9500
1623546248271000,0,0.00209143,29693.8100
1623546262495000,1,0.08603000,29672.1200
1623546270064000,1,0.38515000,29662.9000
1623546294046000,0,0.02004508,29672.6100
1623546316359000,0,0.00667960,29699.4100
1623546318592000,0,0.04278000,29704.1000
1623546323710000,0,0.00599000,29690.2400
1623546362179000,0,0.20943514,29647.8300
1623546380835000,0,0.00339605,29662.1000
1623546386889000,1,0.00083590,29656.2000
1623546425079000,0,0.00006931,29662.1000
1623546425079000,0,0.01626069,29663.9700
1623546450475000,0,0.00326000,29674.5200
1623546487777000,0,0.00635000,29691.2500
1623546514752000,1,0.20916000,29672.4900
1623546514826000,1,0.27890000,29669.0500
1623546529198000,0,0.20909954,29700.0200
1623546529719000,0,0.03368000,29701.9800
1623546557676000,1,0.00000045,29669.0500
1623546557676000,1,0.00466455,29666.3000
1623546565290000,1,0.00561600,29660.1600
1623546567624000,1,0.00099000,29661.7700
1623546568158000,1,0.00145400,29661.7700
1623546568974000,1,0.00577000,29658.2900
1623546577362000,1,0.00172362,29658.4700
1623546603718000,1,0.04850767,29657.6800
1623546657736000,1,0.00301402,29637.4300
1623546663023000,0,0.20939459,29648.9000
1623546663070000,0,0.27919515,29649.7300
1623546665568000,1,0.20932000,29643.6600
1623546693011000,0,0.00310000,29640.2000
1623546701670000,0,0.00324000,29650.7600
1623546720285000,0,0.00452089,29647.9600
1623546736631000,0,0.04310575,29637.5300
1623546742897000,0,0.00185000,29637.5300
1623546744445000,0,0.16453633,29637.5300
1623546744448000,0,0.27932277,29639.0600
1623546758598000,0,0.00195553,29663.0500
1623546761392000,0,0.00419275,29663.0500
1623546778372000,0,0.20944125,29646.4900
1623546793582000,1,0.00461874,29625.2000
1623546846136000,0,0.00113079,29640.5200
1623546848556000,1,0.00500000,29626.0600
1623546862118000,0,0.00194000,29642.5100
1623546892078000,0,0.02024930,29648.3400
1623546906429000,0,0.20944652,29645.3600
1623546906447000,0,0.34908472,29648.9500
1623546906484000,0,0.34911945,29650.4900
1623546908362000,0,0.30000000,29654.4200
1623546908508000,0,1.64913438,29654.4200
1623546908521000,0,0.00386562,29654.4200
1623546908618000,0,0.97600000,29658.4600
1623546920637000,1,0.20923515,29662.4000
1623546920665000,1,0.27898108,29660.6500
1623546925278000,0,0.00263245,29655.5500
1623546927964000,0,0.00248280,29655.5500
1623546948792000,1,0.20938000,29639.9300
1623546953593000,1,0.20944610,29632.0000
1623546962577000,1,0.20944039,29629.5400
1623547017276000,1,0.00264378,29575.1900
1623547030093000,0,0.00164000,29594.9600
1623547060950000,0,0.18770409,29607.4500
1623547060950000,0,0.13599843,29610.8500
1623547075063000,0,0.00109203,29617.4400
1623547098907000,0,0.00486000,29604.4000
1623547136621000,1,0.00200000,29590.1200
1623547152269000,1,0.18521398,29599.1300
1623547156048000,1,0.19572983,29599.9500
1623547170106000,0,0.00567000,29612.4200
1623547194218000,1,0.14412828,29612.7100
1623547200454000,0,0.97700000,29625.9100
1623547200454000,0,0.02300000,29628.1700
1623547223618000,0,0.00785528,29602.4800
1623547252201000,1,1.51415000,29585.0500
1623547259948000,1,0.08645562,29585.0500
1623547259950000,1,0.35539438,29585.0500
1623547270852000,1,0.16091642,29578.7000
1623547270865000,1,0.00328401,29578.7000
1623547280500000,0,0.16319902,29592.2000
1623547280518000,0,0.04663411,29592.2000
1623547280518000,0,0.29789445,29593.3900
1623547280528000,0,0.16219838,29593.3900
1623547280535000,0,0.15273681,29593.3900
1623547339867000,1,0.00136900,29573.9800
1623547342984000,1,0.00150000,29573.9800
1623547359424000,0,0.00388825,29593.4800
1623547370353000,1,0.01605000,29574.1200
1623547417435000,0,0.06518458,29593.5900
1623547427902000,0,0.00371000,29597.7700
1623547430458000,1,0.00413200,29583.2600
1623547450565000,1,0.20154356,29583.2600
1623547450595000,1,0.00411313,29583.2600
1623547457143000,1,0.20978869,29583.2600
1623547457202000,1,0.34966751,29580.2000
1623547457212000,1,0.34964029,29579.4700
1623547528436000,0,0.00164000,29558.7700
1623547543075000,0,0.00334125,29558.7100
1623547591239000,1,0.00637180,29535.7000
1623547608625000,0,0.06200000,29542.6200
1623547611606000,1,0.00365000,29532.8700
1623547667142000,0,0.02803138,29557.4600
1623547723627000,1,0.20989449,29566.3700
1623547726578000,0,0.00179710,29573.2100
1623547737033000,0,0.00664695,29567.1900
1623547814853000,0,0.00886672,29618.5500
1623547820056000,1,0.20963941,29604.7100
1623547820087000,1,0.16781512,29602.8500
1623547820088000,1,0.11170694,29602.8500
1623547831307000,0,0.00264120,29616.8400
1623547857791000,0,0.20973295,29604.2100
1623547859310000,0,0.05600000,29606.9800
1623547874770000,0,0.02651175,29639.3400
1623547898208000,0,0.01428581,29612.5100
1623547920893000,0,0.14363156,29607.8100
1623547956870000,0,0.00518463,29591.3100
1623547993861000,0,0.11435555,29572.9000
1623547993881000,0,0.09559277,29572.9000
1623548041722000,0,0.05334095,29588.0100
1623548047945000,0,0.11781122,29588.0100
1623548047973000,0,0.03870732,29588.0100
1623548054697000,1,0.15000000,29590.7200
1623548054697000,1,0.20972477,29590.7100
1623548065604000,0,0.00259742,29581.2400
1623548085576000,0,0.02920000,29569.1100
1623548086090000,1,0.20996301,29553.4100
1623548086090000,1,0.34993834,29548.4800
1623548143419000,0,0.00109281,29582.8700
1623548179453000,0,0.05303621,29586.9900
1623548192137000,0,0.01193148,29592.6000
1623548209923000,0,0.20981749,29592.9500
1623548239156000,0,0.00179514,29605.3700
1623548265747000,0,0.00109227,29590.3400
1623548289638000,0,0.20983836,29588.4400
1623548289792000,0,0.20983836,29588.4400
1623548300589000,0,0.00098000,29605.2100
1623548350554000,1,0.20971745,29593.2600
1623548350554000,1,0.03695113,29593.2500
1623548350556000,1,0.17706741,29593.2500
1623548350622000,1,0.06559250,29593.2500
1623548350692000,1,0.20971745,29593.2600
1623548354713000,1,0.00146403,29581.6400
1623548382760000,0,0.00098000,29588.2900
1623548400280000,1,0.00118827,29563.4100
1623548400575000,1,0.00100075,29563.4100
1623548408344000,1,0.00116200,29563.9400
1623548430703000,0,0.00166793,29575.5800
1623548443445000,0,0.02502700,29574.7500
1623548451085000,0,0.00291000,29564.1200
1623548515851000,1,0.00415500,29547.3200
1623548516084000,1,0.00100000,29547.3200
1623548523306000,1,0.00603500,29541.8800
1623548525136000,0,0.03067476,29551.5600
1623548525137000,1,0.01053000,29538.4800
1623548525616000,1,0.00265500,29530.8400
1623548525955000,1,0.00551300,29530.8400
1623548543531000,0,0.21018616,29538.7300
1623548543651000,0,0.28025000,29540.8900
1623548543672000,0,0.21018616,29538.7300
1623548548240000,0,0.00186000,29551.1900
1623548573609000,0,0.00934516,29560.0900
1623548649667000,0,0.00098000,29573.6500
1623548669550000,1,0.20996618,29557.4200
1623548669717000,1,0.19164583,29557.4200
1623548669755000,1,0.01832035,29557.4200
1623548687959000,0,0.21009732,29552.5800
1623548687959000,0,0.08444787,29552.9800
1623548687973000,0,0.19569333,29552.9800
1623548695745000,1,0.00166500,29549.4600
1623548696011000,1,0.00166500,29545.4500
1623548696178000,1,0.00166500,29545.4500
1623548696398000,1,0.00272300,29545.4500
1623548696814000,1,0.00286900,29545.4500
1623548704709000,0,0.08455871,29562.2300
1623548704792000,0,0.12547893,29562.2300
1623548721084000,0,0.00528260,29581.3900
1623548725243000,0,0.00132652,29581.3900
1623548741268000,0,0.00795977,29579.9200
1623548756351000,1,0.01488031,29558.3800
1623548764810000,0,0.01286000,29572.5600
1623548774240000,0,0.00201413,29570.9800
1623548799738000,1,0.27995997,29552.0900
1623548836800000,0,0.00261317,29569.8000
1623548864139000,0,0.20999509,29570.7100
1623548864139000,0,0.70005582,29572.0400
1623548887553000,0,0.00334200,29595.7900
1623548904716000,1,0.20970000,29596.0600
1623548904718000,1,0.00000246,29596.0600
1623548906769000,1,0.01296076,29587.4100
1623548918942000,1,0.19679562,29587.4100
1623548935550000,0,0.00333800,29596.2200
1623548951374000,0,0.01229000,29578.3300
1623549000828000,1,0.27987332,29562.5500
1623549002106000,0,0.97900000,29569.8800
1623549002106000,0,0.02100000,29573.5600
1623549015539000,1,0.20574362,29559.0800
1623549015721000,0,0.00528320,29570.5300
1623549032088000,0,0.21003706,29561.3200
1623549043617000,0,0.00501300,29577.2800
1623549055597000,0,0.00116900,29577.9600
1623549090443000,0,0.30500000,29577.0000
1623549090453000,0,0.20989656,29577.4400
1623549090518000,0,0.27598111,29578.5800
1623549090525000,0,0.00388176,29578.5800
1623549090525000,0,0.15421850,29579.4500
1623549104382000,1,0.20562430,29576.1700
1623549104408000,1,0.00419641,29576.1700
1623549120242000,1,0.00121375,29568.5000
1623549142595000,1,0.20982987,29576.4800
1623549142817000,1,0.20982987,29576.4800
1623549144238000,1,0.27979179,29571.8100
1623549199372000,0,0.01559627,29568.0900
1623549245131000,1,0.20981734,29578.5900
1623549285822000,1,0.20562293,29581.3400
1623549300789000,0,0.01298562,29604.6000
1623549304943000,1,0.20970794,29596.0100
1623549333346000,1,0.09301092,29584.6100
1623549333358000,1,0.08486292,29584.6100
1623549333360000,1,0.03189124,29584.6100
1623549333370000,1,0.08657118,29583.1700
1623549333370000,1,0.13029814,29583.1700
1623549333372000,1,0.08789288,29583.1700
1623549333372000,1,0.04484213,29583.1700
1623549415058000,1,0.00090000,29627.5200
1623549415058000,1,0.00411300,29626.9200
1623549463336000,0,0.55000000,29669.5500
1623549463342000,0,0.24806578,29669.5500
1623549463345000,0,0.19009901,29669.5500
1623549463345000,0,0.21148988,29669.5500
1623549463346000,0,0.26424398,29669.5500
1623549463346000,0,0.19279025,29669.5500
1623549463346000,0,0.22514665,29669.5500
1623549463347000,0,0.07016445,29669.5500
1623549473482000,0,0.19660971,29679.5600
1623549473498000,0,0.00401244,29679.5600
1623549474011000,0,0.00539000,29687.1000
1623549496312000,0,0.01295619,29672.9300
1623549558851000,1,0.03900000,29627.4200
1623549604447000,0,0.44100000,29659.9700
1623549605146000,0,0.00900000,29659.9700
1623549611238000,0,0.00515380,29673.5700
1623549634290000,0,0.00162000,29669.2700
1623549635203000,0,0.02635674,29669.2700
1623549663372000,1,0.20924610,29665.1100
1623549663482000,1,0.27899799,29663.3500
1623549663864000,1,0.27899799,29663.3500
1623549664046000,1,0.14143649,29662.7300
1623549667408000,1,0.20927088,29659.8700
1623549667501000,1,0.34877448,29658.5000
1623549667527000,1,0.41849700,29655.8600
1623549667663000,1,0.20927088,29659.8700
1623549667663000,1,0.13949912,29658.5000
1623549670120000,0,0.01864720,29658.5800
1623549682378000,0,0.10616266,29653.3300
1623549689900000,0,0.01532205,29653.3400
1623549693075000,0,0.00404000,29658.3400
1623549716819000,0,0.00109108,29678.5900
1623549723463000,0,0.00114000,29678.5900
1623549766928000,0,0.00680837,29677.1200
1623549839701000,1,0.00186000,29653.2400
1623549857004000,1,0.15660769,29668.6700
1623549901200000,1,0.20936704,29643.3700
1623549903447000,0,0.00110264,29648.9900
1623549906490000,0,0.00650211,29648.9900
1623549909412000,0,0.00302160,29653.7200
1623549933729000,0,0.00098000,29649.3800
1623549940064000,0,0.20427462,29649.3800
1623549940112000,0,0.00416887,29649.3800
1623549940112000,0,0.00185000,29651.5800
1623549956930000,0,0.00162260,29645.9900
1623549980621000,1,0.01127700,29616.4100
1623550008168000,0,0.00518635,29630.5000
1623550027724000,0,0.00098000,29646.9100
1623550041016000,1,0.00750000,29628.5300
1623550048545000,0,0.00110254,29646.1900
1623550071344000,1,0.10407208,29631.6900
1623550071347000,1,0.10543731,29631.6900
1623550071347000,1,0.27934585,29630.2000
1623550080265000,0,0.01284439,29629.3300
1623550081788000,1,0.00400000,29612.6600
1623550085346000,0,0.00518586,29629.2600
1623550148808000,1,0.00384800,29625.5200
1623550214868000,0,0.01360000,29616.1600
1623550223225000,0,0.00527248,29618.8900
1623550232325000,1,0.01038303,29599.6400
1623550287518000,0,0.02361619,29572.7500
1623550360737000,0,0.00245804,29555.1700
1623550386590000,0,0.50000000,29567.5200
1623550388136000,0,0.00783260,29567.5200
1623550388480000,0,0.00822000,29567.5200
1623550390445000,1,0.00288400,29554.9000
1623550415340000,0,0.46394740,29567.5200
1623550415353000,0,0.75444740,29568.1700
1623550415365000,0,0.65386470,29568.1700
1623550415365000,0,0.17857040,29568.1700
1623550415709000,0,0.14942758,29568.1700
1623550415713000,0,0.22368992,29568.1700
1623550462030000,1,0.14397109,29564.0000
1623550495376000,0,0.00300462,29571.0300
1623550500800000,0,0.21003472,29571.6200
1623550500800000,0,0.36029486,29574.2200
1623550500800000,0,0.19199805,29574.6600
1623550500800000,0,0.03000000,29576.2700
1623550500800000,0,0.20767237,29577.0900
1623550508139000,0,0.00100181,29571.4800
1623550508402000,0,0.00108935,29571.4800
1623550510183000,0,0.00115000,29571.6200
1623550511084000,1,0.00461700,29560.7700
1623550520047000,0,0.00777706,29557.0400
1623550531381000,0,0.01285084,29554.4300
1623550584162000,1,0.00070700,29529.9700
1623550603168000,0,0.00197000,29544.9900
1623550634768000,1,0.21016505,29538.6700
1623550637736000,1,0.22986071,29526.3300
1623550639208000,0,0.00091875,29526.0900
1623550639240000,0,0.00001875,29526.0900
1623550673071000,0,0.00098000,29528.3900
1623550673295000,1,0.14592922,29513.1700
1623550673296000,1,0.10678532,29513.1700
1623550673299000,1,0.12134374,29513.1700
1623550685338000,0,0.09838600,29528.1500
1623550763722000,0,0.02788296,29542.6300
1623550764870000,0,0.28034679,29535.5000
1623550767121000,0,0.28034679,29535.5000
1623550767121000,0,0.26913328,29536.1000
1623550768032000,0,0.28034679,29535.5000
1623550768032000,0,0.21025818,29535.5100
1623550768032000,0,0.00117750,29536.1000
1623550768241000,0,0.01003638,29536.1000
1623550781456000,0,0.02131000,29543.8000
1623550881788000,0,0.00196759,29520.5900
1623550936000000,0,0.01625000,29512.8200
1623550979451000,0,0.00093750,29485.7600
1623550990462000,0,0.21058841,29497.7700
1623550990467000,0,0.35098641,29497.8900
1623551007279000,0,0.00221000,29507.3700
1623551016160000,0,0.00451981,29503.5600
1623551040314000,0,0.00976000,29483.7500
1623551058694000,0,0.20409003,29486.4700
1623551058697000,0,0.00660611,29486.4700
1623551058697000,0,0.13311801,29486.4800
1623551058720000,0,0.21804184,29486.4800
1623551058765000,0,0.23484037,29488.3000
1623551058767000,0,0.18655145,29488.3000
1623551076360000,0,0.00124699,29499.0600
1623551085271000,1,0.28073575,29490.3800
1623551085323000,1,0.14199531,29484.7400
1623551085331000,1,0.13526319,29484.7400
1623551085368000,1,0.07368757,29484.7400
1623551085368000,1,0.03390014,29481.1900
1623551085368000,1,0.08475036,29481.1900
1623551085386000,1,0.09910000,29484.7500
1623551104856000,1,0.00279700,29446.2000
1623551105026000,1,0.01156100,29446.8900
1623551108403000,0,0.01563136,29458.5100
1623551109164000,0,0.01300233,29458.5200
1623551110360000,0,0.00937708,29458.5200
1623551116411000,0,0.00264774,29460.7500
1623551158280000,0,0.16008057,29477.2900
1623551158309000,0,0.05068177,29477.2900
1623551158309000,0,0.25981280,29479.2100
1623551158323000,0,0.02120064,29479.2100
1623551158451000,0,0.32966178,29480.9600
1623551158452000,0,0.09194785,29480.9600
1623551175842000,0,0.00671000,29490.2300
1623551180408000,0,0.00375448,29493.8300
1623551195712000,1,0.00147100,29482.4300
1623551269447000,0,0.42219347,29466.6600
1623551269462000,0,0.30000000,29466.6600
1623551269578000,0,0.53747869,29466.6600
1623551269823000,0,0.00323911,29477.5100
1623551289890000,0,0.00099000,29490.0100
1623551295397000,0,0.37044818,29490.0100
1623551295427000,0,1.59456182,29490.0100
1623551329379000,1,0.40400000,29484.1600
1623551359053000,0,0.00128929,29517.8100
1623551381834000,0,0.00540364,29515.9300
1623551396911000,1,0.03000000,29492.1800
1623551406439000,0,0.00976746,29504.8600
1623551413235000,1,0.00178500,29492.7200
1623551416722000,1,0.00143200,29500.0200
1623551416847000,0,0.00264560,29518.1600
1623551417675000,1,0.00265500,29501.4900
1623551418021000,1,0.01399000,29501.7300
1623551437283000,1,0.00162784,29509.4400
1623551437383000,1,0.12696448,29509.4400
1623551437478000,1,0.00182936,29509.4400
1623551478891000,1,0.00596781,29510.2900
1623551493308000,0,0.00123378,29503.3800
1623551530831000,0,0.00198000,29500.4100
1623551532989000,0,0.20865953,29500.4100
1623551545586000,0,0.00198843,29515.7800
1623551567034000,0,0.00383323,29505.7500
1623551569454000,0,0.00240637,29502.8400
1623551571051000,0,0.21055000,29506.3100
1623551571099000,0,0.00000569,29506.3100
1623551579305000,1,0.00300000,29493.7900
1623551586075000,0,0.21053377,29507.8600
1623551586075000,0,0.28071169,29509.3800
1623551586075000,0,0.33405708,29512.9100
1623551599650000,1,1.01641000,29489.0200
1623551599724000,1,0.35000000,29489.0200
1623551602285000,1,0.59700000,29489.0200
1623551614413000,1,0.00059000,29489.0200
1623551698067000,1,0.00580820,29446.6900
1623551705248000,0,0.00099000,29479.2600
1623551717202000,0,0.16048003,29491.8900
1623551717259000,0,0.21069199,29494.9900
1623551717259000,0,0.12016859,29496.6900
1623551717261000,0,0.16075112,29496.6900
1623551717261000,0,0.03179889,29498.6800
1623551717264000,0,0.18983804,29498.6800
1623551717264000,0,0.21966972,29498.6800
1623551717264000,0,0.54069335,29498.6800
1623551717264000,0,0.07627769,29498.8300
1623551717264000,0,0.27933312,29498.8300
1623551717269000,0,0.25356938,29498.8300
1623551717281000,0,0.09675899,29498.8300
1623551717288000,0,0.15640620,29498.8300
1623551717288000,0,0.12326930,29498.8300
1623551717294000,0,0.44734825,29498.8300
1623551717295000,0,0.08019132,29498.8300
1623551717405000,0,0.21066608,29499.6100
1623551717431000,0,0.10547168,29501.6300
1623551717434000,0,0.11727053,29501.6300
1623551717457000,0,0.05814308,29501.6300
1623551717609000,0,0.70066603,29511.8000
1623551717629000,0,0.52535669,29511.8000
1623551726431000,1,0.21045754,29509.6200
1623551726431000,1,0.35054246,29509.1600
1623551726508000,1,0.00021647,29509.1600
1623551728083000,0,0.00101000,29515.2400
1623551728298000,1,0.21052726,29503.4900
1623551728365000,1,0.35082725,29497.8900
1623551728365000,1,0.27579467,29497.4700
1623551730729000,0,0.02394216,29502.4300
1623551743065000,0,0.00098000,29502.4500
1623551763420000,1,0.22500000,29481.8200
1623551821587000,0,0.20658882,29471.5300
1623551821826000,0,0.28108676,29476.6000
1623551821973000,0,0.21078049,29475.0700
1623551843752000,1,0.21068406,29477.2300
1623551856587000,0,0.00277109,29476.2500
1623551858493000,0,0.00177000,29476.2500
1623551862248000,0,0.00249398,29473.6100
1623551867162000,0,0.00332530,29473.6100
1623551867446000,1,0.00182500,29456.1000
1623551867633000,1,0.00101000,29456.1000
1623551879851000,0,0.21081946,29470.1700
1623551879851000,0,0.22266921,29470.3100
1623551879942000,0,0.05842984,29470.3100
1623551897237000,0,0.24427696,29491.5400
1623551898141000,0,0.00139433,29488.9100
1623551898917000,0,0.02420799,29490.9000
1623551913329000,0,0.00107000,29494.8200
1623551982426000,1,0.21085543,29452.9600
1623552000497000,0,0.21085000,29469.8100
1623552000497000,0,0.10461141,29470.2700
1623552000497000,0,0.19149345,29473.9800
1623552000497000,0,0.35141666,29474.5200
1623552000497000,0,0.14162848,29474.8400
1623552000853000,0,0.04314474,29472.5100
1623552012668000,0,0.02751160,29494.0500
1623552040291000,0,0.04173250,29487.3300
1623552040389000,1,0.00500000,29472.1600
1623552040491000,0,0.03792570,29487.3300
1623552070257000,1,0.28095460,29471.0500
1623552070368000,1,0.28099765,29469.4900
1623552083428000,1,0.03138392,29445.8600
1623552116002000,1,0.00548821,29447.1300
1623552119479000,0,0.21092000,29458.1600
1623552126404000,0,0.01447144,29476.5200
1623552129523000,0,0.00249709,29477.0700
1623552144145000,1,0.21200000,29455.8100
1623552154817000,0,0.00915442,29469.4800
1623552164428000,1,0.21000000,29454.4800
1623552164626000,1,0.00088100,29454.4800
1623552164709000,1,0.00000002,29454.4800
1623552178222000,0,0.00573685,29472.4900
1623552196418000,0,0.00260125,29482.1200
1623552213564000,1,0.21083821,29453.0600
1623552213564000,1,0.35135401,29451.7900
1623552213566000,1,0.46500000,29451.2500
1623552213566000,1,0.62700000,29451.0700
1623552214138000,1,0.18447933,29451.7500
1623552214151000,1,0.20545620,29451.7500
1623552224889000,0,0.21099000,29450.5000
1623552224918000,0,0.00000186,29450.5000
1623552225004000,0,0.28130229,29455.2400
1623552225009000,0,0.00000001,29455.2400
1623552245005000,0,0.00829000,29480.2900
1623552245711000,0,0.03904000,29480.2900
1623552285247000,0,0.00976000,29467.1100
1623552308431000,1,0.28111010,29458.7600
1623552315525000,0,0.21080000,29481.1500
1623552327055000,0,0.00760000,29485.0600
1623552331760000,0,0.01376861,29485.0600
1623552376024000,1,0.35144801,29448.0500
1623552376028000,1,1.38700000,29447.2400
1623552376028000,1,0.35139949,29447.1100
1623552376034000,1,0.03394272,29445.4700
1623552376034000,1,0.34377491,29445.4600
1623552376039000,1,0.03394272,29444.0300
1623552376039000,1,0.27859457,29444.0300
1623552378912000,0,0.27570730,29449.8000
1623552386608000,1,0.00069413,29439.3600
1623552392064000,1,1.58000000,29427.6100
1623552395473000,1,0.38700000,29427.6100
1623552395509000,1,0.08494733,29414.9700
1623552395509000,1,0.03535409,29414.9600
1623552395509000,1,0.04968341,29414.3900
1623552395510000,1,1.47997490,29414.3900
1623552395510000,1,0.23525900,29414.3900
1623552395511000,1,0.16726507,29414.3900
1623552395511000,1,0.17542434,29414.3900
1623552395511000,1,0.05839328,29414.3900
1623552395531000,1,0.09600667,29414.2900
1623552395534000,1,0.11508931,29414.2900
1623552395682000,1,0.03397593,29417.7400
1623552395915000,1,0.00085152,29412.0100
1623552395915000,1,0.08493983,29411.2900
1623552395974000,1,0.21111727,29407.3100
1623552395975000,1,0.00974733,29407.3100
1623552396108000,1,0.00159000,29412.0200
1623552396254000,1,0.03238593,29412.0200
1623552396878000,1,0.00068120,29398.4000
1623552397028000,1,0.00001390,29398.4000
1623552401891000,1,0.08132323,29374.5900
1623552402445000,0,0.00202000,29385.6800
1623552403042000,1,0.05379000,29367.3100
1623552403140000,0,0.10738180,29384.2100
1623552414839000,0,0.21142000,29393.0600
1623552420216000,0,1.20814000,29404.4500
1623552420464000,0,0.00000687,29404.4500
1623552428121000,0,0.00249846,29403.5800
1623552480677000,0,0.21138928,29392.4400
1623552480686000,0,0.28185237,29394.0400
1623552480842000,0,0.21138000,29392.4400
1623552483529000,1,0.00148600,29384.6900
1623552483856000,0,0.21133000,29403.0100
1623552484296000,0,0.00000130,29403.0100
1623552486680000,0,0.49784000,29407.5000
1623552487531000,0,0.66000000,29418.9800
1623552487588000,0,0.93066320,29421.9600
1623552496173000,0,0.09773363,29440.1200
1623552496261000,1,0.20570104,29429.8400
1623552497412000,1,0.09441691,29424.6600
1623552497450000,1,0.11667658,29424.6600
1623552498059000,1,0.15180639,29422.4500
1623552498063000,1,0.12966482,29422.4500
1623552507964000,1,0.21113457,29417.2700
1623552507979000,1,0.29375479,29414.1400
1623552507999000,1,0.05812315,29414.1400
1623552546160000,0,0.21125483,29416.1300
1623552578629000,0,0.98400000,29431.2900
1623552578821000,0,0.93024000,29432.7600
1623552581809000,0,0.00392094,29432.7600
1623552586101000,0,0.02000000,29432.7600
1623552611686000,0,0.06620000,29423.5800
1623552629112000,0,1.01583906,29432.7600
1623552629114000,0,0.21112299,29435.3500
1623552655981000,1,0.15100000,29417.9300
1623552680248000,0,0.00282859,29420.9800
1623552692392000,1,0.03700000,29407.4600
1623552692519000,1,0.21122607,29403.4100
1623552692519000,1,0.05012565,29402.0600
1623552692543000,1,0.22549999,29402.0600
1623552692618000,1,0.00601321,29402.0600
1623552738076000,0,0.21139374,29394.2100
1623552750319000,0,0.00101000,29401.3300
1623552756859000,0,0.03436039,29401.6400
1623552807657000,1,0.21134577,29390.2900
1623552807695000,1,0.19425302,29388.3900
1623552894953000,1,0.46200000,29384.4400
1623552894954000,1,0.10459283,29381.9900
1623552894959000,1,0.17724059,29381.9900
1623552894959000,1,0.10461981,29379.8000
1623552894969000,1,0.14223587,29379.8000
1623552894974000,1,0.03500472,29379.8000
1623552894974000,1,0.24546046,29378.9800
1623552894991000,1,0.17724059,29378.9800
1623552894991000,1,0.03700000,29376.2300
1623552894991000,1,0.03544694,29373.2300
1623552894991000,1,0.11763710,29372.0100
1623552895060000,1,0.03402263,29371.9000
1623552895060000,1,0.03402263,29371.9000
1623552895060000,1,0.56360557,29371.8900
1623552895092000,1,0.38679582,29374.4000
1623552895092000,1,0.17841639,29374.4000
1623552895093000,1,0.19781770,29374.4000
1623552895093000,1,0.22197009,29374.4000
1623552895111000,1,0.28187994,29377.0200
1623552895112000,1,0.13491359,29373.9800
1623552895125000,1,0.20833177,29373.9800
1623552895144000,1,0.00910457,29373.9800
1623552895144000,1,0.15837784,29368.3500
1623552895150000,1,0.23512577,29368.3500
1623552895152000,1,0.41204310,29368.3500
1623552895154000,1,0.04405168,29368.3500
1623552895154000,1,0.28053928,29368.3500
1623552895173000,1,0.51650802,29368.3500
1623552895178000,1,0.32635431,29368.3500
1623552895178000,1,0.20330242,29367.3300
1623552895226000,1,0.01785075,29367.3300
1623552895226000,1,0.07039006,29367.3100
1623552895235000,1,0.44357399,29367.3100
1623552895244000,1,0.19764024,29367.3100
1623552895448000,1,0.05700000,29357.4500
1623552895521000,1,0.16415317,29357.4500
1623552895521000,1,0.03402263,29357.4500
1623552895521000,1,0.02367344,29357.4500
1623552896048000,1,0.00069607,29357.4400
1623552897315000,1,0.00092812,29338.1600
1623552897755000,1,0.00069656,29336.9600
1623552897755000,1,0.00067344,29336.3200
1623552897897000,1,0.00000847,29336.3200
1623552898895000,0,0.28224881,29350.4000
1623552898912000,0,0.66000000,29351.4700
1623552899086000,0,0.55500000,29352.5500
1623552899409000,0,0.00108000,29358.3400
1623552919183000,0,0.00163000,29376.2500
1623552922847000,0,0.21157011,29376.3600
1623552922931000,0,0.62500000,29378.4300
1623552925159000,0,0.01592640,29388.2000
1623552931393000,0,0.19555887,29388.2000
1623552931431000,0,0.28197494,29390.5300
1623552931431000,0,0.36950790,29392.3200
1623552931432000,0,0.59600000,29393.5900
1623552940550000,1,0.09080000,29386.6600
1623552945649000,1,0.00113900,29369.0500
1623552956012000,1,0.01988542,29370.7000
1623552956889000,0,0.00334248,29390.4100
1623552964378000,0,0.01340346,29383.2300
1623552969008000,0,0.01346384,29383.3000
1623552987565000,0,0.21156101,29371.1800
1623552989430000,0,0.21153199,29374.7000
1623552989578000,0,0.35260526,29375.2900
1623552989578000,0,0.35260168,29375.7200
1623552992520000,0,0.21149791,29382.1200
1623552992533000,0,0.43154045,29382.3300
1623552992534000,0,1.54145955,29382.3300
1623552992544000,0,0.17289244,29382.4300
1623552992550000,0,0.17962438,29382.4300
1623552992550000,0,0.00271661,29383.0700
1623553034513000,0,0.21150154,29383.4200
1623553037290000,1,0.00226284,29376.3400
1623553076743000,0,0.02036394,29393.1200
1623553116577000,0,0.00678987,29384.9200
1623553127526000,0,0.01610724,29388.4600
1623553131700000,1,0.21147200,29373.6900
1623553166497000,0,0.00120401,29390.1700
1623553191614000,0,0.00101000,29391.9400
1623553193982000,0,0.00389507,29391.9400
1623553228172000,1,0.00383900,29357.4500
1623553237463000,1,0.00068215,29357.4400
1623553242527000,1,0.00001392,29357.4400
1623553268064000,1,1.90000000,29332.1100
1623553268106000,1,0.67542454,29332.1100
1623553268106000,1,0.20319030,29332.1100
1623553268116000,1,0.25558516,29332.1100
1623553277814000,0,0.00099000,29333.4800
1623553288081000,0,0.21188515,29332.4200
1623553288096000,0,0.27186522,29333.4800
1623553294411000,1,0.10853118,29331.6700
1623553310987000,0,0.21188326,29336.8700
1623553338595000,1,0.00500000,29328.5200
1623553341615000,1,0.20684718,29328.5200
1623553341746000,1,0.24336562,29326.7600
1623553351323000,1,0.28250794,29321.7300
1623553351431000,1,0.08125048,29318.5800
1623553351435000,1,0.17463329,29318.5800
1623553351468000,1,0.02664931,29318.5800
1623553351468000,1,0.96946156,29318.4100
1623553355458000,1,0.70305186,29318.4100
1623553361702000,0,0.21193000,29328.5500
1623553378576000,1,0.18011238,29318.4100
1623553378584000,1,0.12337420,29318.4100
1623553378588000,1,0.00069704,29316.4800
1623553378588000,1,0.09731831,29315.7000
1623553378592000,1,0.16783005,29315.7000
1623553378593000,1,0.01735259,29315.7000
1623553378593000,1,0.27741817,29315.3700
1623553380924000,1,0.98800000,29312.5400
1623553385110000,1,2.64000000,29296.9500
1623553385158000,1,0.39419999,29296.9500
1623553387693000,0,0.01641000,29301.7100
1623553393702000,0,0.50000000,29289.3100
1623553414298000,1,0.00069000,29275.5200
1623553414368000,1,0.00000802,29275.5200
1623553414368000,1,0.00085504,29270.5200
1623553414872000,1,0.01000000,29264.4000
1623553414954000,1,0.16266920,29261.8400
1623553414957000,1,0.09694138,29261.8400
1623553414960000,1,0.20914611,29261.8400
1623553414964000,1,0.16677010,29261.8400
1623553414965000,1,0.13532984,29261.8400
1623553414965000,1,0.19684339,29261.8400
1623553414974000,1,0.36087956,29261.8400
1623553414986000,1,0.17633888,29261.8400
1623553414986000,1,0.24742121,29261.8400
1623553414987000,1,0.16130223,29261.8400
1623553414987000,1,0.19547643,29261.8400
1623553414987000,1,0.28022845,29261.8400
1623553414988000,1,0.18590765,29261.8400
1623553415011000,1,0.08844921,29261.8400
1623553415020000,1,0.33357999,29261.8400
1623553415054000,1,0.03691638,29261.8400
1623553415126000,1,0.00068350,29261.3200
1623553415235000,1,0.00095625,29244.6000
1623553415235000,1,0.00170000,29244.3100
1623553416274000,1,0.00575000,29234.5700
1623553416442000,1,0.00000065,29234.5700
1623553416442000,1,0.00069900,29234.5600
1623553416442000,1,3.03350035,29226.7700
1623553417319000,1,0.00069000,29226.7700
1623553417817000,1,0.00000965,29226.7700
1623553418186000,0,0.21274404,29220.3300
1623553418186000,0,0.07090596,29220.3400
1623553418548000,0,0.21275000,29220.3400
1623553418652000,0,0.00000276,29220.3400
1623553418652000,0,0.35456724,29222.8500
1623553419186000,1,0.00092812,29210.3400
1623553419710000,0,0.16653572,29220.3400
1623553419711000,0,0.11712300,29220.3400
1623553419751000,0,0.00000615,29222.8500
1623553419751000,0,0.19004628,29222.8500
1623553421333000,0,0.35000000,29235.3100
1623553421432000,0,0.23650000,29235.3100
1623553421521000,0,0.07350000,29235.3100
1623553426950000,1,0.28333000,29218.7900
1623553440261000,0,0.00211761,29260.8600
1623553464355000,1,0.09630000,29225.5100
1623553469983000,0,0.13400000,29238.0100
1623553469998000,0,1.24485873,29241.2700
1623553470004000,0,0.16004777,29241.2700
1623553471875000,0,0.00195140,29254.0800
1623553475830000,0,0.00331000,29255.9200
1623553481091000,0,0.29118459,29259.7900
1623553481094000,0,0.20764674,29259.7900
1623553481096000,0,0.17361711,29259.7900
1623553484475000,0,0.11678047,29274.3400
1623553484560000,0,0.99695542,29271.7100
1623553486554000,1,0.00093000,29271.7500
1623553486636000,1,0.00000750,29271.7500
1623553516304000,0,0.00293030,29273.4700
1623553549910000,1,0.00203000,29255.1900
1623553550250000,1,0.00000041,29255.1900
1623553552812000,0,1.10900000,29246.0300
1623553553226000,0,0.25000000,29246.0300
1623553553230000,0,0.86100000,29246.0300
1623553564870000,1,0.09889000,29239.1000
1623553567187000,1,0.00000810,29239.1000
1623553576571000,0,0.00125495,29239.3100
1623553593678000,0,0.21266627,29225.6300
1623553600984000,0,0.21260123,29233.2600
1623553614726000,0,0.00088158,29231.5700
1623553623739000,0,0.03600000,29241.9000
1623553623739000,0,0.35426866,29241.9100
1623553668988000,1,0.00203178,29235.4100
1623553690774000,1,0.00141900,29216.9900
1623553703804000,1,0.00152000,29219.6500
1623553703823000,1,0.00000575,29219.6500
1623553703823000,1,0.20128250,29212.2800
1623553703824000,1,0.01134252,29212.2800
1623553705251000,0,0.21274622,29213.4600
1623553706069000,0,0.35459537,29215.5100
1623553706377000,0,0.21271309,29217.3100
1623553711620000,0,0.18936517,29223.2100
1623553711620000,0,0.24363483,29223.2100
1623553711624000,0,0.21266559,29225.8300
1623553711624000,0,0.02339542,29226.6300
1623553711640000,0,0.21565811,29226.6300
1623553711641000,0,0.18637265,29226.6300
1623553711641000,0,0.28355412,29227.4000
1623553711641000,0,0.37831635,29228.1300
1623553711643000,0,0.16961733,29228.1300
1623553711647000,0,0.16833099,29228.1300
1623553740829000,1,0.00223629,29216.6600
1623553779804000,1,0.00221323,29224.2400
1623553779957000,1,0.00004517,29224.2400
1623553781185000,0,0.00164000,29231.7300
1623553787052000,1,0.21263859,29217.7500
1623553787057000,1,0.28626135,29216.5100
1623553787062000,1,0.06802779,29216.5100
1623553787062000,1,0.12244037,29214.9100
1623553787065000,1,0.12241478,29214.9100
1623553787069000,1,0.10953312,29214.9100
1623553796885000,0,0.00500000,29220.0900
1623553796885000,0,0.00172321,29220.1000
1623553799634000,1,0.09905646,29212.0600
1623553809739000,1,0.18218929,29200.4000
1623553809739000,1,0.29873507,29200.4000
1623553809746000,1,0.43698031,29200.4000
1623553811296000,1,0.00281000,29200.4000
1623553812348000,1,0.43680000,29200.4000
1623553812429000,1,0.01281000,29200.4000
1623553812450000,0,0.01198060,29201.7200
1623553814714000,1,0.00000897,29200.4000
1623553814714000,1,0.05176072,29200.0000
1623553814714000,1,0.00307191,29200.0000
1623553814714000,1,0.05000000,29200.0000
1623553814714000,1,0.00400000,29200.0000
1623553816722000,1,0.20000000,29194.8200
1623553816802000,1,0.60000000,29194.8200
1623553816892000,1,0.40000000,29194.8200
1623553817055000,1,0.23719000,29194.8200
1623553817133000,1,0.20000000,29194.8200
1623553817240000,1,0.20000000,29194.8200
1623553817331000,1,0.14781000,29194.8200
1623553818664000,0,0.21290285,29197.5900
1623553819395000,0,0.99200000,29205.5500
1623553827560000,1,0.00069998,29193.6000
1623553827560000,1,0.13524164,29191.7400
1623553827565000,1,0.25219000,29191.7400
1623553827572000,1,0.17402182,29191.7400
1623553827575000,1,0.67964432,29191.7400
1623553827577000,1,0.19594584,29191.7400
1623553827608000,1,0.20416734,29191.7400
1623553827608000,1,0.27130962,29191.7400
1623553827609000,1,0.24801537,29191.7400
1623553827610000,1,0.23568311,29191.7400
1623553827610000,1,0.16305982,29191.7400
1623553827618000,1,0.21924010,29191.7400
1623553827642000,1,0.15000000,29191.7400
1623553827650000,1,0.10568102,29191.7400
1623553828314000,1,0.05167968,29181.1800
1623553828318000,1,0.02509960,29181.1800
1623553828318000,1,0.02658008,29173.4000
1623553828321000,1,0.00767682,29173.4000
1623553828321000,1,0.03425901,29172.4900
1623553828321000,1,0.00068574,29172.4800
1623553828484000,1,0.03550996,29158.8300
1623553828484000,1,0.02149004,29156.7500
1623553830732000,0,0.00093750,29166.6200
1623553830732000,0,0.00906250,29172.6400
1623553831516000,0,0.15000000,29179.0000
1623553831602000,0,0.30000000,29179.0000
1623553831682000,0,0.15100000,29179.0000
1623553844948000,0,0.00147000,29218.7600
1623553845637000,0,0.01350000,29218.7600
1623553847133000,0,0.00167250,29225.5500
1623553851278000,1,0.00089700,29211.2200
1623553863968000,0,0.00095625,29227.9200
1623553870237000,0,0.03500000,29242.6000
1623553870264000,0,0.03550000,29246.9800
1623553870426000,0,0.40000000,29254.0500
1623553870426000,0,1.58300000,29254.0600
1623553872853000,0,0.16350000,29260.5800
1623553872948000,0,0.22050000,29260.5800
1623553875058000,1,0.00093750,29260.9000
1623553876364000,0,0.00096481,29253.8600
1623553879532000,0,0.05500000,29253.8600
1623553898366000,0,0.00099000,29263.7800
1623553915298000,0,0.00877000,29239.8500
1623553924576000,0,0.00300000,29240.8500
1623553932096000,0,0.00188000,29238.6700
1623553960802000,0,0.00138221,29248.1600
1623553960823000,1,0.19675130,29235.6200
1623553968669000,0,0.20000000,29248.1600
1623553968750000,0,0.17950000,29248.1600
1623553972271000,0,0.00251162,29253.3700
1623553983740000,0,0.00304346,29242.4300
1623554007098000,1,0.05064609,29215.3600
1623554057684000,0,0.21279595,29212.7100
1623554057686000,0,0.28373077,29213.9500
1623554060744000,0,0.35000000,29218.2500
1623554060821000,0,0.08600000,29218.2500
1623554102560000,1,0.35433238,29222.5900
1623554121309000,0,0.01995530,29215.6500
1623554137764000,1,0.21280000,29194.8700
1623554138938000,0,0.00791756,29192.1300
1623554157082000,0,0.62900000,29185.9800
1623554157300000,0,0.21298209,29188.0800
1623554157807000,0,0.50000000,29192.8000
1623554157807000,0,0.71422801,29192.8300
1623554158038000,1,0.01118920,29190.8500
1623554158499000,1,0.00342837,29190.8600
1623554167558000,0,0.00529869,29189.0400
1623554176215000,1,0.99608204,29156.7500
1623554176224000,1,0.61212015,29156.7500
1623554176230000,1,0.42320000,29156.7500
1623554176245000,1,0.00093750,29156.7500
1623554176318000,1,0.20000000,29156.7500
1623554176403000,1,0.20000000,29156.7500
1623554176486000,1,0.20000000,29156.7500
1623554176567000,1,0.15000000,29156.7500
1623554176608000,1,0.23037027,29156.7500
1623554181752000,0,0.00879000,29180.6200
1623554190900000,1,0.00070096,29152.6400
1623554191499000,1,0.00096370,29150.0000
1623554191499000,1,0.15877939,29142.4400
1623554192768000,1,0.00137465,29137.1800
1623554192919000,0,0.00077724,29131.7700
1623554202977000,0,0.35700000,29161.8200
1623554206856000,0,0.03990496,29173.6300
1623554207341000,0,0.00197000,29175.7000
1623554215186000,1,0.15000000,29153.7000
1623554215186000,1,0.66000000,29153.6900
1623554215186000,1,0.08576823,29152.8500
1623554215186000,1,0.00090000,29152.1100
1623554215186000,1,0.37811794,29151.2100
1623554215186000,1,0.02521383,29148.9500
1623554226724000,0,0.20000000,29159.7400
1623554226824000,0,0.19300000,29159.7400
1623554236181000,0,0.10102102,29177.3100
1623554237667000,1,0.21300012,29164.9100
1623554237670000,1,0.15859073,29163.0800
1623554237689000,1,0.12541254,29163.0800
1623554237784000,1,0.21300000,29164.9100
1623554241168000,0,0.00217691,29179.1200
1623554248939000,0,0.00110711,29168.9300
1623554260837000,0,0.63700000,29179.2300
1623554267040000,0,0.00188000,29176.1800
1623554274807000,1,0.00203718,29157.9400
1623554276544000,0,0.01680115,29160.0500
1623554322360000,1,0.14186873,29147.4600
1623554322369000,1,0.14230399,29147.4600
1623554334408000,0,0.49500000,29140.2900
1623554335044000,0,0.00143000,29147.6300
1623554344610000,1,0.00101300,29129.4900
1623554367236000,0,0.00203823,29142.0300
1623554391989000,0,0.21326509,29146.4400
1623554415456000,1,0.18700000,29121.8000
1623554415466000,1,0.06632877,29121.8000
1623554415519000,1,0.09000000,29121.8000
1623554415536000,1,0.15000000,29121.8000
1623554415616000,1,0.30000000,29121.8000
1623554415661000,1,0.41989353,29121.8000
1623554415676000,1,1.82097770,29121.8000
1623554416783000,0,0.00267400,29130.9600
1623554420210000,0,0.55044432,29144.0400
1623554444598000,1,0.00070195,29111.6800
1623554444598000,1,0.08000000,29110.0000
1623554453704000,0,0.00143000,29113.9400
1623554466917000,0,0.02940000,29112.9600
1623554487109000,1,0.03085000,29107.7600
1623554487250000,1,0.00204048,29110.8400
1623554487250000,1,0.00000809,29107.7600
1623554503120000,0,0.13468769,29112.1900
1623554503121000,0,0.23053883,29112.1900
1623554503129000,0,0.13877348,29112.1900
1623554516449000,0,0.03374140,29113.4900
1623554541701000,1,0.00069000,29100.0000
1623554541701000,1,0.00024750,29100.0000
1623554541803000,1,0.05072363,29100.0000
1623554541901000,1,0.00102164,29092.0000
1623554541901000,1,0.00102164,29092.0000
1623554541901000,1,0.00529550,29090.6400
1623554541901000,1,0.00093750,29088.8200
1623554541901000,1,0.41948799,29086.9000
1623554542185000,1,2.61470000,29086.9000
1623554542545000,1,0.00001201,29086.9000
1623554542545000,1,0.66000000,29076.2600
1623554542545000,1,0.33998799,29074.5000
1623554560483000,0,0.15000000,29110.7500
1623554560490000,0,0.36300000,29110.7500
1623554560644000,0,0.21349000,29116.6400
1623554575809000,1,0.00500000,29133.3500
1623554577550000,0,0.00090937,29139.3100
1623554577550000,0,0.41900000,29144.2000
1623554600731000,0,0.00490593,29177.6900
1623554612878000,1,0.00674134,29146.1000
1623554627015000,1,0.00203953,29124.3600
1623554631370000,1,0.07033323,29103.8300
1623554631371000,1,0.14309598,29103.8300
1623554631466000,1,0.23176731,29103.6700
1623554631467000,1,0.08161600,29103.6700
1623554631472000,1,0.04227008,29103.6700
1623554631619000,1,0.35569227,29100.4500
1623554631619000,1,0.56885651,29098.6200
1623554634258000,0,0.00096000,29109.5700
1623554647014000,1,0.00070294,29070.7200
1623554651034000,1,0.01582010,29052.0300
1623554651037000,1,0.69254206,29052.0300
1623554651037000,1,0.45000000,29052.0300
1623554651052000,1,0.16384397,29052.0300
1623554651052000,1,0.20652602,29052.0300
1623554651058000,1,0.30978903,29052.0300
1623554651175000,1,0.73802102,29052.0300
1623554651201000,1,0.45765780,29052.0300
1623554651366000,1,0.01716764,29050.0000
1623554651366000,1,0.36448973,29050.0000
1623554651379000,1,0.15063522,29050.0000
1623554651784000,1,0.06402042,29048.0700
1623554652921000,1,0.00070393,29029.7600
1623554652921000,1,0.07952236,29022.4000
1623554653516000,1,0.08818895,29020.2100
1623554653660000,1,0.27291325,29020.2100
1623554653772000,1,0.27398810,29020.2100
1623554653803000,1,0.32180527,29020.2100
1623554654031000,1,0.00184331,29020.2000
1623554654031000,1,0.06795187,29019.1000
1623554654031000,1,1.35090482,29017.2100
1623554654154000,1,0.29499735,29017.2100
1623554654154000,1,0.15163415,29017.2100
1623554654158000,1,0.16128360,29017.2100
1623554654159000,1,0.11303637,29017.2100
1623554654161000,1,0.08059535,29017.2100
1623554654164000,1,0.16266208,29017.2100
1623554654166000,1,0.16817606,29017.2100
1623554654346000,1,0.55091022,29017.2100
1623554655089000,1,0.20000000,29010.0000
1623554655089000,1,0.00070442,29009.2800
1623554655089000,1,0.00068962,29008.6400
1623554655089000,1,0.15300056,29007.7900
1623554655089000,1,1.14560540,29005.9800
1623554656094000,1,0.35439460,29005.9800
1623554656094000,1,0.19462228,29000.0700
1623554656364000,0,0.09000000,29008.5600
1623554656378000,0,0.57000000,29008.5600
1623554656410000,0,0.00092812,29014.3100
1623554657309000,0,0.00093750,29015.7300
1623554661268000,0,0.03000000,29019.9000
1623554661335000,0,0.35473185,29019.9000
1623554661359000,0,0.15826815,29019.9000
1623554676535000,0,0.58200000,29049.2400
1623554676948000,0,0.17141000,29051.0000
1623554678101000,0,0.00000976,29051.0000
1623554687201000,0,0.01320000,29041.5000
1623554693572000,1,0.15826815,29017.8000
1623554700387000,0,0.00172000,29031.2200
1623554704439000,0,0.66000000,29014.1700
1623554704522000,1,0.00094687,29013.1300
1623554704522000,1,0.13449918,29011.9200
1623554704523000,1,0.21582763,29011.9200
1623554704524000,1,0.11017626,29011.9200
1623554704524000,1,0.13342447,29011.9200
1623554704551000,1,0.27368036,29011.9200
1623554704554000,1,0.13039210,29011.9200
1623554704790000,1,0.00366882,29003.4100
1623554704804000,1,0.03075032,29003.4100
1623554705193000,1,0.10000000,29000.0000
1623554705193000,1,0.00171568,29000.0000
1623554705193000,1,0.01699206,29000.0000
1623554705193000,1,0.10000000,29000.0000
1623554705193000,1,0.00200000,28999.9900
1623554705271000,1,0.12195764,28994.4900
1623554705291000,1,0.18072400,28994.4900
1623554705296000,1,0.18285404,28994.4900
1623554705309000,1,0.08542406,28994.4900
1623554705311000,1,0.22488044,28994.4500
1623554705312000,1,0.16141020,28994.4500
1623554705331000,1,0.10206434,28994.4500
1623554705357000,1,0.01529204,28994.4500
1623554705376000,1,0.21965328,28994.4500
1623554705379000,1,0.27569970,28994.4500
1623554705379000,1,1.92158068,28993.0000
1623554705468000,1,0.07741932,28993.0000
1623554705519000,1,0.00090937,28989.2600
1623554705519000,1,0.00070492,28988.8000
1623554705519000,1,0.00218152,28985.9000
1623554705519000,1,0.06775701,28982.4400
1623554705720000,1,0.22070774,28982.4400
1623554705935000,1,1.43019560,28982.4400
1623554706112000,1,0.07155282,28982.4400
1623554706177000,1,0.01900000,28982.4400
1623554706436000,1,1.22498683,28982.4400
1623554706436000,1,0.16308211,28976.7600
1623554706436000,1,0.01000000,28971.6000
1623554706436000,1,0.00691018,28971.3100
1623554706436000,1,0.00206430,28968.6600
1623554706936000,1,0.06896303,28950.0000
1623554706936000,1,0.00070592,28947.8400
1623554706936000,1,1.36192645,28947.7000
1623554707869000,0,0.00527978,28963.8100
1623554709556000,0,0.00093750,28960.7500
1623554709651000,0,0.49906250,28960.7500
1623554711018000,0,0.00267900,28980.2100
1623554713075000,0,0.03000000,28988.6400
1623554713075000,0,0.00586019,28989.0700
1623554713973000,0,0.45318000,28955.1600
1623554714245000,0,0.30218000,28964.5000
1623554714335000,0,0.07482000,28964.5000
1623554715630000,0,0.15000000,28965.2100
1623554715729000,0,0.20000000,28965.2100
1623554715824000,0,0.25000000,28965.2100
1623554715917000,0,0.30000000,28965.2100
1623554715997000,0,0.10100000,28965.2100
1623554716953000,0,0.36500000,28948.2300
1623554718001000,1,1.50000000,28947.7000
1623554718055000,1,0.00093750,28947.7000
1623554718080000,1,0.17133605,28947.7000
1623554718703000,1,0.00924757,28922.3900
1623554718704000,1,0.00000001,28922.3900
1623554719520000,1,0.13753229,28913.0000
1623554719540000,1,0.07392955,28913.0000
1623554719543000,1,0.00093750,28913.0000
1623554719552000,1,0.40772836,28913.0000
1623554719588000,1,0.04248432,28913.0000
1623554719606000,1,0.26015786,28913.0000
1623554719720000,1,1.43440907,28913.0000
1623554719746000,1,0.09000000,28913.0000
1623554719928000,0,0.00344000,28913.0100
1623554719947000,1,0.07746552,28913.0000
1623554720013000,1,0.50955553,28913.0000
1623554720135000,1,0.00070692,28906.8800
1623554720135000,1,0.05000000,28906.7500
1623554720135000,1,0.17787232,28905.3600
1623554720727000,1,0.00550000,28890.0000
1623554721167000,0,0.09000000,28890.0100
1623554721336000,1,0.00200000,28878.3500
1623554721367000,1,1.30000000,28878.3500
1623554722503000,0,0.30234000,28882.2400
1623554726784000,0,0.00090937,28922.5500
1623554726784000,0,0.00047690,28923.7700
1623554727198000,0,0.00227886,28900.6300
1623554727319000,0,0.03008988,28900.6300
1623554728619000,1,0.00092812,28899.2900
1623554728619000,1,0.00090000,28890.8800
1623554728619000,1,0.66000000,28885.1600
1623554728619000,1,0.00092812,28883.7200
1623554728619000,1,0.33724376,28878.9800
1623554729545000,0,0.01200000,28921.6400
1623554730838000,0,0.20000000,28944.6000
1623554730963000,0,0.30000000,28944.6000
1623554732488000,0,1.00100000,28949.1100
1623554741577000,0,0.03451942,28987.1800
1623554741577000,0,0.03451942,28987.2000
1623554743174000,1,0.35743000,28969.5900
1623554747269000,1,0.21461089,28957.7900
1623554747269000,1,0.35762526,28955.7400
1623554747269000,1,0.03577641,28952.7200
1623554747269000,1,0.00094687,28950.0100
1623554747269000,1,0.02700000,28946.2100
1623554747269000,1,0.03000000,28944.5700
1623554747269000,1,0.33404057,28944.3600
1623554748677000,0,0.55573000,28967.5000
1623554752915000,1,0.21458000,28957.1800
1623554755027000,1,0.00000185,28957.1800
1623554764143000,0,0.44600000,28945.0600
1623554787655000,0,0.48100000,28964.8000
1623554808183000,0,1.00000000,28973.8000
1623554814792000,1,0.17188390,28983.1500
1623554816925000,0,0.56806250,28972.9500
1623554824170000,0,0.64300000,28973.5600
1623554835384000,0,0.58700000,28949.9700
1623554846642000,0,0.60400000,28944.1300
1623554848636000,1,0.00205000,28965.1000
1623554856737000,0,0.99642270,28973.6100
1623554862056000,0,0.00206372,28991.6300
1623554880640000,0,0.39300000,28983.7800
1623554887075000,0,0.00177000,28999.0500
1623554900204000,0,0.35400000,28979.0700
1623554907944000,1,0.17729340,28967.9700
1623554908925000,0,0.00253974,28965.1100
1623554913149000,1,0.00000074,28965.1000
1623554914315000,0,0.53800000,28951.7300
1623554967381000,1,0.00205140,28955.7900
1623554976334000,0,0.37800000,28958.2500
1623554985123000,0,0.60400000,28973.2900
1623555025611000,0,0.01074830,28976.9200
1623555046190000,0,1.00000000,28992.4300
1623555051219000,0,0.99900000,29001.3800
1623555053943000,0,0.21428267,29021.8800
1623555059930000,0,0.00090000,29043.9600
1623555059930000,0,0.00093000,29048.5700
1623555060435000,0,0.14907000,29048.5700
1623555060446000,0,0.35679468,29049.0100
1623555095083000,0,0.00111281,29025.2600
1623555099952000,1,0.00204766,29008.5700
1623555100055000,1,0.00000001,29008.5700
1623555108203000,0,0.21433675,29010.0400
1623555117887000,0,0.21426199,29018.7900
1623555117887000,0,0.35715364,29019.1300
1623555120251000,0,0.00090000,29032.1500
1623555120251000,0,0.00076944,29033.8100
1623555132650000,0,0.21422203,29026.0500
1623555132650000,0,0.28563215,29026.1200
1623555132658000,0,0.42851914,29028.6800
1623555147465000,1,0.10305000,29010.1900
1623555180595000,0,0.19196000,28981.6100
1623555207192000,0,0.00204887,28982.0700
1623555207875000,1,0.09419000,28969.0900
1623555208065000,1,0.00000989,28969.0900
1623555240261000,0,0.02360459,28954.4500
1623555240591000,0,0.33436493,28954.4500
1623555240598000,0,0.21474186,28955.7800
1623555240830000,0,0.50000000,28958.8100
1623555249087000,0,0.13260944,28985.3100
1623555249103000,0,0.08193060,28985.3100
1623555249103000,0,0.07690003,28986.9600
1623555249144000,0,0.13773572,28986.9600
1623555288603000,0,0.01345315,28993.2500
1623555299120000,0,0.20104045,28988.2800
1623555299192000,0,0.01346319,28988.2800
1623555299192000,0,0.27985365,28988.7400
1623555305793000,0,0.01378000,28999.3500
1623555319898000,1,0.00950000,28981.6200
1623555330794000,0,0.21448441,28991.6800
1623555330826000,0,0.35749641,28994.3300
1623555330832000,0,0.00000379,28994.3300
1623555331687000,0,0.00383523,29001.3400
1623555332988000,0,0.08241568,29001.3400
1623555339329000,0,0.21433000,29014.7600
1623555339423000,0,0.00000719,29014.7600
1623555339423000,0,0.28577283,29016.6000
1623555339799000,0,0.00000719,29016.6000
1623555357881000,0,0.06812731,29034.4700
1623555364774000,0,0.20454000,29034.4700
1623555364853000,0,0.25000000,29034.4700
1623555364939000,0,0.04878000,29034.4700
1623555370681000,1,0.21410000,29034.6100
1623555370789000,1,0.00000556,29034.6100
1623555371821000,1,0.00094687,29012.6100
1623555371821000,1,0.43448030,29011.0000
1623555371821000,1,0.03588656,29010.9400
1623555371922000,0,0.82868627,29010.8400
1623555373026000,0,0.48500000,29018.7700
1623555373227000,0,0.09800000,29033.7800
1623555376472000,0,0.00489017,29023.5600
1623555393396000,1,0.00204907,28988.8200
1623555395621000,0,0.16532000,28971.8700
1623555396524000,0,0.33568000,28971.8700
1623555406095000,1,0.66000000,28959.4700
1623555406095000,1,0.00095625,28959.2700
1623555427972000,0,0.21454000,28983.9700
1623555454619000,1,0.20462099,28975.2000
1623555454736000,0,1.09537901,28975.0800
1623555468609000,1,0.00205055,28967.8300
1623555470895000,1,0.28597559,28966.2200
1623555480297000,0,0.01364704,28970.5000
1623555480759000,0,0.46635296,28970.5000
1623555488752000,0,0.19454040,28974.5900
1623555492815000,0,0.25000000,28980.0700
1623555492816000,0,0.24982686,28980.0700
1623555492817000,0,0.03617314,28980.0700
1623555519498000,0,0.18562000,28972.7400
1623555524247000,1,0.45307763,28957.5100
1623555524248000,1,0.20305614,28957.5100
1623555524258000,1,0.67146984,28957.5100
1623555524261000,1,0.22515748,28957.5100
1623555524371000,1,0.06823891,28957.5100
1623555525492000,1,1.15323171,28948.7100
1623555525509000,1,0.18132673,28948.7100
1623555525516000,1,0.26439261,28948.7100
1623555525542000,1,0.31465865,28948.7100
1623555525587000,1,0.04839030,28948.7100
1623555541471000,0,0.62600000,28946.0000
1623555545140000,0,0.08951000,28956.5100
1623555545186000,0,0.00000749,28956.5100
1623555549498000,0,0.17465000,28944.7200
1623555549596000,0,0.25000000,28944.7200
1623555549668000,0,0.04335000,28944.7200
1623555562219000,0,0.14081052,28951.0700
1623555567390000,1,0.00227964,28951.8900
1623555578737000,0,0.21470885,28954.9100
1623555620879000,1,0.00117500,28965.5900
1623555622916000,1,0.00185400,28956.5800
1623555623109000,1,0.00561300,28952.7400
1623555623898000,1,0.00267000,28952.7400
1623555631218000,1,0.01000101,28940.9800
1623555631323000,1,0.02400000,28940.6800
1623555654384000,0,0.14765133,28947.3800
1623555654930000,0,0.40000000,28948.5400
1623555659510000,0,0.39999999,28948.5800
1623555659546000,0,0.00000001,28948.5800
1623555659546000,0,0.12884014,28950.0400
1623555661019000,0,0.00245675,28951.2000
1623555665190000,1,0.66000000,28944.2000
1623555670854000,0,0.10022000,28951.2000
1623555674775000,1,0.14888000,28934.5600
1623555683171000,1,0.01429000,28899.7900
1623555687178000,0,0.00228012,28930.0700
1623555705360000,1,0.07177312,28911.3300
1623555705869000,1,0.03458244,28900.8100
1623555705883000,1,0.00000001,28900.8100
1623555705883000,1,0.08646330,28894.6800
1623555707446000,0,0.00338331,28895.3300
1623555717556000,0,0.09509306,28900.1100
1623555717979000,0,0.00000001,28900.1100
1623555723117000,0,0.06017960,28913.0800
1623555723547000,1,0.03458000,28904.7800
1623555723999000,0,0.00122815,28913.0800
1623555724511000,1,0.00093750,28909.4300
1623555724511000,1,0.08552250,28907.1700
1623555739842000,0,0.14647000,28942.5300
1623555788718000,0,0.21466000,28962.1000
1623555807297000,0,0.00000810,28962.1000
1623555811959000,1,0.00086306,28966.8900
1623555815229000,1,0.00204286,28962.1000
1623555817493000,1,0.10000000,28961.1100
1623555822648000,0,0.00254091,28962.0700
1623555834632000,0,0.21470006,28958.2900
1623555834656000,0,0.35785866,28961.0100
1623555834665000,0,0.35783928,28961.6000
1623555840258000,0,0.00091875,28961.6200
1623555840258000,0,0.00740817,28980.6500
1623555847492000,0,0.07891000,28980.6500
1623555849856000,0,0.00000422,28980.6500
1623555876749000,0,0.00127028,29008.3400
1623555886059000,0,0.01704454,29020.3300
1623555888191000,0,0.21428234,29018.7000
1623555888191000,0,0.34013593,29020.3300
1623555890422000,0,0.20000000,29026.4300
1623555904588000,1,0.17682000,29008.3000
1623555913730000,0,0.00679045,29014.7100
1623555915019000,0,0.01018429,29016.0900
1623555927001000,0,0.66000000,29025.8300
1623555930192000,1,0.21413842,29020.7300
1623555930192000,1,0.28551789,29019.0800
1623555930192000,1,0.16034369,29015.8500
1623555931937000,0,0.06007345,29026.4600
1623555932439000,0,0.00000001,29026.4600
1623555932439000,0,0.17551747,29032.9400
1623555932686000,0,0.13800000,29035.3700
1623555938006000,0,0.13027904,29046.9500
1623555938834000,0,0.00579560,29046.9500
1623555950201000,1,0.00095625,29053.2000
1623555950201000,1,0.02265418,29052.0300
1623555952813000,1,0.00124266,29059.4900
1623555953511000,1,0.00340316,29055.9200
1623555953626000,0,0.00280913,29078.4700
1623555960334000,0,0.21376033,29092.4700
1623555960334000,0,0.06338848,29093.0600
1623555963537000,1,0.00680264,29074.3700
1623555968115000,1,0.08708000,29063.2200
1623556005220000,1,0.09922237,29033.9900
1623556005227000,1,0.18611510,29033.9900
1623556005227000,1,0.02054081,29033.7700
1623556005240000,1,0.19304967,29033.7700
1623556005243000,1,0.07174995,29033.7700
1623556005457000,1,0.35667281,29026.2500
1623556005457000,1,0.03442815,29023.7100
1623556005457000,1,0.03443668,29023.7100
1623556013378000,1,0.00176383,29010.1800
1623556022256000,1,0.09865000,29016.2300
1623556024240000,1,0.15114000,29001.1100
1623556024307000,1,0.45000000,29001.1100
1623556024400000,1,0.15000000,29001.1100
1623556024468000,1,0.20000000,29001.1100
1623556024533000,1,0.15000000,29001.1100
1623556024614000,1,0.35000000,29001.1100
1623556024680000,1,0.75000000,29001.1100
1623556024747000,1,0.20000000,29001.1100
1623556024816000,1,0.67786000,29001.1100
1623556026781000,1,0.03447848,28981.9000
1623556026781000,1,0.03447848,28981.8900
1623556026781000,1,0.03447848,28981.8800
1623556027044000,0,0.10496744,28982.1500
1623556027044000,0,0.00091875,28998.0400
1623556027044000,0,0.00092812,29004.3000
1623556027044000,0,0.40012295,29007.3000
1623556028764000,0,0.00093750,28970.4300
1623556028764000,0,0.17704189,28973.1000
1623556034555000,1,0.09376174,28968.7600
1623556034555000,1,0.17406480,28968.6800
1623556035914000,1,0.10479000,28962.0900
1623556037192000,1,0.20279522,28958.0000
1623556037229000,1,0.03601102,28951.0400
1623556037336000,0,1.26398898,28951.0000
1623556038445000,0,0.11902701,28956.9100
1623556038456000,0,0.08117777,28956.9100
1623556040584000,0,0.21465000,28961.5300
1623556040686000,0,0.00000656,28961.5300
1623556040686000,0,0.28620344,28963.1300
1623556042208000,0,0.21465000,28961.5300
1623556042236000,0,0.00000656,28961.5300
1623556042236000,0,0.00000821,28963.1300
1623556042236000,0,0.18217329,28963.1300
1623556042247000,0,0.10403836,28963.1300
1623556051709000,1,0.00241000,28979.8900
1623556054571000,1,0.00068000,28971.7600
1623556068282000,0,0.16714000,28991.2000
1623556068369000,0,0.19886000,28991.2000
1623556071656000,0,0.01537320,28999.3200
1623556080253000,0,0.00339493,29000.5600
1623556094794000,1,0.11261721,28966.2600
1623556107686000,1,0.21468154,28942.1400
1623556112074000,0,0.56100000,28950.9200
1623556114184000,1,0.01060000,28943.6500
1623556122204000,0,0.39014000,28966.1000
1623556122902000,0,0.13586000,28966.1000
1623556128388000,0,0.21460000,28974.1100
1623556150196000,0,0.00112961,28983.5500
1623556160075000,0,0.13800000,28989.2600
1623556160214000,0,0.18787939,28993.5700
1623556160217000,0,0.39512061,28993.5700
1623556186027000,1,0.21442309,28981.0500
1623556186049000,1,0.35736524,28975.9100
1623556186129000,1,0.35742079,28972.1900
1623556186169000,1,0.90231399,28972.2200
1623556186185000,0,0.00093750,28980.4500
1623556186185000,0,0.00093750,28981.3500
1623556186185000,0,0.00096562,28986.4900
1623556186185000,0,0.00056689,28995.6900
1623556186205000,1,0.18754112,28971.7700
1623556192076000,0,0.28611018,28970.3700
1623556202192000,0,0.42436121,28953.0700
1623556202392000,0,0.06363000,28953.0700
1623556220466000,0,0.10000000,28937.7300
1623556220629000,0,0.52700000,28937.7300
1623556224018000,0,0.01000000,28953.0200
1623556238829000,0,0.22067688,28949.7600
1623556252870000,0,0.00168965,28934.6100
1623556259309000,0,0.31473228,28930.4300
1623556259357000,0,0.10093179,28930.4300
1623556259357000,0,0.17282840,28930.4300
1623556259401000,0,0.04850753,28930.4300
1623556259401000,0,0.21316090,28934.6100
1623556260330000,0,0.00102893,28947.1900
1623556260816000,0,0.21680640,28947.1200
1623556262337000,1,0.00091875,28925.9800
1623556274988000,1,0.00160400,28906.9700
1623556275090000,1,0.00287599,28906.9700
1623556279843000,0,0.12654673,28932.7000
1623556279845000,0,0.08833134,28932.7000
1623556284077000,0,0.09649727,28945.5400
1623556284089000,0,0.13800000,28949.3600
1623556306062000,0,0.34923372,28965.2700
1623556307695000,0,0.14085835,28965.2700
1623556307701000,0,0.14090793,28965.2700
1623556317403000,0,0.00564181,28983.2100
1623556320286000,0,0.00171096,28979.3100
1623556348039000,0,0.21455335,28978.2600
1623556348040000,0,0.23275186,28980.7100
1623556353336000,1,0.21447000,28971.5800
1623556356181000,1,0.15057336,28963.9100
1623556356182000,1,0.06397508,28963.9100
1623556356182000,1,0.13768837,28959.1400
1623556356182000,1,0.21988139,28959.1400
1623556356182000,1,0.02599163,28959.1300
1623556363245000,0,0.00206000,28958.1700
1623556371218000,0,0.00570388,28944.9200
1623556372410000,1,0.00228074,28938.0200
1623556380877000,0,0.23019974,28944.9200
1623556381062000,0,0.37509638,28944.9200
1623556401010000,0,0.00100000,28955.2700
1623556424877000,0,0.09091869,28955.1300
1623556426343000,0,0.18787690,28955.1300
1623556426344000,0,0.13020441,28955.1300
1623556442072000,1,0.21454000,28961.9200
1623556442089000,1,0.00000779,28961.9200
1623556448935000,0,0.00398614,28968.5400
1623556468460000,0,0.00102000,28966.6700
1623556468734000,0,0.14450677,28966.6700
1623556471132000,0,0.24047323,28966.6700
1623556471266000,0,0.21454885,28977.3100
1623556480540000,1,0.21444686,28975.6000
1623556480540000,1,0.28592320,28974.6500
1623556482895000,0,0.47726000,28965.7200
1623556483328000,0,0.00974000,28965.7200
1623556483345000,1,0.21453594,28962.6900
1623556485735000,0,0.14711070,28967.6700
1623556485763000,0,0.26492000,28967.6700
1623556485766000,0,0.09796930,28967.6700
1623556491194000,1,0.21453594,28962.6900
1623556500435000,0,0.08863911,28967.4800
1623556500435000,0,0.21462046,28968.4600
1623556500435000,0,0.35771189,28971.8600
1623556500435000,0,0.33902854,28972.4600
1623556505951000,1,0.00095625,28948.0400
1623556505951000,1,0.00356975,28946.7800
1623556526275000,0,0.00152605,28959.0200
1623556537002000,0,0.59486000,28948.2100
1623556537021000,0,0.01214000,28948.2100
1623556537716000,0,0.01204800,28956.5000
1623556544307000,0,0.43708000,28953.7100
1623556548900000,0,0.00844000,28963.6300
1623556559514000,0,0.00388448,28964.5300
1623556562171000,1,0.21462438,28953.0000
1623556562199000,1,0.28616584,28951.4800
1623556565154000,0,0.00900000,28964.5300
1623556566406000,1,0.00196300,28949.9900
1623556568090000,1,0.00286200,28949.9800
1623556667253000,1,0.21458176,28957.4700
1623556671524000,0,0.01204430,28972.6700
1623556684356000,0,0.52000000,28964.6000
1623556684617000,0,0.50960000,28964.0700
1623556684624000,0,0.20064519,28964.0700
1623556698075000,0,0.00707000,28962.1700
1623556717657000,0,0.28063584,28929.4900
1623556717728000,0,0.18036416,28929.4900
1623556725054000,1,0.35036000,28920.2100
1623556725148000,1,0.30000000,28920.2100
1623556725253000,1,0.30000000,28920.2100
1623556725341000,1,0.25000000,28920.2100
1623556725447000,1,0.30000000,28920.2100
1623556725853000,1,0.17955000,28920.2100
1623556726012000,1,0.00000553,28920.2100
1623556745744000,0,0.00099000,28938.4900
1623556745833000,0,0.00829000,28938.4900
1623556748973000,1,0.00072700,28929.4400
1623556750133000,0,0.00565318,28942.6600
1623556762878000,0,0.00102863,28953.0300
1623556767048000,0,0.35000000,28953.7300
1623556769193000,0,0.17955000,28953.7300
1623556769277000,0,0.09545000,28953.7300
1623556774025000,0,0.00111723,28956.6200
1623556774872000,1,0.28618413,28944.4700
1623556778245000,0,0.00133000,28943.6700
1623556793933000,1,0.00200000,28922.3500
1623556794002000,1,0.00028197,28922.3500
1623556801284000,0,0.00086024,28910.4900
1623556803972000,1,0.66000000,28887.5300
1623556806887000,1,1.73220000,28878.3500
1623556810290000,0,0.01017850,28896.0000
1623556818739000,0,0.60000000,28916.9500
1623556818740000,0,0.03900000,28916.9500
1623556828468000,0,0.05327042,28939.3600
1623556839426000,0,0.00594137,28930.3500
1623556847960000,1,0.00142800,28899.4200
1623556856892000,0,0.01231000,28928.9200
1623556856923000,0,0.56069000,28928.9200
1623556860663000,0,0.27634000,28944.0400
1623556861131000,0,0.07966000,28944.0400
1623556870105000,1,0.00114100,28929.4200
1623556876077000,0,0.79219621,28949.4400
1623556911704000,0,0.00249950,28969.7600
1623556925864000,0,0.06382776,28967.4900
1623556926490000,0,0.00100000,28967.3800
1623556945335000,0,0.00112986,28934.4800
1623556948749000,0,0.00086193,28934.7900
1623556950230000,0,0.00309100,28934.7900
1623556958862000,0,0.17034000,28934.7900
1623556958942000,0,0.40070000,28934.7900
1623556958947000,0,0.00000707,28934.7900
1623556961520000,1,0.21473862,28933.9700
1623556961646000,0,0.21473862,28933.8700
1623556965795000,0,0.00265000,28941.2200
1623557017340000,1,0.28649586,28914.2100
1623557019947000,1,0.01300000,28913.3800
1623557019964000,1,0.35811983,28911.1400
1623557019964000,1,0.21492095,28910.6700
1623557020126000,1,0.35815432,28908.4900
1623557020131000,1,0.00344110,28907.4300
1623557020131000,1,0.57284004,28904.9100
1623557021995000,1,0.00069362,28908.7500
1623557022845000,0,0.01326000,28907.5500
1623557027851000,1,0.01166000,28873.5000
1623557027869000,1,0.00000507,28873.5000
1623557031349000,0,0.00157000,28875.8200
1623557038402000,0,0.41594140,28875.8200
1623557038416000,0,0.00848860,28875.8200
1623557045371000,1,0.00070792,28865.9200
1623557046732000,1,0.50000000,28850.1000
1623557046818000,1,0.08800000,28850.1000
1623557046851000,1,0.41200000,28850.1000
1623557047303000,1,0.00069353,28844.8000
1623557047303000,1,0.01573597,28843.7400
1623557049170000,1,0.66000000,28843.8500
1623557049170000,1,0.22154094,28843.7400
1623557049767000,1,0.30000000,28843.7400
1623557049789000,1,0.94602665,28843.7400
1623557049904000,1,1.05510000,28843.7400
1623557050249000,1,0.25000000,28843.7400
1623557050325000,1,0.24579000,28843.7400
1623557050434000,1,0.00000644,28843.7400
1623557051056000,1,0.66000000,28829.3300
1623557051056000,1,0.08707833,28825.5900
1623557052945000,1,0.00070893,28824.9600
1623557052945000,1,0.01403231,28824.5800
1623557054120000,0,0.50000000,28843.2400
1623557054417000,0,0.31975000,28843.8200
1623557054666000,0,0.23725000,28843.8200
1623557080010000,1,0.00093750,28863.4900
1623557080010000,1,0.01979418,28858.7800
1623557086081000,0,0.26281857,28898.4600
1623557093505000,0,0.00169479,28909.1900
1623557096576000,0,0.21502000,28914.3100
1623557096581000,0,0.00000308,28914.3100
1623557096612000,0,0.16458691,28920.8900
1623557096616000,0,0.09926004,28920.8900
1623557096628000,0,0.16624327,28920.8900
1623557096641000,0,0.19894426,28922.9600
1623557096753000,0,0.57363170,28925.0900
1623557096790000,0,0.28668109,28917.8500
1623557096790000,0,0.21497993,28919.6500
1623557098136000,1,0.21477282,28928.7300
1623557114962000,0,0.38899999,28946.6800
1623557114991000,0,0.00000001,28946.6800
1623557120972000,1,0.21462000,28952.4200
1623557131858000,1,0.00000148,28952.4200
1623557137615000,0,0.02710655,28963.4400
1623557142906000,1,0.28625029,28943.3600
1623557143020000,1,0.28627199,28941.3200
1623557149573000,1,0.00179000,28921.1700
1623557160257000,1,0.03437700,28917.2900
1623557184847000,0,0.19151545,28927.1800
1623557184848000,0,0.02339878,28927.1800
1623557184848000,0,0.47400000,28927.6000
1623557240690000,1,0.28606000,28961.1700
1623557240714000,1,0.00000174,28961.1700
1623557267795000,1,0.00837000,28959.8700
1623557267880000,1,0.00000088,28959.8700
1623557284570000,1,0.21476489,28928.4700
1623557285047000,0,0.00092000,28940.6800
1623557319052000,0,0.47517965,28931.8100
1623557319053000,0,0.04982035,28931.8100
1623557330564000,0,0.02047024,28937.6100
1623557345472000,0,0.14548072,28949.7700
1623557345477000,0,0.21051928,28949.7700
1623557349644000,0,0.52528000,28965.1400
1623557370502000,0,0.21456992,28977.6500
1623557370618000,0,0.28609676,28978.9500
1623557370648000,0,0.21456992,28977.6500
1623557371023000,0,0.13800000,28985.0000
1623557371023000,0,0.36300000,28985.2200
1623557371050000,0,0.10538131,28987.5500
1623557371593000,0,0.09000000,28989.5400
1623557400262000,0,0.00745342,28987.9500
1623557406992000,1,0.21444494,28976.1000
1623557406992000,1,0.28591798,28976.0900
1623557407808000,1,1.41000000,28972.2600
1623557410763000,0,0.00636212,28977.7500
1623557412763000,0,0.00092812,28973.0400
1623557414006000,0,0.03452000,28979.8200
1623557414159000,0,0.00000419,28979.8200
1623557425348000,1,0.21445496,28971.9300
1623557425437000,1,0.28594249,28971.1700
1623557425467000,1,0.00000033,28971.1700
1623557427044000,0,0.00167000,28975.2800
1623557431986000,0,0.47134000,28984.5600
1623557432062000,0,0.07166000,28984.5600
1623557441531000,0,0.52430000,28999.8800
1623557441734000,0,0.01070000,28999.8800
1623557443190000,0,0.28576624,29012.3400
1623557443757000,0,0.13800000,29016.9700
1623557444751000,0,0.00385508,29016.7500
1623557456222000,1,0.96839959,29007.0100
1623557460998000,1,0.18206357,29000.8600
1623557461000000,1,0.14126683,29000.8600
1623557461010000,1,0.03364992,29000.8600
1623557461010000,1,0.13232585,29000.2300
1623557461016000,1,0.08190726,29000.2300
1623557461154000,1,0.22272509,29000.1100
1623557461155000,1,0.13423897,29000.1100
1623557463291000,0,0.08060079,29009.3300
1623557463291000,0,0.27057374,29009.3300
1623557463295000,0,0.23142626,29009.3300
1623557463296000,0,0.07739921,29009.3300
1623557463296000,0,0.28577349,29010.5400
1623557463313000,0,0.15000000,29009.3200
1623557463331000,0,0.08070412,29011.8600
1623557463333000,0,0.42129588,29011.8600
1623557463472000,0,0.35719094,29017.4300
1623557463554000,0,0.03000000,29018.4600
1623557464003000,0,0.00248909,29029.6500
1623557464085000,0,0.03447895,29026.3600
1623557464085000,0,0.22410438,29026.3600
1623557472726000,0,0.00248368,29026.3400
1623557482267000,0,0.00167375,29033.0400
1623557490913000,1,0.28563004,29006.7400
1623557499396000,1,0.35711821,28995.0500
1623557499506000,1,0.11193882,28998.3900
1623557499518000,1,0.10234334,28998.3900
1623557499518000,1,0.07701574,28995.3500
1623557499519000,1,0.20143405,28995.3500
1623557499539000,1,0.07866691,28995.3500
1623557530888000,0,0.20588798,28994.5200
1623557535046000,0,0.01780000,28988.7700
1623557539317000,0,0.18643509,28995.8500
1623557565554000,1,0.19799078,28979.7900
1623557565554000,1,0.80200922,28978.7900
1623557573342000,1,0.00285970,28977.8800
1623557579454000,0,0.00221000,28991.7500
1623557581134000,0,0.21219537,28991.7500
1623557582580000,0,0.23358963,29002.8100
1623557618301000,0,0.01375500,28993.7200
1623557619428000,0,0.04838841,28998.4300
1623557623740000,1,0.02500000,28985.3900
1623557628192000,0,0.00230232,28994.0700
1623557643067000,1,0.09862687,28982.1500
1623557643075000,1,0.11577806,28982.1500
1623557643091000,1,0.14851322,28980.5900
1623557643093000,1,0.20875780,28980.5900
1623557643098000,1,0.35727830,28980.0300
1623557643307000,1,0.21440000,28982.1500
1623557652485000,0,0.03569168,28978.1100
1623557679425000,0,0.21454255,28973.6900
1623557679429000,0,0.28605896,28975.0600
1623557679529000,0,0.53900000,28979.9700
1623557679711000,0,0.35754739,28980.4100
1623557698362000,0,0.00234000,28997.5900
1623557702402000,0,0.43022000,29001.4300
1623557702436000,0,0.00878000,29001.4300
1623557720647000,0,0.63504000,29015.5100
1623557720715000,0,0.01296000,29015.5100
1623557727935000,0,0.10286335,29019.7600
1623557735163000,0,0.00149000,29018.4500
1623557750114000,0,0.03456418,29020.8600
1623557750661000,0,0.32937611,29024.5700
1623557750664000,0,0.10418759,29024.5700
1623557750698000,0,0.08943630,29024.5700
1623557750698000,0,0.09262165,29024.5900
1623557750700000,0,0.12159819,29024.5900
1623557750700000,0,0.03363873,29026.0100
1623557750702000,0,0.13041627,29026.0100
1623557752618000,0,0.02233094,29039.8700
1623557752977000,1,0.28545019,29026.7800
1623557752988000,1,0.00093750,29025.5400
1623557753093000,1,0.35771865,29022.9900
1623557753128000,1,0.00090000,29022.3800
1623557753128000,1,0.35681865,29020.9600
1623557753128000,1,0.03443882,29018.8200
1623557753138000,0,0.10241269,29023.4900
1623557753145000,0,0.11393126,29031.4700
1623557753151000,1,0.10013064,29032.2800
1623557753151000,1,0.18303750,29026.7800
1623557753151000,1,0.15127068,29020.6400
1623557753177000,1,0.21916812,29020.6400
1623557753193000,1,0.05770401,29020.6400
1623557753276000,1,0.57085111,29017.1200
1623557753276000,1,0.00091875,29016.2700
1623557770147000,0,0.21003286,29003.8100
1623557826533000,0,0.01858961,28977.6600
1623557846241000,0,0.07850476,28977.6600
1623557849020000,0,0.21023696,28974.3500
1623557849268000,0,0.00429055,28974.3500
1623557850208000,0,0.00246071,28975.6500
1623557869009000,0,0.41253929,28975.6500
1623557869023000,0,0.21450193,28978.3100
1623557869023000,0,0.28600365,28978.8500
1623557870623000,0,0.00612000,28990.6800
1623557876723000,0,0.02000000,28989.7500
1623557879234000,0,0.20648697,28989.4500
1623557879241000,0,0.09658686,28989.4500
1623557879283000,0,0.18692617,28989.4500
1623557879579000,1,0.15480266,28988.9600
1623557879618000,0,0.18318765,28988.6400
1623557879720000,0,0.09598785,28988.6400
1623557892542000,1,0.01656900,28983.9100
1623557892689000,0,0.20099845,29002.1600
1623557892731000,0,0.01338906,29002.1600
1623557892731000,0,0.18915862,29003.7100
1623557926446000,1,0.00730000,28990.8200
1623557944657000,0,0.00890601,29010.6000
1623557945366000,0,0.00876447,29010.6000
1623557948362000,0,0.11494945,29010.6000
1623557948382000,0,0.16683557,29010.6000
1623557948530000,0,0.12754000,29010.6000
1623557948664000,0,0.00000450,29010.6000
1623557965348000,0,0.00109000,29017.1400
1623557970447000,0,0.03487194,29017.9300
1623557971706000,0,0.08004377,29017.9300
1623557971725000,0,0.11992585,29017.9300
1623557971726000,0,0.17415844,29017.9300
1623558000251000,0,0.00135929,29027.0400
1623558011438000,0,0.01247000,29015.5800
1623558014712000,0,0.71277033,28996.3600
1623558014761000,0,0.41512967,28996.3600
1623558014778000,0,0.17210000,28996.3600
1623558020191000,0,0.38710000,29000.1200
1623558021689000,0,0.00790000,29000.1200
1623558021689000,0,0.00020660,29007.7900
1623558056120000,1,0.15000000,28992.2300
1623558069185000,0,0.21012550,28995.2400
1623558069394000,0,0.28588876,28996.1800
1623558100508000,0,0.36753584,28994.5800
1623558100565000,0,0.25546416,28994.5800
1623558107780000,0,0.01083233,28997.5100
1623558145634000,0,0.59800000,28976.2900
1623558145634000,0,0.18267319,28976.7800
1623558151929000,1,0.21452535,28964.5500
1623558171805000,0,0.00331000,28969.3400
1623558176282000,1,0.12000000,28952.2800
1623558189791000,1,0.21459432,28954.0200
1623558189826000,1,0.16612680,28952.2800
1623558191715000,0,0.00090937,28952.4700
1623558191746000,0,0.13856131,28958.2900
1623558205999000,0,0.34464683,28963.1500
1623558206015000,0,0.16158464,28963.1500
1623558206110000,0,0.02976853,28963.1500
1623558219339000,1,0.21449807,28963.8100
1623558219339000,1,0.28599904,28962.1100
1623558219345000,1,0.14073822,28959.8700
1623558219388000,1,0.03450870,28959.0100
1623558219388000,1,0.03451537,28957.4000
1623558219477000,1,0.35752974,28956.0000
1623558219477000,1,0.42899856,28953.3100
1623558219477000,1,0.00090937,28953.0500
1623558219477000,1,0.10043020,28952.3100
1623558219481000,1,0.12391167,28952.3100
1623558219641000,1,0.00094687,28946.3000
1623558219666000,0,0.03450870,28950.1800
1623558219671000,0,0.03451537,28950.1800
1623558219866000,1,0.00090937,28939.4500
1623558220105000,1,0.20919427,28937.6100
1623558220106000,1,0.19351978,28937.6100
1623558220111000,1,0.21010719,28937.6100
1623558220144000,1,0.11887643,28937.6100
1623558220144000,1,0.16037325,28937.6100
1623558220144000,1,0.07190675,28937.6100
1623558234551000,0,0.40000000,28935.0800
1623558234557000,0,0.08012706,28935.9600
1623558234560000,0,0.13470909,28935.9600
1623558248982000,0,0.00194206,28934.4000
1623558254622000,0,0.21481368,28937.6700
1623558254622000,0,0.49400000,28939.9200
1623558268899000,0,0.53200000,28949.9200
1623558290105000,0,0.00409482,28956.0800
1623558297245000,0,0.03526559,28959.7900
1623558315840000,0,0.41119600,28966.8200
1623558315993000,0,0.06080400,28966.8200
1623558317126000,0,0.03133120,28975.1300
1623558337525000,0,0.00251448,28982.5500
1623558352034000,1,0.03595728,28958.4400
1623558414613000,0,0.00135000,28978.8400
1623558416387000,0,0.00250000,28984.4000
1623558426826000,0,0.44830185,28973.9200
1623558428758000,0,0.05752419,28973.9200
1623558430860000,0,0.00115048,28973.9200
1623558435816000,1,0.02949800,28971.3200
1623558435998000,0,0.06860742,28989.1400
1623558439071000,0,0.06862252,28989.1400
1623558439617000,0,0.06862801,28989.1400
1623558440131000,0,0.06861879,28989.1400
1623558446550000,1,0.28588070,28978.3700
1623558451555000,1,0.28588070,28978.3700
1623558452900000,0,0.00112844,28989.1400
1623558470576000,0,0.19221046,28976.5400
1623558470576000,0,0.30778954,28977.8800
1623558520820000,1,0.21457478,28956.9800
1623558520840000,1,0.28609425,28955.8800
1623558536571000,0,0.00708729,28958.8600
1623558544665000,0,0.34208398,28959.4600
1623558544677000,0,0.13337610,28959.4600
1623558544799000,0,0.16453992,28959.4600
1623558552987000,0,0.00268000,28974.1300
1623558573870000,0,0.00160996,28988.2700
1623558600359000,0,0.00141691,28991.7000
1623558600558000,0,0.13513207,28991.7000
1623558600562000,0,0.21247460,28991.7000
1623558600568000,0,0.28697869,28991.7000
1623558600574000,0,0.18763991,28991.7000
1623558600578000,0,0.17635782,28991.7000
1623558600589000,0,0.18224319,28992.4600
1623558600606000,0,0.17659764,28992.4600
1623558600624000,0,0.11865153,28992.4600
1623558600626000,0,0.17350764,28992.4600
1623558600696000,0,0.15445562,28993.1400
1623558600702000,0,0.09795421,28993.1400
1623558600767000,0,0.11022062,28993.1400
1623558600804000,0,1.63736955,28993.1400
1623558600987000,0,0.63798000,28991.0300
1623558614904000,0,0.01079980,29008.3300
1623558659098000,0,0.00527698,29016.3000
1623558672026000,0,0.00101000,29000.6100
1623558688026000,0,0.38400000,28994.3100
1623558689083000,0,0.21007598,28999.0000
1623558700876000,1,0.21437436,28980.6700
1623558700885000,1,1.00000000,28980.0700
1623558716492000,0,0.00673952,28973.2900
1623558720268000,0,0.01023983,28976.6600
1623558722777000,0,0.00698865,28962.5800
1623558738813000,0,0.28241639,28961.2000
1623558738815000,0,0.12958361,28961.2000
1623558740308000,1,0.00205407,28969.1500
1623558742922000,0,0.00520755,28979.8500
1623558759052000,1,0.21448162,28971.4100
1623558817306000,0,0.60246702,28973.7500
1623558817403000,0,0.02853000,28973.7500
1623558819533000,0,0.00000298,28973.7500
1623558821862000,1,0.01242250,28973.1700
1623558826164000,0,0.00397809,28991.1600
1623558826461000,0,0.09419896,28991.1600
1623558837256000,0,0.01468000,28983.7300
1623558839922000,0,0.00386199,28986.5400
1623558870978000,1,0.28603000,28963.1300
1623558878335000,0,0.08150565,28966.9900
1623558878518000,0,0.28549435,28966.9900
1623558896395000,0,0.01386073,28982.1100
1623558899479000,0,0.02892119,28982.1100
1623558901519000,0,0.22340181,28982.5100
1623558901550000,0,0.20000000,28982.5100
1623558901591000,0,0.03559819,28982.5100
1623558912818000,0,0.01074760,28988.0000
1623558914340000,0,0.00170383,28992.1600
1623558924608000,1,0.21442417,28977.7400
1623558957719000,1,0.21452000,28964.6700
1623558960880000,0,0.00091875,28971.5100
1623558960880000,0,0.10830010,28971.5400
1623558960881000,0,0.10629528,28971.5400
1623558960881000,0,0.16158069,28971.8900
1623558960894000,0,0.43641931,28971.8900
1623558971638000,1,0.35761000,28953.8400
1623558971659000,1,0.00000503,28953.8400
1623558971676000,1,0.21460740,28953.0800
1623558982385000,1,0.00198144,28930.9700
1623558986073000,0,0.12208344,28941.6800
1623558990066000,0,0.00189552,28937.3000
1623558992773000,0,0.03059432,28934.9900
1623559022413000,0,0.01000000,28919.2500
1623559026276000,0,0.00159160,28919.1300
1623559030098000,0,0.05197103,28917.7300
1623559038782000,0,0.24362126,28927.0700
1623559042130000,0,0.16864649,28927.0700
1623559042791000,0,0.19279761,28927.0700
1623559043118000,0,0.00346021,28927.0700
1623559045387000,1,0.21483748,28917.7300
1623559046425000,0,0.00093750,28917.5000
1623559046425000,0,0.00090000,28917.7400
1623559046425000,0,0.00095625,28920.8300
1623559050644000,1,0.30759500,28919.1200
1623559063644000,0,0.00047443,28927.0700
1623559064151000,0,0.03410258,28938.3700
1623559064667000,0,0.17260701,28938.3700
1623559069151000,0,0.00377955,28941.6200
1623559080054000,0,0.24463040,28941.6200
1623559080062000,0,0.11057295,28941.6200
1623559080062000,0,0.16024203,28941.6200
1623559080065000,0,0.09177507,28941.6200
1623559080272000,0,0.00339428,28945.6000
1623559086352000,1,0.00245305,28946.1300
1623559118691000,0,0.19825363,28941.2000
1623559121658000,0,0.01385998,28941.2000
1623559121860000,0,0.26488639,28941.2000
1623559121860000,0,0.42506822,28945.7300
1623559133199000,1,0.00287811,28926.3700
1623559136307000,0,0.02585839,28944.9200
1623559136320000,0,0.02585839,28944.9200
1623559136887000,0,0.54809756,28944.9200
1623559155371000,0,0.00201000,28934.0500
1623559168311000,1,0.21484061,28919.1100
1623559168311000,1,0.06538070,28918.7100
1623559171120000,0,0.39800000,28932.5800
1623559176758000,0,0.02136869,28947.8600
1623559179401000,0,0.39826717,28947.8600
1623559180673000,0,0.22136000,28947.8600
1623559180749000,0,0.00000414,28947.8600
1623559181040000,0,0.00285000,28956.5600
1623559200246000,0,0.00375982,28964.6000
1623559208894000,1,0.21465000,28944.2900
1623559219632000,0,0.63700000,28949.2400
1623559223605000,1,0.00135706,28942.2200
1623559242375000,0,0.03525357,28958.1600
1623559244100000,1,0.00325772,28942.2200
1623559256391000,0,0.57330000,28953.4800
1623559261183000,1,0.01120800,28948.0400
1623559261941000,1,0.01398900,28948.0400
1623559262075000,1,0.00061300,28948.0400
1623559263649000,1,0.00271900,28948.0400
1623559263882000,0,0.03788701,28964.0100
1623559263992000,1,0.00681500,28948.0400
1623559268551000,1,0.00083500,28948.0400
1623559271093000,1,0.00133300,28948.0400
1623559283153000,0,0.02656526,28960.5800
1623559286439000,0,0.00675000,28958.6900
1623559290686000,1,0.28616703,28946.1000
1623559316605000,0,0.00167696,28950.0300
1623559317961000,0,0.39556541,28950.0400
1623559322306000,1,0.10824197,28934.6900
1623559358639000,0,0.52403268,28945.9000
1623559358900000,0,0.06296732,28945.9000
1623559359973000,0,0.29550102,28949.0900
1623559359995000,0,0.57065697,28949.0900
1623559360001000,0,0.36339657,28949.0900
1623559360017000,0,0.07044544,28949.0900
1623559377123000,0,0.01032606,28980.0700
1623559434513000,0,0.00139246,28987.9000
1623559440310000,0,0.00168344,28987.9000
1623559445504000,0,0.02722791,28987.9000
1623559455408000,0,0.00576616,28994.7400
1623559458178000,0,0.00178663,28994.7400
1623559462091000,0,0.11201088,28994.7400
1623559462112000,0,0.24556211,28994.7400
1623559463419000,0,0.15672000,28994.7400
1623559464831000,0,0.08247114,28994.7400
1623559470203000,0,0.00111664,29003.0900
1623559492893000,0,0.00536056,28999.6100
1623559519037000,0,0.00944970,28957.5600
1623559552997000,0,0.00109000,28951.1500
1623559556297000,1,0.07406519,28936.8100
1623559557309000,0,0.01691225,28953.0300
1623559560766000,0,0.60400000,28955.6600
