timestamp ms,type,amount,price
1623715232881000,0,0.00961942,33395.9200
1623715234772000,1,1.60000000,33361.4300
1623715235746000,0,0.00303000,33390.5000
1623715247974000,1,0.11358205,33393.3700
1623715248020000,1,0.03641795,33393.3700
1623715266986000,0,0.10203464,33436.6600
1623715266992000,0,0.04486536,33436.6600
1623715267915000,0,0.00012838,33439.4900
1623715267915000,0,0.99965002,33450.1700
1623715268458000,0,0.58834298,33450.1700
1623715285587000,0,0.00532291,33440.1300
1623715297681000,0,0.00174056,33444.5000
1623715300800000,0,0.00003552,33444.5000
1623715300800000,0,0.01200700,33450.1700
1623715312250000,0,0.02291172,33471.3500
1623715317354000,0,0.00029139,33493.6500
1623715317354000,0,0.00060000,33499.0000
1623715317354000,0,0.10000000,33500.0000
1623715317354000,0,0.17534441,33500.0000
1623715317354000,0,0.08077735,33500.0000
1623715317355000,0,0.11922265,33500.0000
1623715317355000,0,0.01500000,33500.0000
1623715317355000,0,0.00300000,33500.0000
1623715317355000,0,0.02500000,33500.0000
1623715317355000,0,0.50000000,33500.0000
1623715317594000,0,0.00075360,33502.5100
1623715317594000,0,0.04935551,33508.6300
1623715317714000,0,0.33097886,33508.6300
1623715317760000,0,0.03902055,33508.6300
1623715317781000,0,0.04342418,33508.6300
1623715317998000,0,0.00390210,33508.6300
1623715318078000,0,1.23028901,33508.6300
1623715318207000,0,0.19397898,33508.6300
1623715318394000,0,0.16950462,33508.6300
1623715318396000,0,0.30002894,33508.6300
1623715318427000,1,0.03118632,33507.7900
1623715318953000,0,0.63951725,33508.6300
1623715318996000,0,0.00091556,33510.3600
1623715318996000,0,0.00002194,33514.0200
1623715319780000,1,0.00095625,33508.6200
1623715328776000,0,0.00058691,33514.0200
1623715328776000,0,0.00060885,33514.0200
1623715328776000,0,0.00061478,33516.5100
1623715330933000,1,0.30251978,33486.9700
1623715331647000,0,0.00087000,33508.4300
1623715342885000,0,0.00708000,33518.1400
1623715349734000,0,0.00060000,33524.0000
1623715349854000,0,0.18470911,33528.0600
1623715349867000,0,0.10877546,33529.1600
1623715349871000,0,0.13750567,33529.1600
1623715351714000,0,0.00635000,33548.5300
1623715355243000,1,0.00549781,33522.3000
1623715356695000,1,0.09946187,33537.3300
1623715356696000,1,0.18925926,33537.3300
1623715358243000,0,0.08948866,33547.5300
1623715358243000,0,0.07436596,33548.8400
1623715358379000,0,0.84111752,33548.8400
1623715359547000,0,0.41581170,33548.8400
1623715359549000,0,0.81141614,33548.8400
1623715359564000,0,0.18110909,33548.8400
1623715359609000,0,0.29129919,33548.8400
1623715359610000,0,0.27997987,33548.8400
1623715359613000,0,0.10490053,33548.8400
1623715359746000,0,0.00060000,33549.0000
1623715359746000,0,0.00060073,33551.2600
1623715377224000,0,0.01146434,33543.8300
1623715386958000,1,0.09536045,33521.1800
1623715387691000,1,0.10704884,33519.3900
1623715387691000,1,0.16411247,33519.3900
1623715387691000,1,0.17312964,33519.3900
1623715390504000,0,0.00217040,33531.2700
1623715412256000,0,0.01018371,33474.5400
1623715440327000,0,0.01894847,33385.8400
1623715440436000,1,0.00350000,33358.2500
1623715443934000,1,0.11845036,33348.3000
1623715444897000,0,0.03118633,33354.3600
1623715487416000,1,0.02704064,33258.9900
1623715489841000,1,0.20183771,33242.2500
1623715496490000,1,0.00090000,33253.9000
1623715503648000,0,0.01285927,33306.9000
1623715534885000,1,0.00073100,33278.7600
1623715535671000,1,0.00901250,33270.3300
1623715539827000,0,0.00087000,33301.6800
1623715550025000,0,0.02104486,33256.7000
1623715550640000,0,0.02104486,33252.7000
1623715551121000,1,0.12414464,33233.0100
1623715551457000,0,0.12650707,33249.8300
1623715553623000,1,0.00677246,33230.9700
1623715553726000,1,0.09614111,33230.9700
1623715553728000,1,0.00000001,33230.9700
1623715554121000,1,0.07179169,33217.5500
1623715554122000,1,0.04974676,33217.5500
1623715555018000,1,0.02949817,33214.0700
1623715555416000,1,0.07392324,33214.0700
1623715555942000,1,0.10610667,33214.9600
1623715557681000,1,0.00250100,33197.0600
1623715557786000,1,0.06695893,33197.0600
1623715557889000,1,0.00090624,33197.0600
1623715558042000,0,0.11214126,33223.8800
1623715560242000,0,0.02400000,33219.5500
1623715560242000,0,0.00525228,33219.5600
1623715567865000,1,0.05000000,33214.4100
1623715567865000,1,0.62000000,33214.4000
1623715570193000,0,0.00176000,33227.8800
1623715573050000,0,0.00076785,33214.0700
1623715573050000,0,0.00076785,33214.0700
1623715573050000,0,0.00095625,33222.3600
1623715573050000,0,0.01951924,33226.8600
1623715573585000,0,0.01172962,33226.8600
1623715573585000,0,0.01028157,33228.6000
1623715583300000,1,0.09680900,33170.9800
1623715584680000,0,0.00292000,33192.1300
1623715589182000,1,0.00118200,33178.4600
1623715602531000,0,0.10855443,33229.5200
1623715602531000,0,0.00096562,33237.8900
1623715602531000,0,1.81484250,33238.2000
1623715604466000,0,0.00536000,33233.9100
1623715606426000,0,0.00289000,33243.7500
1623715613520000,1,0.08609000,33211.1700
1623715614596000,1,0.00000889,33211.1700
1623715614596000,1,0.14113111,33207.9800
1623715614668000,1,0.00001365,33207.9800
1623715670046000,0,0.00096641,33233.6500
1623715672935000,0,0.00200000,33232.2400
1623715692157000,0,0.02201757,33210.0100
1623715692907000,0,0.00091875,33212.3600
1623715692907000,0,0.02109882,33213.7800
1623715693773000,1,0.00092812,33181.3300
1623715693773000,1,0.18642072,33174.9900
1623715693773000,1,0.00099375,33174.5000
1623715693773000,1,0.11123394,33173.7000
1623715701516000,0,0.00087000,33205.3900
1623715709156000,1,0.04000000,33203.0800
1623715709360000,0,0.00124176,33213.3000
1623715709360000,0,0.00122786,33220.8800
1623715742357000,0,0.18625000,33239.3000
1623715761513000,0,0.01240000,33268.1300
1623715774325000,0,0.01488000,33270.4300
1623715788427000,1,0.15000000,33255.1900
1623715788465000,1,0.18602471,33253.0600
1623715796684000,0,0.00095625,33274.4100
1623715796684000,0,0.01383899,33276.1500
1623715824467000,0,0.10003382,33285.0600
1623715824470000,0,0.08592681,33285.0600
1623715856728000,1,0.03018844,33288.0400
1623715888827000,0,0.00149316,33318.5500
1623715893756000,0,0.00177823,33325.1600
1623715954420000,0,0.01486200,33340.0700
1623715973535000,0,0.00096000,33326.0300
1623715988923000,0,0.00294570,33295.9500
1623715988947000,0,0.00006012,33295.9500
1623715991363000,0,0.00300582,33295.7000
1623716036575000,1,0.12465409,33284.1800
1623716038408000,0,0.00102340,33298.6200
1623716040262000,1,0.00151540,33296.3000
1623716044771000,0,0.01503257,33329.5500
1623716057355000,0,0.04143000,33354.3200
1623716086389000,0,0.14303607,33357.9900
1623716086390000,0,0.04259558,33357.9900
1623716093770000,1,0.02203069,33363.4400
1623716094362000,1,0.02203069,33363.4400
1623716095541000,0,0.00116000,33382.5500
1623716125640000,0,0.08513073,33404.1700
1623716127613000,0,0.08518356,33404.0600
1623716127645000,0,0.00173844,33404.0600
1623716135483000,0,0.08710249,33404.9100
1623716135509000,0,0.00177760,33404.9100
1623716146242000,0,0.00087000,33418.6900
1623716155862000,1,0.01851292,33418.9200
1623716157091000,1,0.10000000,33420.2900
1623716158089000,1,0.10000000,33416.2900
1623716158352000,0,0.12612231,33427.8700
1623716158355000,0,0.12056711,33427.8700
1623716158355000,0,0.12426756,33427.8700
1623716158356000,0,0.17898238,33427.8700
1623716158473000,0,0.25897605,33427.8700
1623716162547000,0,0.67072255,33427.8700
1623716163526000,0,0.00982093,33427.8700
1623716164942000,0,0.12334020,33427.8700
1623716164975000,0,0.15859000,33427.8700
1623716164977000,0,0.33661091,33427.8700
1623716165514000,0,0.15000000,33448.7600
1623716179016000,0,0.20005432,33464.9100
1623716199115000,0,0.09140000,33468.9200
1623716200237000,0,0.00095625,33462.8800
1623716200237000,0,0.00564375,33463.4900
1623716203980000,0,0.08238227,33465.7700
1623716216862000,1,0.00095625,33450.5400
1623716216862000,1,0.09904375,33449.7900
1623716232653000,0,0.00078674,33529.8400
1623716234920000,0,0.00105795,33531.7100
1623716241661000,0,0.56112884,33550.0000
1623716241703000,0,0.20000000,33550.0000
1623716241771000,0,0.09000000,33550.0000
1623716241800000,0,0.00648730,33540.1500
1623716241800000,0,0.19351270,33550.0000
1623716241805000,0,0.13258669,33550.0000
1623716241873000,0,0.00093750,33550.0000
1623716241895000,0,0.02833434,33550.0000
1623716242665000,1,0.00096562,33549.9900
1623716242665000,1,0.00090937,33546.0700
1623716245887000,0,0.00060811,33555.2900
1623716245887000,0,0.12439189,33555.8800
1623716246290000,0,0.00060811,33555.8800
1623716246290000,0,0.00061401,33557.8500
1623716246292000,0,0.00000001,33557.8500
1623716248257000,0,0.00060000,33574.0000
1623716248471000,1,0.00033750,33574.6300
1623716249586000,0,0.09970085,33573.4600
1623716249586000,0,0.00061364,33578.5200
1623716249586000,0,0.12844172,33583.4600
1623716253992000,0,0.01000000,33588.0000
1623716253992000,0,0.00121990,33588.6000
1623716253992000,0,0.80692634,33589.1000
1623716254732000,0,2.07014988,33589.1000
1623716256202000,1,0.00176943,33576.8600
1623716261948000,0,0.12292000,33589.1000
1623716261956000,0,0.00000378,33589.1000
1623716261956000,0,0.09865369,33590.0000
1623716261990000,0,0.00000378,33590.0000
1623716262149000,0,0.00060736,33596.5500
1623716262149000,0,0.00060735,33596.5500
1623716262149000,0,0.00000001,33596.5500
1623716262156000,0,0.00060000,33599.0000
1623716262172000,0,0.00061326,33599.1900
1623716262172000,0,0.00500000,33600.2100
1623716263020000,1,0.62000000,33591.8300
1623716263540000,1,0.00093000,33591.1500
1623716263590000,1,0.00000750,33591.1500
1623716263590000,1,0.15105021,33576.0500
1623716263592000,1,0.10802343,33576.0500
1623716263593000,1,0.11102408,33576.0500
1623716293295000,0,0.16251313,33601.2200
1623716293371000,0,0.18949908,33601.2200
1623716295859000,1,0.00381780,33572.4200
1623716300094000,0,0.00095625,33594.0400
1623716300094000,0,0.00050059,33594.0500
1623716311711000,0,0.40000000,33601.2200
1623716311795000,0,0.65000000,33601.2200
1623716311945000,0,0.42207445,33601.2200
1623716311964000,0,0.07345566,33601.2200
1623716312225000,0,0.01662504,33610.0000
1623716315567000,0,0.00059546,33615.3700
1623716317797000,0,0.00001215,33615.3700
1623716317797000,0,0.00094687,33619.4300
1623716317797000,0,0.00077282,33620.0000
1623716317797000,0,0.00055313,33624.0000
1623716318689000,0,0.00394481,33620.1900
1623716321849000,1,0.05816632,33602.9600
1623716322555000,0,0.08992850,33619.7000
1623716323050000,0,0.00004687,33624.0000
1623716323050000,0,0.00090937,33627.4300
1623716323050000,0,0.02018728,33629.4000
1623716323171000,0,0.01878474,33629.4000
1623716325241000,0,0.00536165,33629.4000
1623716325574000,0,0.10651046,33628.8600
1623716325574000,0,0.17356005,33629.4000
1623716326174000,0,0.15000000,33629.4000
1623716326174000,0,0.11384384,33629.4000
1623716326176000,0,0.21128497,33629.4000
1623716326176000,0,0.52068577,33629.4000
1623716326177000,0,0.19892712,33629.4000
1623716326178000,0,0.08208740,33629.4000
1623716326267000,0,0.00093750,33629.4000
1623716326271000,0,0.10000000,33629.4000
1623716326310000,0,1.40433968,33629.4000
1623716326902000,0,0.00060661,33637.8100
1623716327881000,0,0.00060026,33640.5300
1623716328213000,0,0.00001225,33640.5300
1623716329109000,0,0.00060000,33649.0000
1623716329605000,1,0.00033750,33651.1600
1623716329605000,1,0.03123515,33645.9900
1623716329734000,0,0.07662960,33643.8200
1623716330244000,0,0.11200000,33642.5200
1623716330309000,1,0.10695745,33641.0600
1623716330322000,1,0.10592000,33641.0600
1623716330335000,0,0.00068034,33642.5200
1623716333562000,0,0.00060687,33656.5900
1623716336528000,1,0.01000000,33643.9300
1623716342839000,0,0.00091875,33627.9100
1623716342839000,0,0.00095625,33630.4800
1623716342839000,0,0.00095625,33637.3200
1623716342839000,0,0.00264875,33642.8300
1623716343374000,1,0.02972316,33597.6700
1623716343374000,1,0.07428935,33597.6700
1623716343374000,1,0.07660000,33597.6600
1623716343374000,1,1.61298749,33597.6500
1623716343410000,1,0.10401251,33597.6500
1623716350749000,0,0.19000000,33605.3500
1623716350902000,0,0.00053467,33605.3500
1623716352142000,1,0.85800000,33598.5800
1623716352528000,1,0.36703912,33594.3500
1623716352528000,1,0.25431658,33594.3500
1623716352933000,1,1.09564430,33594.3500
1623716354495000,0,0.00875748,33600.0800
1623716356273000,0,0.00090937,33627.5200
1623716356273000,0,0.00894819,33632.5300
1623716357952000,0,0.00095625,33620.3500
1623716357952000,0,0.00000389,33625.8800
1623716362004000,1,0.01352000,33600.0000
1623716363196000,1,0.00000529,33600.0000
1623716363196000,1,0.00256095,33585.0800
1623716363604000,0,0.00295350,33606.4900
1623716383975000,0,0.00243161,33609.8800
1623716396998000,0,0.00635040,33595.0000
1623716397292000,0,0.00210000,33584.1400
1623716400291000,0,0.00206248,33578.6300
1623716404789000,1,0.18422085,33572.1300
1623716404795000,1,0.24561354,33571.3500
1623716423414000,1,0.07435917,33592.4200
1623716423439000,1,0.02974367,33590.4100
1623716423439000,1,0.08311400,33587.9300
1623716428635000,0,0.00081239,33611.7000
1623716429546000,0,0.00095485,33611.7000
1623716429555000,1,0.00091875,33605.7000
1623716429555000,1,0.00094687,33598.2100
1623716429555000,1,0.00093750,33591.1800
1623716429555000,1,0.00080824,33588.9100
1623716431947000,1,0.00093000,33609.8000
1623716432030000,1,0.00000750,33609.8000
1623716460534000,0,1.13467576,33621.0700
1623716460578000,0,0.16061952,33621.0700
1623716461008000,0,0.09649157,33621.0700
1623716461309000,0,0.11567003,33621.0700
1623716463958000,0,0.13880000,33621.0700
1623716463958000,0,0.10787877,33621.0700
1623716463959000,0,0.11626936,33621.0700
1623716463959000,0,0.16860096,33621.0700
1623716464052000,0,0.10000000,33621.0700
1623716467306000,0,0.05999403,33621.0700
1623716470746000,0,1.09900000,33626.6400
1623716474944000,0,0.16010069,33639.6400
1623716483937000,0,0.17423435,33637.4400
1623716496176000,1,0.00176658,33644.2200
1623716501995000,0,0.01900000,33669.7600
1623716502106000,0,0.14909183,33669.7600
1623716502150000,0,0.30000000,33669.7600
1623716502170000,1,0.85600000,33669.7500
1623716502247000,0,0.15000000,33669.7600
1623716502309000,0,0.67823542,33669.7600
1623716502310000,0,0.14662266,33669.7600
1623716502311000,0,0.15799341,33669.7600
1623716502332000,0,0.11011662,33669.7600
1623716502343000,0,0.14422883,33669.7600
1623716502345000,0,0.78697472,33669.7600
1623716502364000,0,0.02440021,33669.7600
1623716502375000,0,0.11993171,33669.7600
1623716502579000,0,0.00839867,33669.7600
1623716502587000,0,0.20500592,33669.7600
1623716502660000,1,0.85600000,33669.7500
1623716503503000,1,0.00093750,33671.4200
1623716503503000,1,0.02968857,33660.0100
1623716503503000,1,0.00096562,33659.4000
1623716506236000,0,0.00060000,33674.0000
1623716507386000,0,0.15555486,33677.1200
1623716508712000,0,0.00060587,33679.0700
1623716508712000,0,0.00060587,33679.0700
1623716508712000,0,0.01778826,33679.2500
1623716509248000,0,0.20016000,33679.2500
1623716509466000,0,0.35850900,33679.2500
1623716511669000,0,0.00061176,33681.8800
1623716511669000,0,0.11183824,33684.3700
1623716511830000,0,0.03561000,33684.3700
1623716512613000,0,0.00122179,33688.2300
1623716512613000,0,0.00533274,33688.5000
1623716512613000,0,0.00060613,33697.8100
1623716512613000,0,0.00060000,33699.0000
1623716513586000,1,0.02965335,33684.3700
1623716513586000,1,0.09820400,33677.5500
1623716513586000,1,0.02044502,33676.0700
1623716514385000,1,0.20000000,33685.9500
1623716514459000,1,0.25785000,33685.9500
1623716514652000,1,0.00000270,33685.9500
1623716515474000,1,0.18363759,33667.5500
1623716515498000,1,0.10556297,33667.5500
1623716517475000,1,0.02965335,33642.3300
1623716517475000,1,0.00034665,33642.3300
1623716520525000,0,0.02679133,33656.2800
1623716528703000,1,0.85700000,33642.3200
1623716529865000,0,0.14788200,33656.6300
1623716531245000,1,0.14715085,33638.7200
1623716531250000,1,0.11703774,33638.7200
1623716531381000,1,0.10398346,33636.3300
1623716531463000,1,0.10261977,33636.3300
1623716535917000,0,0.00218430,33649.6200
1623716538271000,0,0.00094687,33635.1700
1623716538271000,0,0.00092812,33642.8100
1623716538271000,0,0.00313657,33649.1200
1623716539737000,0,0.00086000,33645.8700
1623716540495000,1,0.85700000,33627.6700
1623716579633000,1,0.07420247,33670.6700
1623716579633000,1,0.02967764,33670.6500
1623716579633000,1,0.18362536,33670.6400
1623716580177000,0,0.00096562,33680.4900
1623716580177000,0,0.00277389,33685.3500
1623716585584000,1,0.18359252,33679.1400
1623716593792000,1,0.18355000,33686.1200
1623716595383000,1,0.00000565,33686.1200
1623716595383000,1,0.00168288,33680.3700
1623716596001000,1,0.14850000,33686.1300
1623716596001000,1,0.18355565,33686.1200
1623716596111000,1,0.02966285,33680.3600
1623716596111000,1,0.07416989,33680.3600
1623716597194000,0,0.02347346,33710.1500
1623716598075000,0,0.16724205,33691.7200
1623716598638000,1,0.83059445,33692.9300
1623716598817000,1,0.02540000,33692.9300
1623716599002000,1,0.38142000,33690.9800
1623716599041000,0,0.00571486,33695.4700
1623716599084000,1,0.15000000,33690.9800
1623716599168000,1,0.32458000,33690.9800
1623716603174000,1,0.18359000,33677.8300
1623716603429000,1,0.00000557,33677.8300
1623716603429000,1,0.02966443,33675.7700
1623716610494000,0,0.02634374,33691.0900
1623716612506000,1,0.19651000,33671.2600
1623716618535000,1,0.00000918,33671.2600
1623716618535000,1,0.85600000,33668.9400
1623716619421000,1,0.09767021,33661.3500
1623716619422000,1,0.63692038,33661.3500
1623716619447000,1,0.12240941,33661.3500
1623716625176000,1,0.85700000,33649.9800
1623716625926000,1,0.62009490,33649.6500
1623716625968000,1,0.23690510,33649.6500
1623716636142000,0,0.00169750,33677.0800
1623716644951000,0,0.83267431,33686.2800
1623716653135000,1,0.18362683,33675.4700
1623716653685000,0,0.00176333,33686.2900
1623716653685000,0,0.00093750,33691.1400
1623716653685000,0,0.00090937,33698.4300
1623716653685000,0,0.00093750,33705.4400
1623716653685000,0,0.03123516,33705.7600
1623716653685000,0,0.05896416,33706.3000
1623716653685000,0,0.05246770,33706.3100
1623716656555000,0,0.00532989,33706.3100
1623716658080000,1,0.02967289,33680.4500
1623716669354000,0,0.09043111,33685.6200
1623716669354000,0,0.91361142,33695.5200
1623716682332000,1,0.85700000,33656.5600
1623716682344000,1,0.99995077,33655.6500
1623716682360000,1,0.09442936,33652.9300
1623716682565000,1,0.09000000,33653.7500
1623716682623000,1,0.62596846,33653.7500
1623716682927000,1,0.99903154,33653.7500
1623716698827000,0,0.02644000,33673.4200
1623716705064000,1,0.15988040,33640.6800
1623716705064000,1,0.01264054,33634.4500
1623716711061000,1,0.08422620,33620.6600
1623716711204000,1,0.23298000,33620.6600
1623716711295000,1,0.20000000,33620.6600
1623716711389000,1,0.03579000,33620.6600
1623716750100000,0,0.18404178,33639.5700
1623716750150000,0,0.36049805,33640.2800
1623716754953000,0,0.00218672,33642.9400
1623716756950000,0,0.05232563,33644.3600
1623716760270000,0,0.04856883,33644.3600
1623716764341000,0,0.18395434,33649.0100
1623716764411000,0,0.00176522,33650.1500
1623716767665000,0,0.00094756,33650.9800
1623716786504000,1,0.00272383,33603.8900
1623716791151000,0,0.00559012,33627.2400
1623716802295000,0,0.00500176,33625.5800
1623716802863000,1,0.00128200,33611.3500
1623716803774000,1,0.00065800,33616.4300
1623716803974000,1,0.00526000,33616.4300
1623716809686000,1,0.09923000,33607.0300
1623716825126000,0,0.00096000,33624.6000
1623716830771000,1,0.00088107,33620.7900
1623716846379000,1,0.18417692,33585.5200
1623716846444000,1,0.03000000,33575.5900
1623716858439000,1,0.15700000,33569.5500
1623716860780000,1,0.08200000,33566.3900
1623716867739000,1,0.08200000,33584.4900
1623716869719000,0,0.00176825,33592.6100
1623716884454000,0,0.30120579,33592.6100
1623716934075000,0,0.00189000,33621.5200
1623716948011000,0,0.00095992,33609.9600
1623716962035000,0,0.03780877,33644.3700
1623716973419000,0,0.01151659,33628.4400
1623716985674000,0,0.01141459,33621.8400
1623717000368000,0,0.00226944,33608.8600
1623717037847000,0,0.01338655,33595.8300
1623717041335000,0,0.00315854,33586.9400
1623717049218000,1,0.10892311,33563.3600
1623717049218000,1,0.00357188,33560.3100
1623717118106000,1,0.00330222,33553.8900
1623717124858000,0,0.00461137,33566.5800
1623717155887000,1,0.09773000,33508.9800
1623717158834000,1,0.00076900,33497.7800
1623717162623000,0,0.02287877,33517.9200
1623717175473000,0,0.01195571,33528.1700
1623717190191000,0,0.01270807,33547.0100
1623717217446000,0,0.00182000,33523.3500
1623717228479000,1,0.10666000,33495.6800
1623717251942000,0,0.25000000,33500.0000
1623717256571000,0,0.00715000,33522.8400
1623717272554000,0,0.09800000,33502.5600
1623717272642000,0,0.03600000,33502.5600
1623717273701000,0,0.00095571,33502.5600
1623717347042000,0,0.00088427,33553.4300
1623717356815000,0,0.04978952,33539.9200
1623717394778000,1,0.02900000,33466.6300
1623717394778000,1,0.38437280,33463.9400
1623717394778000,1,0.03108043,33462.5800
1623717394778000,1,0.16083149,33462.5100
1623717414166000,0,0.01061113,33480.8500
1623717424191000,0,0.36686900,33491.7600
1623717456915000,0,0.15000000,33498.0100
1623717459026000,1,0.15000000,33484.6800
1623717466201000,1,0.00700892,33478.1700
1623717480479000,1,0.15000000,33491.0400
1623717493901000,0,0.18490882,33479.4900
1623717511865000,0,0.00182000,33501.6000
1623717534001000,0,0.00822100,33467.2800
1623717534001000,0,0.00342042,33467.2800
1623717544549000,1,0.11810000,33467.0000
1623717544712000,1,0.00000718,33467.0000
1623717557605000,0,0.02193652,33455.7600
1623717568115000,0,0.00086000,33464.4000
1623717575142000,0,0.00023758,33467.2800
1623717575142000,0,0.10080000,33487.4400
1623717575142000,0,0.01190123,33487.4500
1623717591396000,1,0.00586738,33464.5200
1623717609628000,0,0.02442000,33451.5100
1623717611559000,1,0.00584500,33436.0700
1623717621269000,1,0.11680000,33425.0600
1623717621598000,1,0.00430023,33425.0700
1623717624525000,0,0.00158485,33443.5400
1623717667278000,1,0.02988339,33447.2400
1623717667278000,1,0.00094687,33447.2300
1623717667278000,1,0.00220694,33447.2200
1623717669941000,1,0.21348355,33447.2200
1623717690622000,0,0.00087000,33476.9400
1623717705533000,0,0.00102981,33466.4400
1623717712394000,0,0.00246736,33455.8700
1623717715186000,0,0.00453858,33459.3700
1623717723675000,1,0.14953597,33455.0600
1623717723675000,1,0.10757000,33453.5100
1623717727725000,1,0.00095625,33449.0100
1623717727725000,1,0.18493231,33448.3000
1623717727725000,1,0.01416576,33445.5100
1623717735202000,0,0.19687102,33473.9000
1623717753234000,0,0.13998000,33503.3300
1623717755493000,0,0.08905932,33514.5400
1623717756347000,0,0.15334184,33525.0900
1623717777790000,0,0.00715000,33528.3300
1623717778803000,0,0.08908279,33521.8200
1623717784493000,0,0.00802389,33533.3200
1623717784682000,1,0.00660000,33518.6800
1623717795450000,0,0.01061047,33545.9000
1623717800460000,1,0.08030965,33516.3300
1623717802266000,0,0.01855089,33524.9000
1623717855788000,1,0.18471001,33485.7400
1623717857662000,0,0.00087000,33489.2500
1623717904573000,0,0.00088912,33489.2700
1623717905372000,1,0.11606922,33477.5300
1623717905373000,1,0.06870807,33477.5300
1623717918831000,0,0.00538477,33471.2500
1623717927369000,1,0.17257147,33441.3500
1623717927370000,1,0.01237645,33441.3500
1623717952685000,0,0.00105406,33443.6000
1623717957384000,1,0.18502947,33421.5800
1623717959240000,0,0.00093750,33402.8300
1623718011420000,0,0.02195971,33386.1100
1623718014364000,0,0.00115578,33391.8200
1623718016126000,0,0.01103000,33390.1600
1623718024529000,1,0.00209643,33377.6400
1623718064286000,0,0.00243430,33392.7800
1623718077198000,0,0.00691997,33400.6300
1623718078804000,1,0.15000000,33382.8000
1623718078804000,1,0.03531644,33379.8900
1623718081141000,1,0.24708858,33375.4000
1623718086936000,1,0.00061600,33361.5700
1623718101449000,0,0.00096562,33357.5000
1623718101449000,0,0.02100040,33361.4900
1623718101838000,1,0.00382485,33343.8000
1623718150136000,1,0.18551371,33348.2300
1623718150260000,1,0.10329430,33339.4800
1623718150263000,1,0.11148660,33339.4800
1623718150273000,1,0.03260348,33339.4800
1623718150273000,1,0.24740431,33331.6500
1623718150759000,1,0.01011658,33331.6500
1623718150759000,1,0.86500000,33324.0700
1623718150759000,1,1.72188342,33324.0700
1623718151689000,1,0.01011658,33324.0700
1623718163090000,0,0.03542603,33322.4800
1623718171568000,0,0.15033149,33322.4800
1623718172350000,0,0.11130000,33339.6400
1623718172350000,0,0.01402729,33339.6500
1623718178639000,0,0.01914593,33349.4700
1623718219312000,0,0.00624000,33363.0300
1623718242208000,0,0.00101000,33359.9200
1623718292619000,1,0.00138100,33362.3500
1623718307406000,1,0.00091875,33383.4100
1623718337007000,0,0.02499391,33367.8800
1623718338477000,0,0.00096552,33372.4300
1623718354705000,1,0.08161573,33336.3300
1623718354705000,1,0.10396096,33336.3300
1623718354855000,0,0.00093750,33334.8200
1623718354863000,1,0.17085352,33336.3300
1623718388194000,0,0.00097896,33348.8600
1623718391492000,1,0.18563759,33322.8200
1623718391492000,1,0.01401679,33320.6200
1623718391494000,1,0.03598321,33320.6200
1623718391494000,1,0.24751961,33318.4800
1623718391494000,1,0.00094687,33316.9600
1623718391494000,1,0.01503189,33316.1000
1623718391525000,1,0.07751953,33315.2500
1623718391529000,1,0.01629147,33315.2500
1623718391529000,1,0.06122806,33314.9100
1623718394930000,0,0.62093750,33317.5800
1623718407184000,0,0.03488247,33330.4400
1623718427509000,1,0.10017634,33325.2200
1623718516007000,0,0.02198759,33300.2400
1623718524116000,0,0.15000000,33303.8000
1623718524116000,0,0.03089164,33303.8100
1623718524128000,0,0.14520861,33303.8100
1623718524130000,0,0.10611399,33303.8100
1623718524185000,0,0.33778576,33303.8100
1623718527724000,1,0.01737000,33300.3700
1623718529047000,0,0.00953308,33315.3200
1623718539391000,1,0.00115500,33297.6700
1623718540510000,1,0.00223400,33292.0500
1623718541623000,1,0.19334667,33300.4900
1623718544510000,1,0.00337000,33292.6300
1623718544721000,1,0.00121600,33292.6300
1623718549415000,0,0.01274000,33310.6200
1623718550624000,0,0.17307593,33310.6200
1623718550806000,0,0.18581593,33310.6200
1623718554835000,1,0.00400000,33309.6000
1623718559783000,1,0.04841335,33308.8000
1623718595543000,0,0.00593174,33323.7400
1623718603553000,0,0.17979118,33323.7400
1623718605403000,0,0.18570379,33327.3300
1623718605513000,0,0.08704921,33331.6200
1623718605514000,0,0.16058298,33331.6200
1623718654624000,0,0.00232502,33328.5300
1623718665663000,1,0.08973839,33309.2500
1623718665663000,1,0.00143461,33304.9400
1623718669776000,1,0.04987513,33304.9500
1623718736059000,0,0.00669698,33351.2800
1623718755738000,1,0.07709604,33322.4600
1623718769160000,0,0.00085000,33338.7100
1623718770466000,0,0.00098040,33332.0800
1623718775986000,1,0.08803916,33312.0400
1623718786083000,1,0.04954004,33296.4300
1623718800334000,0,0.00178995,33315.2100
1623718818447000,0,0.00087000,33334.1500
1623718822368000,0,0.02329562,33328.3700
1623718823330000,0,0.00247000,33335.6500
1623718839196000,0,0.00087000,33335.8400
1623718848280000,0,0.08524039,33340.0700
1623718848280000,0,0.01000000,33341.2900
1623718886885000,1,0.00112900,33331.8900
1623718892386000,0,0.00097987,33353.6400
1623718917215000,1,0.00090641,33335.7800
1623718928862000,1,0.13482639,33344.8300
1623718928891000,1,0.14019565,33344.8300
1623718939203000,1,0.01679503,33337.0000
1623718955896000,0,0.07495083,33375.4300
1623718955896000,0,0.02997917,33375.4300
1623718960670000,0,0.00000116,33375.4300
1623718960670000,0,0.00944873,33392.2200
1623718991280000,0,0.20007293,33371.4800
1623719006066000,0,0.00143654,33362.5900
1623719035763000,0,0.00503000,33364.3700
1623719063378000,0,0.00584000,33334.6200
1623719063690000,1,0.08902500,33313.2100
1623719102803000,0,0.00091875,33300.9700
1623719102803000,0,0.02107092,33306.2200
1623719104995000,1,0.07775471,33279.3000
1623719104995000,1,2.26507771,33268.3700
1623719105771000,1,0.76912000,33268.3700
1623719109747000,1,0.00000229,33268.3700
1623719109747000,1,0.03123008,33256.5300
1623719109747000,1,0.00094687,33254.6400
1623719109747000,1,0.07751953,33253.2900
1623719109747000,1,0.05000000,33250.2900
1623719109747000,1,0.04037416,33250.2800
1623719115581000,0,0.00087000,33257.9000
1623719122267000,1,0.05638273,33238.3600
1623719122676000,1,0.09130000,33228.5100
1623719122676000,1,0.42167503,33228.5000
1623719123044000,1,0.99889344,33228.5000
1623719123136000,1,1.40400000,33228.5000
1623719123166000,1,0.20963153,33228.5000
1623719134265000,0,0.00356827,33255.5000
1623719136294000,0,0.00218235,33264.9100
1623719140157000,0,0.00146000,33254.4900
1623719163603000,0,0.02200662,33245.9000
1623719164393000,1,0.01548131,33222.4200
1623719166224000,0,0.00091000,33249.9900
1623719168198000,0,0.00437000,33253.9100
1623719172272000,1,0.00148300,33232.5200
1623719190456000,0,0.00094687,33247.8400
1623719190456000,0,0.00002169,33248.4200
1623719190754000,0,0.02200871,33233.7900
1623719206756000,0,0.00721000,33253.7000
1623719222755000,0,0.00496000,33247.0900
1623719229599000,0,0.02201080,33230.1100
1623719230135000,0,0.02201080,33230.1100
1623719230421000,0,0.00210000,33241.4400
1623719314311000,1,0.00234000,33199.3200
1623719319626000,0,0.00345460,33231.1200
1623719322347000,0,0.00459887,33234.8300
1623719360437000,0,0.02500000,33229.8300
1623719407962000,0,0.02201719,33208.8600
1623719412911000,1,0.57802501,33188.6700
1623719412912000,1,0.68379440,33188.6700
1623719412985000,1,0.92399380,33188.6700
1623719413003000,1,0.84838679,33188.6700
1623719413597000,1,0.02408982,33171.7300
1623719413645000,1,0.02622978,33171.7300
1623719415222000,0,0.02201928,33185.8500
1623719426327000,0,0.00089000,33182.5100
1623719432063000,0,0.12577739,33172.7500
1623719434769000,1,0.00122179,33153.3800
1623719434769000,1,2.59039191,33148.8900
1623719436051000,1,0.43493193,33148.8900
1623719436291000,1,0.00887000,33148.8900
1623719437110000,1,0.00000616,33148.8900
1623719447093000,0,0.00221230,33175.0100
1623719450842000,0,0.18668247,33174.1800
1623719459902000,0,0.18662035,33182.4700
1623719474515000,1,0.18644709,33151.8400
1623719480616000,0,0.00684336,33181.2300
1623719491525000,0,0.00146000,33175.9100
1623719506634000,0,0.18659354,33175.1200
1623719515296000,1,0.01336183,33179.8900
1623719518153000,0,0.00275508,33199.4700
1623719520320000,0,0.00317446,33199.4700
1623719543878000,0,0.00595603,33218.4600
1623719583735000,1,0.06523500,33172.4600
1623719585763000,1,0.00246100,33171.6800
1623719614776000,0,0.18657543,33187.9000
1623719627526000,0,0.00245228,33208.3400
1623719632590000,0,0.05775426,33225.6300
1623719687636000,0,0.00098447,33192.6100
1623719709136000,0,0.18554929,33192.6100
1623719732856000,1,0.00134200,33193.1900
1623719738588000,1,0.04961100,33195.6000
1623719738895000,0,0.18642468,33210.4400
1623719740533000,1,0.10286027,33202.6400
1623719740533000,1,0.00094687,33197.0100
1623719740533000,1,0.04340758,33195.6000
1623719766972000,1,0.00101100,33197.6200
1623719859152000,0,0.00109692,33163.0700
1623719880281000,0,0.00083573,33146.7400
1623719891998000,0,0.18679259,33141.7000
1623719917017000,0,0.00179960,33173.9600
1623719954501000,0,0.01155534,33168.9700
1623719967913000,0,0.00094687,33158.7200
1623719967913000,0,0.00027079,33162.4000
1623719988074000,0,0.18676566,33147.9500
1623719988201000,0,0.18676566,33147.9500
1623720020746000,1,0.03167420,33123.5600
1623720020811000,1,0.02192798,33123.5600
1623720032382000,1,0.00090000,33119.6400
1623720032382000,1,0.00775721,33119.0400
1623720032382000,1,0.01482679,33115.8600
1623720032479000,1,0.02402070,33119.6500
1623720032565000,1,0.10064140,33127.0300
1623720032565000,1,0.00615413,33119.6500
1623720032565000,1,0.00090937,33119.5300
1623720032565000,1,0.01611310,33115.8600
1623720033140000,1,0.00124700,33115.8600
1623720040776000,1,0.00625900,33124.2900
1623720041727000,1,0.00120000,33124.2900
1623720054509000,0,0.01158194,33136.8000
1623720059108000,1,0.00135788,33122.6100
1623720061625000,0,0.18682201,33136.8200
1623720061629000,0,0.24910426,33139.2500
1623720061722000,0,0.18682201,33136.8200
1623720061722000,0,0.16500000,33141.6300
1623720149776000,0,0.05600000,33154.7200
1623720149776000,0,0.03860266,33159.7500
1623720189206000,1,0.00885600,33167.5100
1623720189661000,0,0.01105000,33181.3900
1623720193588000,0,0.00876000,33193.1400
1623720203799000,1,0.09654498,33151.9500
1623720203799000,1,0.13708902,33147.7100
1623720209974000,0,0.01391475,33175.8600
1623720211416000,0,0.15000000,33175.8500
1623720211416000,0,0.17269716,33175.8600
1623720211491000,0,0.24881183,33181.7100
1623720211590000,0,0.14693683,33184.3300
1623720211590000,0,1.90913662,33184.3300
1623720211594000,0,0.14725782,33184.3300
1623720211619000,0,0.09110600,33180.6900
1623720211642000,0,0.09547154,33180.6900
1623720287864000,0,0.19997294,33195.9400
1623720309878000,1,0.00123700,33165.5500
1623720318710000,1,0.15000000,33178.6700
1623720318710000,1,0.04997294,33173.8400
1623720331429000,0,0.00347033,33206.1900
1623720386253000,0,0.00578000,33213.2700
1623720390465000,0,1.45426535,33213.2700
1623720391903000,0,1.23495000,33213.2700
1623720391913000,0,0.00000465,33213.2700
1623720391913000,0,0.16403455,33219.0100
1623720394531000,0,0.14147862,33219.0100
1623720394539000,0,0.15491129,33219.0100
1623720394561000,0,0.15491130,33219.0100
1623720394594000,0,0.15211170,33219.0100
1623720394595000,0,0.30000000,33219.0100
1623720394596000,0,0.13344769,33219.0100
1623720394596000,0,0.14610485,33219.0100
1623720427546000,1,0.18629485,33214.8900
1623720427586000,1,0.24839313,33211.3400
1623720450915000,1,0.00060724,33181.2700
1623720458854000,0,0.00280422,33210.8300
1623720475469000,0,0.01156778,33206.0800
1623720477562000,0,0.04747731,33206.0800
1623720481544000,1,0.24855064,33183.9000
1623720484115000,0,0.00088000,33190.8600
1623720622607000,1,0.17406010,33180.2500
1623720633887000,1,1.05670000,33172.5100
1623720633949000,1,0.41822000,33172.5100
1623720634041000,1,0.26408000,33172.5100
1623720644679000,0,0.03469680,33194.2600
1623720659338000,0,0.00292000,33201.2100
1623720667105000,0,0.00369021,33190.8600
1623720672003000,1,0.00247500,33172.4300
1623720690979000,0,0.01254849,33182.7600
1623720722316000,0,0.00147733,33186.8100
1623720731578000,1,0.00526600,33152.3900
1623720735553000,1,0.00100200,33151.4100
1623720735561000,1,0.00013855,33151.4100
1623720735561000,1,0.00104845,33151.3300
1623720753403000,1,0.00070000,33175.6400
1623720753792000,0,0.00289000,33189.6700
1623720789498000,0,0.00949927,33175.1500
1623720822906000,1,0.07540750,33128.7300
1623720822906000,1,0.03016300,33128.7300
1623720822906000,1,0.04355571,33128.7200
1623720822907000,1,0.08758564,33128.7200
1623720822926000,1,0.05559000,33128.7200
1623720823317000,1,0.03016300,33127.1200
1623720823317000,1,0.07542115,33127.1200
1623720843894000,0,0.10943308,33145.3300
1623720843894000,0,0.01249980,33148.4900
1623720854822000,1,0.00494300,33126.1300
1623720858348000,0,0.00292000,33133.8600
1623720873746000,1,0.12384510,33109.1600
1623720873754000,1,0.15336541,33109.1600
1623720874163000,1,0.08003353,33109.1600
1623720874167000,1,0.27721051,33109.1600
1623720875746000,1,2.39970000,33109.1600
1623720875781000,1,0.00004545,33109.1600
1623720876405000,1,0.02545000,33088.7900
1623720876417000,1,0.00000873,33088.7900
1623720876417000,1,0.03020892,33087.5700
1623720876417000,1,0.15155086,33086.0400
1623720876420000,1,0.53716492,33086.0400
1623720876890000,1,0.18328422,33086.0400
1623720886570000,1,0.01789000,33079.3000
1623720888278000,1,0.44443356,33069.4800
1623720888430000,1,0.75926000,33069.4800
1623720888430000,1,0.03600000,33069.4800
1623720888506000,1,0.60000000,33069.4800
1623720888589000,1,1.19450644,33069.4800
1623720889445000,1,0.00500000,33034.6600
1623720892842000,0,0.00093750,33068.7200
1623720901732000,0,0.00468310,33080.2500
1623720959948000,1,0.02170929,33089.6000
1623720979002000,0,0.01570600,33136.8700
1623721018362000,1,0.00960195,33114.2800
1623721088126000,0,0.00661236,33116.4200
1623721091503000,1,0.00098306,33097.5800
1623721093090000,0,0.08942512,33116.4200
1623721093286000,0,0.18697434,33116.4300
1623721093286000,0,0.24929374,33120.6200
1623721125475000,0,0.01736486,33138.4600
1623721137610000,0,0.16569495,33138.4600
1623721137612000,0,0.23012535,33138.4600
1623721137621000,0,0.08606315,33138.4600
1623721137625000,0,0.16675169,33138.4600
1623721142513000,0,0.00087000,33159.4400
1623721144974000,1,0.18676364,33135.5100
1623721148253000,0,0.00246000,33139.0100
1623721172156000,0,0.00695720,33133.4100
1623721178860000,0,1.28703154,33125.0600
1623721197029000,0,0.00593027,33136.3900
1623721215371000,0,0.00966062,33125.3600
1623721256725000,1,0.00220000,33119.7100
1623721265349000,0,0.00350000,33146.9000
1623721267602000,0,0.00767273,33153.0400
1623721281295000,1,0.04521900,33141.1100
1623721285253000,1,0.17056367,33133.9200
1623721288296000,1,0.00173789,33126.1200
1623721288607000,1,0.00248186,33126.1200
1623721288971000,1,0.00121330,33126.1200
1623721300032000,1,0.00073700,33128.6000
1623721301870000,1,0.00367700,33128.6000
1623721317132000,1,0.02088600,33106.6300
1623721320272000,1,0.00112159,33107.3400
1623721357829000,1,0.17742061,33111.6700
1623721357835000,1,0.00943851,33111.6700
1623721357871000,1,0.08129230,33109.5000
1623721357872000,1,0.16785922,33109.5000
1623721357907000,1,0.00391600,33101.5300
1623721383394000,0,0.00438392,33115.8700
1623721415848000,1,0.11035574,33077.5200
1623721415848000,1,0.03666826,33071.5400
1623721446788000,0,0.01296619,33107.1900
1623721468425000,1,0.00090874,33058.5500
1623721494749000,0,0.00475748,33084.1000
1623721508221000,0,0.00380831,33095.7000
1623721510362000,0,0.01421356,33093.2800
1623721540330000,0,0.00146000,33095.9000
1623721572220000,0,0.00145000,33112.1900
1623721593434000,0,0.00277471,33123.8000
1623721593434000,0,0.00349529,33137.2300
1623721606906000,0,0.00347000,33132.2800
1623721627607000,0,0.00179613,33114.9700
1623721629258000,0,0.00553000,33115.0700
1623721660376000,0,0.00101173,33091.3200
1623721672804000,0,0.00387000,33085.8400
1623721707796000,0,0.00119750,33074.4700
1623721714218000,0,0.00251000,33074.2700
1623721728309000,0,0.00103000,33100.6400
1623721776916000,0,0.00180949,33088.1600
1623721853303000,0,0.00254226,33100.0800
1623721857762000,0,0.00161000,33106.6800
1623721860778000,0,0.01193990,33100.1900
1623721880598000,0,0.00190000,33088.2300
1623721896548000,0,0.00801224,33092.3200
1623721902974000,0,0.00345550,33075.2600
1623721929136000,1,0.00124400,33051.4500
1623721935524000,1,0.18594539,33051.4500
1623721953103000,0,0.00174000,33055.8400
1623722008523000,0,0.32800000,33081.1500
1623722051511000,0,0.00209969,33099.6400
1623722122181000,1,0.08460170,33060.0400
1623722134324000,0,0.02000000,33046.3900
1623722138492000,1,0.00527700,33042.4700
1623722139628000,1,0.04116800,33042.4800
1623722142732000,1,0.00157200,33042.4900
1623722144584000,1,0.01371400,33045.6600
1623722151956000,1,0.00072531,33039.6600
1623722152080000,1,0.02092100,33033.9200
1623722175381000,0,0.00046227,33046.3900
1623722253262000,1,0.00090114,33033.0000
1623722253262000,1,0.46324044,33029.8400
1623722253281000,1,0.00109950,33029.8400
1623722253307000,1,0.11544107,33029.8400
1623722253350000,1,1.57800000,33029.8400
1623722253453000,1,0.25000000,33029.8400
1623722253543000,1,0.15000000,33029.8400
1623722254342000,1,0.20366432,33029.8400
1623722254355000,1,0.18583196,33029.8400
1623722254366000,1,0.07641000,33029.8400
1623722254366000,1,0.01051271,33029.8400
1623722260406000,1,0.03028706,33000.1300
1623722260576000,1,0.00151371,33000.1200
1623722260708000,1,0.03028000,32994.5900
1623722261224000,1,0.41303000,32990.2600
1623722261408000,1,0.29975737,32990.2600
1623722261417000,1,0.00414571,32990.2600
1623722261421000,1,0.01673822,32990.2600
1623722261453000,1,0.08044923,32990.2600
1623722261461000,1,0.30647047,32990.2600
1623722261467000,1,0.19967524,32990.2600
1623722261485000,1,0.29951285,32990.2600
1623722261525000,1,0.01223216,32990.2600
1623722261561000,1,1.40218875,32990.2600
1623722261604000,1,0.01000000,32982.1000
1623722261604000,1,0.00122889,32961.8800
1623722261604000,1,0.00061843,32961.7600
1623722261604000,1,0.04142306,32950.7800
1623722262230000,1,0.03750000,32952.4200
1623722266637000,0,0.00965000,32998.8300
1623722280284000,0,0.00211396,32983.0800
1623722305203000,1,0.00921768,32982.1500
1623722347371000,1,0.18657543,32950.7200
1623722349663000,1,0.20000000,32950.7200
1623722349743000,1,0.25000000,32950.7200
1623722349832000,1,0.10000000,32950.7200
1623722349916000,1,0.25000000,32950.7200
1623722350001000,1,0.10000000,32950.7200
1623722350113000,1,0.10000000,32950.7200
1623722350190000,1,0.15000000,32950.7200
1623722350278000,1,0.15000000,32950.7200
1623722350384000,1,0.15000000,32950.7200
1623722350482000,1,0.05000000,32950.7200
1623722350742000,1,0.00617086,32950.7200
1623722350842000,1,1.34145371,32950.7200
1623722351527000,1,0.00062034,32941.4400
1623722351527000,1,0.00058275,32940.8000
1623722351687000,1,0.00002455,32940.8000
1623722351687000,1,0.00061551,32940.1600
1623722351687000,1,0.00061551,32940.1600
1623722351687000,1,0.10381170,32933.0600
1623722351687000,1,0.03146967,32924.9800
1623722351687000,1,0.07751953,32924.5300
1623722351687000,1,0.00332213,32923.2400
1623722352468000,1,0.09773000,32923.2400
1623722352848000,1,0.00000174,32923.2400
1623722353922000,1,0.00060831,32920.9600
1623722355121000,1,0.00001241,32920.9600
1623722356856000,1,2.97351600,32911.2200
1623722357213000,1,0.06068400,32911.2200
1623722357213000,1,0.15318848,32902.1100
1623722357213000,1,0.01000000,32900.0000
1623722357213000,1,0.00061627,32899.2000
1623722357213000,1,0.00096562,32898.2500
1623722357213000,1,0.03146967,32893.6400
1623722357213000,1,0.65367355,32892.9400
1623722358440000,0,0.00294000,32932.4200
1623722361488000,0,0.04456000,32940.7500
1623722365849000,0,0.00000141,32940.7500
1623722365849000,0,0.03145859,32952.2700
1623722373028000,0,0.08765000,32952.4600
1623722381080000,1,0.18483972,32946.5200
1623722381180000,1,0.00377224,32946.5200
1623722382945000,1,0.19551796,32948.1000
1623722382986000,1,0.00399016,32948.1000
1623722384621000,1,0.14737785,32949.1600
1623722400350000,1,0.00296094,32956.2400
1623722410368000,1,0.08200000,32928.5900
1623722412346000,1,0.00410000,32940.0000
1623722412423000,0,0.18791867,32948.9900
1623722425162000,0,0.10978969,32964.0300
1623722425901000,0,0.10440000,32969.2500
1623722427806000,0,0.00000961,32969.2500
1623722473173000,0,0.00088000,33005.3400
1623722500412000,1,0.00169250,32998.8800
1623722516495000,1,0.10000000,33000.0000
1623722517118000,1,0.00126600,32986.4500
1623722524943000,1,0.00251000,33006.2500
1623722528254000,0,0.00581000,33020.5500
1623722574985000,0,0.00348556,33030.1300
1623722632724000,0,0.00090554,33040.7100
1623722645424000,0,0.00300778,33046.0900
1623722703837000,1,0.00119000,33022.7000
1623722704099000,0,0.14230974,33036.1300
1623722704124000,0,0.04512218,33036.1300
1623722704124000,0,0.06392648,33037.4600
1623722704129000,0,0.24856337,33037.4600
1623722708092000,0,0.18743192,33036.1300
1623722708129000,0,0.08057362,33037.4600
1623722708130000,0,0.15107094,33037.4600
1623722708134000,0,0.08084529,33037.4600
1623722740504000,1,0.24480162,33030.4100
1623722740523000,1,0.13938305,33030.4100
1623722780942000,0,0.01432057,33042.5800
1623722781362000,1,0.22361515,33030.0200
1623722781393000,1,0.16338570,33030.0200
1623722781393000,1,0.00100000,33030.0000
1623722849468000,1,0.00100000,33020.0000
1623722849471000,1,0.18740845,33014.5700
1623722849483000,1,0.31441960,33012.4600
1623722849492000,1,0.05034674,33012.4600
1623722849494000,1,0.15508515,33012.4300
1623722849497000,1,0.08605400,33012.4300
1623722849505000,1,0.07115852,33012.4300
1623722854947000,1,0.00098000,33010.0000
1623722861430000,0,0.18755000,33012.0700
1623722861469000,0,0.00000169,33012.0700
1623722861476000,0,0.08624138,33014.1400
1623722861482000,0,0.08544823,33014.1400
1623722861485000,0,0.16056757,33014.1400
1623722861492000,0,0.03254446,33014.1400
1623722861499000,0,0.03000000,33015.8000
1623722861499000,0,0.25007069,33015.8100
1623722861622000,0,0.03000000,33018.2900
1623722867355000,0,0.00383396,33029.5600
1623722880288000,0,0.02659800,33026.9700
1623722899778000,0,0.31250573,33032.6700
1623722940367000,0,0.00134796,33036.1700
1623722944369000,0,0.18742947,33037.4000
1623722953016000,0,0.00348000,33043.3900
1623722958389000,0,0.22690599,33043.3900
1623722958452000,0,0.25916681,33043.3900
1623722965788000,0,0.10000000,33043.3900
1623722965861000,0,0.15000000,33043.3900
1623722965897000,0,0.47944720,33043.3900
1623722977177000,0,0.00725000,33041.9200
1623723046059000,0,0.11523000,33069.2300
1623723048815000,0,0.00470001,33087.6000
1623723067001000,0,0.00597303,33094.1800
1623723067129000,0,0.00181743,33088.0900
1623723087181000,0,0.09327686,33093.4600
1623723087181000,0,0.10675804,33095.0800
1623723095073000,1,0.00613640,33082.8200
1623723116413000,0,0.11716000,33108.6600
1623723120289000,0,0.00132371,33126.1700
1623723125161000,1,0.18691614,33093.8900
1623723147802000,0,0.01224943,33104.3400
1623723149218000,0,0.00088000,33101.5500
1623723169653000,1,0.18698729,33094.0000
1623723169666000,1,0.22636272,33089.4800
1623723169892000,1,0.02296159,33089.4800
1623723205418000,0,0.10001700,33113.6300
1623723220895000,0,0.07141617,33141.6700
1623723222850000,0,0.00061627,33142.6500
1623723226595000,1,0.00093750,33161.8600
1623723232921000,0,0.00146351,33175.2400
1623723258230000,0,0.01358257,33158.3300
1623723268623000,0,0.03395659,33163.8800
1623723282984000,1,0.00074700,33164.5900
1623723289264000,0,0.00061551,33183.9200
1623723289264000,0,0.00032199,33183.9200
1623723290852000,0,0.00029352,33183.9200
1623723298093000,0,0.00293267,33186.3300
1623723302460000,0,0.00088000,33180.3900
1623723334699000,0,0.03015700,33178.6400
1623723342438000,1,0.10978969,33152.7300
1623723342485000,1,0.00093750,33151.7700
1623723342499000,1,0.24784970,33151.7700
1623723342499000,1,0.06910788,33150.2100
1623723342521000,1,0.10201256,33150.2100
1623723342523000,1,0.10892338,33150.2100
1623723342528000,1,0.12220216,33150.2100
1623723342531000,1,0.85797205,33150.2100
1623723342531000,1,0.05978197,33150.2100
1623723342531000,1,0.06910788,33149.7100
1623723345740000,0,0.03142721,33157.0300
1623723345740000,0,0.00090000,33165.8300
1623723345740000,0,0.03753279,33167.2600
1623723350557000,0,0.00121049,33154.9400
1623723384951000,0,0.00406648,33157.9000
1623723400020000,0,0.01423000,33152.4000
1623723416667000,1,0.00146251,33131.6700
1623723428148000,1,0.00100000,33126.5500
1623723428148000,1,0.00100000,33123.6400
1623723428148000,1,0.00048700,33121.8900
1623723434421000,1,0.00258300,33133.9500
1623723438144000,1,0.04392200,33127.7800
1623723455548000,0,0.00088000,33149.8400
1623723478651000,0,0.00823598,33137.2500
1623723498805000,0,0.00541375,33157.4200
1623723543227000,0,0.15000000,33212.3300
1623723543796000,0,0.02800000,33212.3300
1623723544365000,1,0.00096562,33210.3100
1623723544365000,1,0.00090937,33205.8500
1623723544365000,1,0.02019945,33205.8400
1623723560955000,0,0.00664000,33215.6600
1623723587622000,0,0.18640373,33217.3800
1623723600302000,1,0.05000000,33206.0600
1623723600302000,1,0.02938008,33206.0500
1623723641301000,1,0.00648400,33180.3100
1623723646128000,0,0.00718000,33202.2900
1623723668232000,0,0.00512938,33208.8700
1623723695872000,0,0.15681000,33210.0200
1623723697502000,0,0.00189480,33210.7500
1623723723364000,0,0.00058275,33220.8000
1623723723364000,0,0.00002455,33220.8000
1623723723364000,0,0.00060831,33227.1200
1623723723364000,0,0.00001241,33227.1200
1623723723364000,0,0.00096562,33233.2400
1623723723364000,0,0.01238636,33238.4300
1623723746184000,0,0.00062034,33247.8000
1623723746184000,0,0.01956966,33254.1700
1623723754730000,0,0.00157857,33250.9300
1623723766968000,0,0.00111846,33240.2500
1623723769588000,0,0.02913692,33247.8400
1623723775098000,1,0.16409540,33225.2700
1623723775119000,1,0.02211995,33225.2700
1623723782834000,0,0.15000000,33241.9800
1623723782834000,0,0.03626760,33241.9900
1623723782862000,0,0.15000000,33241.9900
1623723782862000,0,0.05000000,33245.3900
1623723805590000,0,0.02883960,33253.3800
1623723842267000,0,0.00061000,33249.0000
1623723843494000,1,0.02205787,33249.6400
1623723846079000,1,0.00116095,33244.7300
1623723847890000,1,0.00061000,33244.0400
1623723864834000,1,0.00061000,33262.5200
1623723869039000,0,0.01997241,33272.8300
1623723892222000,0,0.00061000,33274.0000
1623723892240000,0,0.09876800,33284.2000
1623723892335000,0,0.01000000,33285.8000
1623723892335000,0,0.35890050,33286.4100
1623723892338000,0,0.32749551,33286.4100
1623723892347000,0,0.13862564,33286.4100
1623723892347000,0,0.05549835,33286.4100
1623723892500000,0,0.18599028,33282.6700
1623723892500000,0,0.06199340,33287.2800
1623723893354000,0,0.00061000,33299.0000
1623723893354000,0,0.00196000,33307.1900
1623723904256000,1,0.00133900,33258.0900
1623723904898000,1,0.01744800,33260.3900
1623723906495000,1,0.00131300,33254.9400
1623723916641000,1,0.11197352,33261.0300
1623723916653000,1,0.03742648,33261.0300
1623723916653000,1,0.09306812,33260.9500
1623723919612000,1,0.02205567,33271.5300
1623723920706000,1,0.02205567,33276.5900
1623723921221000,1,0.02205567,33262.3500
1623723922530000,1,0.00660000,33269.5600
1623723939096000,0,0.02641340,33280.8200
1623723939766000,1,0.40865316,33268.6300
1623723939770000,1,0.22034684,33268.6300
1623723960059000,1,0.18594080,33265.2400
1623723960074000,1,0.14105920,33265.2400
1623723960074000,1,0.18594080,33265.0100
1623723960074000,1,0.05563277,33264.4700
1623723960080000,1,0.09693958,33264.4700
1623723960084000,1,0.19664729,33264.4700
1623723960086000,1,0.03341313,33264.4700
1623723961821000,0,0.18598733,33282.0900
1623723964171000,0,0.18593087,33291.5700
1623723964171000,0,0.02647677,33297.5300
1623723964171000,0,0.12676452,33297.5300
1623723964176000,0,0.14402566,33297.5300
1623723964180000,0,0.08532579,33297.5400
1623723964181000,0,0.10650637,33297.5400
1623723964268000,0,0.11807180,33297.5400
1623723964268000,0,0.02770956,33298.7900
1623723964878000,0,2.48000000,33308.3000
1623723966603000,0,0.42491000,33308.3000
1623723966782000,0,0.09509000,33308.3000
1623723985632000,1,0.02204718,33299.2200
1623723986138000,1,0.02204718,33299.2200
1623723997298000,1,0.24764387,33298.9200
1623724006127000,0,0.02078880,33301.9500
1623724014894000,0,0.01454000,33303.5900
1623724017338000,1,0.10826005,33283.5600
1623724018446000,1,0.08729786,33283.5600
1623724020825000,1,0.08009960,33283.5600
1623724020825000,1,0.17230729,33283.5600
1623724020829000,1,0.20304319,33283.5600
1623724020831000,1,0.11549245,33283.5600
1623724020831000,1,0.09949956,33283.5600
1623724020954000,1,1.73300000,33282.5700
1623724033382000,1,0.04187700,33301.7600
1623724033426000,0,0.00061000,33324.0000
1623724033426000,0,0.00169843,33325.2600
1623724042089000,0,0.00094687,33326.8600
1623724042089000,0,0.01227313,33328.6300
1623724062794000,1,0.02204300,33302.8500
1623724064699000,1,0.16369566,33302.8500
1623724065312000,1,0.00116016,33289.2500
1623724090920000,1,0.18577615,33292.4700
1623724100335000,0,0.00173000,33308.0300
1623724127655000,0,0.00273000,33312.9200
1623724132078000,0,0.00879000,33312.9200
1623724138862000,1,0.02204078,33305.7300
1623724141454000,1,0.00116005,33304.1100
1623724151716000,1,0.00130700,33302.1800
1623724157051000,0,0.00061000,33324.0000
1623724157051000,0,0.01092190,33325.3100
1623724167869000,0,0.00282044,33312.5400
1623724179957000,1,0.18576584,33301.6800
1623724180014000,1,0.24770844,33295.6800
1623724182866000,0,0.00534000,33310.9400
1623724193748000,1,0.00241567,33304.7300
1623724231298000,0,0.01206434,33294.8000
1623724231607000,0,0.01797453,33294.8000
1623724231863000,0,0.03675504,33297.6700
1623724232075000,0,0.01324495,33292.1000
1623724232255000,0,0.03004195,33292.1000
1623724232483000,0,0.06189433,33292.1000
1623724232674000,0,0.07111869,33292.1000
1623724232866000,0,0.00077064,33292.1000
1623724233089000,0,0.00000001,33292.1000
1623724233089000,0,0.02927903,33292.8400
1623724233256000,0,0.03254885,33292.8400
1623724233484000,0,0.03002725,33292.7400
1623724276931000,0,0.01199999,33254.9900
1623724277345000,0,0.00091875,33259.4500
1623724277345000,0,0.00008124,33261.5000
1623724277575000,0,0.00096562,33259.2800
1623724277575000,0,0.02599723,33261.5000
1623724277820000,0,0.05795780,33259.2700
1623724278005000,0,0.02587400,33256.7200
1623724317877000,0,0.00885276,33246.4800
1623724320297000,0,0.00711022,33255.4600
1623724369612000,0,0.02584253,33218.0600
1623724426854000,0,0.00157877,33200.9700
1623724462864000,0,0.01999949,33217.0100
1623724463051000,0,0.00798223,33217.0100
1623724465679000,1,0.00061979,33194.7000
1623724473729000,0,0.01179309,33224.7700
1623724522855000,1,0.00301577,33206.7900
1623724523730000,0,0.00160726,33206.7900
1623724525953000,0,0.00226696,33222.0100
1623724526102000,0,0.00373156,33222.0100
1623724526262000,0,0.00567012,33222.0100
1623724526478000,0,0.00227071,33222.0100
1623724526692000,0,0.00227071,33222.0100
1623724526945000,0,0.00793904,33221.8400
1623724527119000,0,0.03775107,33221.7400
1623724527340000,0,0.03673131,33210.7000
1623724527563000,0,0.01121841,33221.7300
1623724527764000,0,0.01701176,33221.7300
1623724527990000,0,0.00384790,33221.7200
1623724528167000,0,0.01026660,33221.7200
1623724528671000,0,0.01444619,33212.1000
1623724528866000,0,0.03802200,33212.1000
1623724529048000,0,0.00975593,33212.1000
1623724529230000,0,0.00130495,33212.1000
1623724529396000,0,0.00130073,33212.0900
1623724529697000,0,0.00404703,33212.0900
1623724553744000,0,0.01204608,33231.5900
1623724554670000,0,0.02239360,33229.9300
1623724567488000,0,0.01187039,33231.0500
1623724569393000,0,0.01203867,33233.1800
1623724569474000,0,0.00128593,33233.1800
1623724569705000,0,0.02794275,33233.1800
1623724569833000,0,0.00097219,33233.1800
1623724569890000,0,0.00936782,33233.1800
1623724570009000,0,0.07817872,33233.1800
1623724570130000,0,0.00904850,33233.1800
1623724570306000,0,0.00374002,33233.1800
1623724570528000,0,0.00622926,33235.1000
1623724570728000,0,0.03044615,33235.1000
1623724570947000,0,0.01247704,33235.1000
1623724571154000,0,0.03701453,33236.2300
1623724571398000,0,0.03680046,33236.1000
1623724571688000,0,0.00905418,33236.1000
1623724572675000,0,0.00124414,33236.1000
1623724572916000,0,0.00373611,33236.1000
1623724573181000,0,0.04372126,33236.1000
1623724573360000,0,0.01248369,33230.9500
1623724573566000,0,0.03687135,33230.9500
1623724574546000,0,0.00373549,33236.2300
1623724575528000,0,0.00756747,33231.6300
1623724576496000,1,0.00590000,33231.5900
1623724577775000,0,0.03670468,33231.9900
1623724577988000,0,0.00375249,33231.9900
1623724578427000,1,0.06351043,33231.5900
1623724578940000,1,0.00100000,33231.5900
1623724579007000,1,0.00029613,33231.5900
1623724581595000,0,0.03689921,33226.5000
1623724583015000,0,0.00908278,33221.3400
1623724589272000,0,0.03671388,33216.2600
1623724591490000,0,0.00098382,33227.7900
1623724600191000,0,0.03761128,33215.5800
1623724600366000,0,0.00365086,33215.7000
1623724601095000,0,0.01900000,33215.7000
1623724604244000,0,0.03963265,33210.6900
1623724612698000,1,0.03700000,33204.9600
1623724612698000,1,0.01055674,33204.9600
1623724613027000,0,0.00100733,33222.1800
1623724613920000,1,0.00078400,33215.5900
1623724613946000,1,0.00001600,33215.5900
1623724624941000,1,0.00165400,33204.9000
1623724639838000,0,0.03584787,33246.0900
1623724639967000,0,0.01206240,33246.0900
1623724640036000,0,0.03693971,33246.0900
1623724640282000,0,0.00910784,33246.0900
1623724640506000,0,0.02851590,33246.0900
1623724650208000,1,0.03700000,33236.3800
1623724650208000,1,0.14834574,33236.3700
1623724661735000,0,0.00087000,33258.5400
1623724663643000,1,0.03626000,33241.8300
1623724663668000,1,0.00074000,33241.8300
1623724663998000,0,0.01204219,33253.5100
1623724694596000,1,0.15045332,33246.1800
1623724698876000,0,0.03764096,33256.8500
1623724699058000,0,0.03717200,33256.8500
1623724704162000,0,0.03773739,33245.3800
1623724704995000,0,0.00405523,33235.2600
1623724705702000,1,0.00096562,33226.7900
1623724705702000,1,0.03793394,33219.7800
1623724716982000,0,0.00095000,33241.4400
1623724736206000,0,0.00291000,33241.4400
1623724737524000,0,0.00248647,33241.4400
1623724737738000,0,0.03749991,33241.4400
1623724737922000,0,0.02490587,33241.4400
1623724738421000,0,0.05677280,33241.4400
1623724754488000,1,0.10728613,33223.8000
1623724754526000,1,0.00218951,33223.8000
1623724800301000,0,0.00761840,33224.5300
1623724882220000,0,0.12046234,33162.2300
1623724900413000,1,0.15470289,33108.2600
1623724910255000,1,0.15615576,33100.8700
1623724929072000,1,0.00867100,33103.1900
1623724943379000,1,0.09487432,33095.3000
1623724951724000,0,0.00572262,33116.2600
1623724952320000,0,0.00135145,33116.2600
1623724977655000,0,0.02204965,33083.2700
1623725004227000,0,0.00066640,33075.6900
1623725018477000,1,0.11706777,33076.8900
1623725018477000,1,0.16722321,33076.8300
1623725019914000,1,0.09569393,33074.7800
1623725019914000,1,0.15833851,33074.3300
1623725035414000,0,0.00065254,33099.5000
1623725040310000,0,0.00283680,33097.3500
1623725048546000,0,0.13186478,33108.5800
1623725054212000,0,0.50491000,33126.7500
1623725054221000,0,0.99937656,33126.7500
1623725054222000,0,0.97871344,33126.7500
1623725054222000,0,0.02071380,33127.6000
1623725055417000,0,0.25000000,33127.6000
1623725055461000,0,0.97028620,33127.6000
1623725088300000,0,0.00088000,33123.4600
1623725096771000,0,0.01481394,33132.5400
1623725105831000,0,0.00867798,33132.5400
1623725114480000,0,0.45725899,33153.9900
1623725156916000,0,0.00365267,33192.1500
1623725162277000,1,0.09837853,33181.0200
1623725162279000,1,0.42901141,33181.0200
1623725162289000,1,0.09261006,33181.0200
1623725174675000,1,0.00140500,33161.4200
1623725176505000,0,0.00104612,33182.3500
1623725191672000,0,0.00798933,33180.8400
1623725217794000,0,0.01161714,33168.4200
1623725219506000,0,0.00097449,33168.4200
1623725274506000,0,0.01383834,33201.2300
1623725321967000,1,0.13186024,33162.4500
1623725321970000,1,0.05462982,33162.4500
1623725321970000,1,0.23565201,33160.4900
1623725391631000,0,0.00088562,33159.8700
1623725421479000,1,0.01511200,33125.9300
1623725428305000,0,0.18675359,33142.4900
1623725475658000,0,1.15300000,33177.8200
1623725518301000,1,0.05900000,33158.3200
1623725547723000,0,0.00211000,33188.3300
1623725569707000,0,0.00089931,33202.9800
1623725571242000,1,0.10639440,33170.3700
1623725596579000,0,0.00221554,33140.2400
1623725646604000,1,0.10872732,33120.2100
1623725682917000,0,0.00089863,33120.7900
1623725698571000,1,0.30000000,33096.9300
1623725698581000,1,1.44300000,33096.9300
1623725698643000,1,0.07751953,33082.9500
1623725698659000,1,0.23387644,33082.9500
1623725698659000,1,0.03020491,33079.5200
1623725698659000,1,0.03020491,33079.5200
1623725698711000,1,0.07751953,33069.8100
1623725698846000,1,0.18688446,33085.5400
1623725699254000,1,0.03020491,33075.9400
1623725699254000,1,0.03020491,33075.9400
1623725706830000,0,0.15000000,33100.2300
1623725717536000,0,0.01187833,33118.8400
1623725759707000,0,0.00804000,33145.8600
1623725762746000,0,0.01423000,33145.8600
1623725785447000,0,0.01700000,33166.9600
1623725811324000,1,0.10000000,33174.0400
1623725817938000,0,0.00741960,33191.1000
1623725827989000,0,0.00718000,33191.1000
1623725877445000,0,0.00142830,33197.9500
1623725883109000,0,0.00722000,33210.4600
1623725891963000,1,0.00247600,33197.7000
1623725943276000,0,0.00219237,33238.7600
1623725976896000,1,0.02515697,33205.1700
1623725990521000,0,0.01067000,33229.6400
1623725996754000,0,0.01773556,33218.9100
1623726006367000,1,0.18501696,33238.0600
1623726006413000,1,0.00377586,33238.0600
1623726040397000,0,0.00095000,33280.6500
1623726055815000,1,0.12683153,33271.7100
1623726056360000,1,0.05614719,33271.7100
1623726064642000,0,0.02848100,33298.5500
1623726064748000,0,0.01186708,33298.5500
1623726072666000,0,0.00344306,33316.7900
1623726075355000,0,0.01178230,33319.4400
1623726084307000,0,0.25000000,33348.2700
1623726084390000,0,0.18300000,33348.2700
1623726084484000,0,0.25000000,33348.2700
1623726084572000,0,0.15000000,33348.2700
1623726084651000,0,0.45000000,33348.2700
1623726084734000,0,1.71700000,33348.2700
1623726089467000,0,0.00098000,33349.0000
1623726089467000,0,0.00061000,33349.0000
1623726090305000,0,0.00100000,33369.0000
1623726098077000,0,0.00280329,33361.4600
1623726110179000,0,0.00061000,33374.0000
1623726110179000,0,0.00184464,33374.2700
1623726116999000,1,0.08516332,33360.6500
1623726116999000,1,0.04062784,33357.8100
1623726117531000,1,0.09319226,33357.8100
1623726122866000,0,0.00091875,33369.3900
1623726122866000,0,0.00501640,33373.0400
1623726128696000,1,0.00125547,33365.0700
1623726136348000,0,0.00100000,33379.0000
1623726136348000,0,0.00473449,33386.2300
1623726153652000,0,1.75434523,33388.2800
1623726153653000,0,0.27459486,33388.2800
1623726153677000,0,0.16113589,33388.2800
1623726153682000,0,0.18769011,33388.2800
1623726153691000,0,0.14001320,33388.2800
1623726154801000,0,0.48222071,33388.2800
1623726155347000,0,0.00061000,33399.0000
1623726158291000,1,0.00032750,33401.9900
1623726159508000,1,0.13980000,33399.6400
1623726159508000,1,0.00093750,33399.6300
1623726160324000,1,0.03336510,33393.8500
1623726166792000,1,0.00100090,33404.6100
1623726166819000,1,0.00100090,33404.6100
1623726174675000,0,0.00061000,33424.0000
1623726174675000,0,0.12056847,33428.3500
1623726174707000,0,0.17119002,33428.3500
1623726174707000,0,0.14587319,33428.3500
1623726174709000,0,0.23146820,33428.3500
1623726174716000,0,0.20313745,33428.3500
1623726174722000,0,0.16516220,33428.3500
1623726174723000,0,0.12778974,33428.3500
1623726174728000,0,0.08077276,33428.3500
1623726174779000,0,0.48343098,33428.3500
1623726174779000,0,0.13075728,33428.3500
1623726174779000,0,0.09459037,33428.3500
1623726174780000,0,0.21329201,33428.3500
1623726174780000,0,0.83196733,33428.3500
1623726175260000,0,0.15136414,33442.4300
1623726175334000,0,0.00183586,33442.4300
1623726175354000,0,0.02991594,33447.0900
1623726175354000,0,0.07478984,33447.0900
1623726175354000,0,0.00061000,33449.0000
1623726175371000,0,0.06290571,33455.6200
1623726175834000,0,0.00100000,33460.0400
1623726175951000,0,0.00000312,33460.0400
1623726176066000,0,1.47330000,33468.4600
1623726176167000,0,1.52670000,33468.4600
1623726178442000,1,0.00091875,33454.4800
1623726181978000,1,0.02988965,33441.1200
1623726184078000,0,0.00093750,33440.2800
1623726192398000,0,0.01505000,33451.8500
1623726192487000,1,0.18494975,33436.8500
1623726199165000,0,0.14247812,33432.9600
1623726202918000,1,0.18509838,33411.8400
1623726208753000,1,0.00798711,33413.8600
1623726210581000,0,0.00108914,33432.8300
1623726221179000,0,0.16658140,33429.4400
1623726221208000,0,0.00339962,33429.4400
1623726222155000,0,0.00822466,33429.8100
1623726240282000,0,0.01525013,33455.6400
1623726242411000,0,0.03580658,33436.6200
1623726242513000,1,0.18500000,33434.2500
1623726243868000,0,0.00100235,33461.6600
1623726252893000,0,0.05965052,33440.2500
1623726256013000,0,0.10146000,33446.4500
1623726257638000,0,0.08442346,33458.3400
1623726257638000,0,0.00551654,33461.6600
1623726273003000,1,0.18494900,33440.7200
1623726273241000,1,0.18494900,33440.7200
1623726289426000,1,0.24658175,33445.8700
1623726289427000,1,0.12541825,33445.8700
1623726289427000,1,0.18494703,33445.8600
1623726289518000,1,0.24658175,33445.1500
1623726289518000,1,0.38678537,33438.7700
1623726289518000,1,0.24661777,33438.6600
1623726289518000,1,0.07751953,33438.5100
1623726289611000,1,0.19680434,33444.8800
1623726289617000,1,0.17519566,33444.8800
1623726304039000,0,0.00637759,33443.2300
1623726325207000,1,0.11085978,33394.7400
1623726325230000,1,0.00000001,33394.7400
1623726328737000,1,0.09975000,33373.2700
1623726344083000,0,0.02856131,33400.7700
1623726379325000,0,0.00465027,33374.8300
1623726387158000,0,0.00105000,33375.6200
1623726390773000,1,0.01215287,33350.8600
1623726399041000,0,0.04400000,33372.9600
1623726399842000,1,0.00622700,33356.4200
1623726408773000,0,0.00257000,33397.5600
1623726415601000,1,0.11855655,33350.6200
1623726415601000,1,0.20686385,33350.2400
1623726416095000,1,0.00111497,33350.2400
1623726416194000,1,0.00150500,33350.2400
1623726417750000,1,0.16017463,33344.8500
1623726426581000,1,0.00722300,33337.9100
1623726426685000,1,0.00616510,33337.9100
1623726474325000,0,0.99945830,33395.3800
1623726474403000,0,0.99952526,33395.3800
1623726514667000,1,0.00920017,33344.4900
1623726540699000,1,0.13052000,33354.4000
1623726548557000,0,0.00174000,33352.2000
1623726577562000,1,0.00301521,33295.6200
1623726600253000,0,0.00513838,33316.7500
1623726616507000,0,0.10305000,33324.2700
1623726616827000,0,0.00000976,33324.2700
1623726617107000,0,0.58221852,33331.6900
1623726617531000,0,0.70000000,33331.6900
1623726617610000,0,0.70000000,33331.6900
1623726617683000,0,0.29678000,33331.6900
1623726617716000,0,0.00000148,33331.6900
1623726635288000,0,0.00339176,33339.0500
1623726637793000,1,0.18563065,33315.4100
1623726639429000,1,0.24757193,33307.6600
1623726651629000,0,0.15000000,33326.8500
1623726651629000,0,0.03116076,33326.8600
1623726657605000,1,0.00263677,33322.0200
1623726665020000,0,0.00575000,33343.2000
1623726667008000,0,0.00089294,33343.2000
1623726672932000,0,0.00427708,33360.6000
1623726678101000,1,0.18554504,33338.5400
1623726678110000,1,0.24736656,33337.7500
1623726690450000,1,0.18562000,33323.4600
1623726722743000,1,0.00093750,33333.4200
1623726722743000,1,0.00093750,33328.3000
1623726722743000,1,0.05000000,33328.2500
1623726722812000,0,0.03600000,33332.0100
1623726722812000,1,0.05000000,33324.5400
1623726749750000,1,0.12302940,33342.2600
1623726751217000,1,0.01844760,33342.2500
1623726775560000,0,0.00086000,33347.9600
1623726789021000,0,0.01762161,33338.2300
1623726823603000,0,0.00087000,33334.4700
1623726836221000,1,0.00000596,33323.4600
1623726836221000,1,0.15999404,33316.9700
1623726836322000,1,0.00000596,33316.9700
1623726836325000,1,0.12788732,33309.6600
1623726848565000,0,0.00099999,33300.0000
1623726907431000,0,0.00000001,33300.0000
1623726907431000,0,0.00299999,33313.6000
1623726907866000,1,0.00091875,33304.0800
1623726907866000,1,0.00029025,33296.8100
1623726911959000,0,0.03490295,33308.5700
1623726922848000,1,0.00666456,33299.1000
1623726934443000,0,0.03003000,33315.3200
1623726963472000,0,0.00087000,33333.4500
1623726972559000,1,0.18572000,33307.0300
1623726994535000,0,0.00286943,33308.5700
1623727005423000,1,0.19728514,33296.9400
1623727005424000,1,0.26692304,33296.9400
1623727005424000,1,0.08774830,33296.9400
1623727005424000,1,0.22269914,33296.9400
1623727005427000,1,0.09134438,33296.9400
1623727006312000,1,0.02000000,33296.0400
1623727017044000,0,0.00295133,33315.9800
1623727018922000,1,0.02377285,33296.2400
1623727019338000,0,0.00210000,33315.9800
1623727028534000,1,0.00051600,33296.2900
1623727043960000,0,0.00101000,33320.1700
1623727044156000,0,0.18478259,33320.1700
1623727048888000,1,0.00426600,33312.9200
1623727055309000,0,0.00094687,33349.5400
1623727055309000,0,0.05700000,33355.6400
1623727066657000,0,0.29999999,33369.6900
1623727066765000,0,0.00000001,33369.6900
1623727068695000,0,0.69181094,33378.6000
1623727068698000,0,0.10685139,33378.6000
1623727068719000,0,0.15756054,33378.6000
1623727068731000,0,0.09204772,33378.6000
1623727068832000,0,0.08072941,33378.6000
1623727069847000,0,0.10209432,33382.8900
1623727078746000,0,1.20000000,33367.4200
1623727078831000,0,0.33033000,33367.4200
1623727082447000,0,0.18558000,33367.5200
1623727082509000,0,0.00000234,33367.5200
1623727095587000,0,0.06834507,33382.8900
1623727110863000,0,0.07492702,33389.9100
1623727116064000,0,0.00087000,33398.5100
1623727118563000,0,0.00187120,33398.8700
1623727134269000,0,0.05000000,33411.1200
1623727155713000,1,0.15000000,33405.1400
1623727159463000,0,0.02054713,33413.9100
1623727191935000,0,0.00713000,33411.1800
1623727193548000,1,0.00512000,33394.7500
1623727200341000,0,0.00593330,33421.4300
1623727218143000,0,0.00508462,33407.5900
1623727221326000,0,0.12140000,33421.3800
1623727221326000,0,0.04501428,33421.3900
1623727236701000,0,0.00059705,33414.0700
1623727242211000,1,0.18525444,33392.7700
1623727250759000,1,0.00607833,33370.6600
1623727299108000,0,0.00091875,33400.5000
1623727299388000,1,0.00075400,33374.3000
1623727310976000,0,0.00299000,33411.8700
1623727320285000,0,0.04303288,33403.9800
1623727329821000,1,0.00261000,33370.1000
1623727332664000,0,0.00689486,33392.0100
1623727343573000,0,0.00475000,33391.7500
1623727367925000,0,0.00087000,33383.7800
1623727376921000,1,0.75873160,33362.7700
1623727376924000,1,0.26091358,33362.7700
1623727376983000,1,0.21762000,33362.7700
1623727377029000,1,0.64773482,33362.7700
1623727389857000,1,0.00345979,33358.7800
1623727389857000,1,0.00408621,33352.3300
1623727395657000,1,0.00123100,33363.0800
1623727396574000,1,0.00104300,33361.0800
1623727409824000,1,0.00100000,33356.8000
1623727410604000,0,0.00114000,33381.3700
1623727433015000,0,0.00295075,33402.9000
1623727454191000,0,0.18530333,33414.3500
1623727454206000,0,0.24707897,33416.6400
1623727457277000,0,0.01412987,33421.4300
1623727468801000,0,0.03064879,33409.7200
1623727483939000,0,0.00713000,33413.3200
1623727490261000,0,0.02937776,33421.4300
1623727490417000,0,0.25948280,33421.4300
1623727511450000,0,0.00089108,33435.9700
1623727512937000,0,0.00096741,33436.6500
1623727520129000,1,0.00226637,33416.1500
1623727521605000,0,0.55471983,33417.5900
1623727522476000,1,0.00080230,33412.2100
1623727523555000,0,0.00670086,33417.5900
1623727563612000,1,0.06077100,33399.9500
1623727574010000,1,0.00301400,33393.8400
1623727579193000,0,0.00338728,33414.1700
1623727587526000,0,0.10396372,33416.0400
1623727587526000,0,0.04543876,33417.5900
1623727604334000,1,0.08343394,33393.8400
1623727634036000,1,0.01681222,33381.0800
1623727647278000,0,0.03000000,33406.1000
1623727647278000,0,0.03000000,33406.1100
1623727662374000,0,0.02291320,33411.2100
1623727663391000,0,0.01579000,33412.7300
1623727672310000,0,0.00110067,33410.6800
1623727705638000,0,0.00714000,33382.9700
1623727713069000,0,0.00209754,33358.0200
1623727716139000,0,0.10188208,33358.0200
1623727716209000,0,0.09242005,33358.0200
1623727716210000,0,0.17638337,33358.0200
1623727716210000,0,0.09121195,33358.0200
1623727716317000,0,0.10580783,33358.0200
1623727719915000,0,0.00295607,33372.9200
1623727724588000,1,0.04000000,33352.5600
1623727726425000,0,0.00149482,33361.6900
1623727736634000,0,0.03878237,33377.7800
1623727736873000,0,0.00261000,33377.7800
1623727744389000,0,0.00439970,33369.8500
1623727758427000,0,0.00089000,33357.0900
1623727766691000,0,0.00861603,33359.5800
1623727768227000,1,0.02999579,33338.0200
1623727795525000,0,0.00949000,33359.9000
1623727802835000,0,0.11676000,33361.8900
1623727842523000,0,0.02997099,33384.8400
1623727842523000,0,0.02106440,33386.2500
1623727849125000,0,0.00299000,33383.1900
1623727882466000,0,0.00299000,33398.6300
1623727905377000,0,0.00087000,33399.8100
1623727905823000,0,0.00538266,33398.9700
1623727917860000,0,0.06785396,33398.9700
1623727919327000,0,0.04513043,33398.9700
1623727930593000,0,0.00282000,33419.5900
1623727933112000,1,0.00056800,33397.3000
1623727933835000,0,0.00342002,33423.7700
1623727935016000,0,0.00300000,33423.7700
1623727961864000,0,0.00665830,33405.6400
1623727962523000,0,0.00108954,33405.6400
1623727976011000,0,0.00574781,33390.8300
1623727997112000,0,0.00074630,33418.0900
1623728008900000,0,0.85000000,33414.7900
1623728008911000,0,0.12138159,33414.7900
1623728008914000,0,0.12422343,33414.7900
1623728008927000,0,0.04939498,33414.7900
1623728013060000,0,0.01748496,33418.0900
1623728013060000,0,0.00085565,33421.9800
1623728014905000,0,0.02919382,33421.9800
1623728014952000,0,0.00108751,33421.9800
1623728023918000,0,0.02976864,33421.9800
1623728026054000,0,0.04200000,33421.9800
1623728026537000,0,0.00023920,33421.9800
1623728040303000,0,0.02684248,33438.4900
1623728040985000,0,0.18515842,33437.7100
1623728042474000,0,0.19451267,33446.4600
1623728043066000,0,0.18515816,33441.5700
1623728043421000,0,0.01154653,33469.9500
1623728043421000,0,0.02645149,33473.9900
1623728045952000,0,0.08907854,33465.3700
1623728067189000,0,0.26935053,33468.1300
1623728073703000,0,0.00059999,33473.9900
1623728077901000,0,0.00239000,33471.5300
1623728100851000,0,0.10169064,33462.0700
1623728100958000,0,0.00094687,33469.9200
1623728100958000,0,0.01538240,33473.9600
1623728101064000,1,0.04200000,33473.9500
1623728101067000,1,0.00800000,33473.9500
1623728101067000,1,0.07387000,33473.0700
1623728101073000,1,0.00800613,33473.0700
1623728106590000,1,1.72500000,33435.5700
1623728106590000,1,0.75500000,33435.5700
1623728108249000,1,0.10700000,33435.5700
1623728125816000,0,0.03491000,33444.4200
1623728137776000,0,0.00087000,33439.2900
1623728156982000,1,0.01561691,33419.7900
1623728157779000,0,0.04400950,33436.4300
1623728160317000,0,0.00160253,33437.6100
1623728167989000,1,0.01383834,33406.3400
1623728170375000,1,0.20000000,33406.3400
1623728170450000,1,0.03302000,33406.3400
1623728196600000,1,0.00000529,33406.3400
1623728196600000,1,0.00277419,33398.2200
1623728207385000,0,0.00707000,33416.3600
1623728216810000,0,0.08818182,33420.9900
1623728218420000,1,0.10122500,33394.1100
1623728219167000,0,0.00902000,33410.4600
1623728246530000,1,0.36600000,33400.4300
1623728315937000,0,0.00472251,33380.2200
1623728316387000,1,0.19466549,33364.2800
1623728353269000,1,0.03113040,33371.7000
1623728355892000,1,0.00104300,33380.3500
1623728360969000,1,0.00127500,33388.8100
1623728363944000,1,0.00123000,33377.2900
1623728364143000,1,0.00174500,33377.2900
1623728365007000,1,0.00108300,33377.2900
1623728384800000,1,0.00180000,33361.5400
1623728406113000,1,0.00049500,33373.4600
1623728414632000,1,0.01000000,33365.5300
1623728450642000,1,0.01000000,33370.8400
1623728456494000,0,0.00261869,33393.0600
1623728462626000,1,0.24805194,33372.2800
1623728462627000,1,0.14532678,33372.2800
1623728462627000,1,0.24713116,33370.8300
1623728469831000,0,0.01180671,33370.0800
1623728473653000,0,0.02300000,33393.2600
1623728473653000,0,0.03584168,33393.2700
1623728529205000,1,0.05260000,33349.1000
1623728575601000,0,0.01610687,33366.2200
1623728636621000,0,0.04407137,33365.4200
1623728640250000,0,0.03680529,33362.3400
1623728660358000,0,0.00090937,33376.0700
1623728660358000,0,0.00138949,33377.6300
1623728678801000,0,0.01168982,33372.3500
1623728713253000,0,0.14072201,33377.6300
1623728719925000,0,1.02088850,33377.6300
1623728722793000,0,0.00141880,33396.1100
1623728725866000,1,0.02109100,33374.9400
1623728758741000,0,0.01348645,33394.2400
1623728760304000,0,0.00177899,33394.2400
1623728762647000,1,0.13887000,33373.6900
1623728799837000,0,0.05963711,33370.3000
1623728819337000,0,0.00116000,33374.4400
1623728820778000,0,0.00215984,33368.8300
1623728894674000,1,0.18518105,33403.1600
1623728948964000,1,0.00123500,33388.6900
1623729009400000,1,0.00483600,33405.7600
1623729017542000,0,0.14758884,33430.6200
1623729036823000,0,0.00537346,33440.2000
1623729056718000,0,0.01467221,33430.3100
1623729070716000,0,0.01100000,33440.1800
1623729082573000,0,0.00122211,33444.8100
1623729168972000,0,0.00059684,33425.9500
1623729184744000,0,0.00104437,33426.7900
1623729192337000,1,0.18512000,33410.3300
1623729192383000,1,0.00000803,33410.3300
1623729197269000,0,1.10500000,33421.0500
1623729197269000,0,0.95674114,33426.8000
1623729197285000,0,0.14825886,33426.8000
1623729197285000,0,0.11181664,33427.2400
1623729197286000,0,0.14828924,33427.2400
1623729197287000,0,0.10790152,33427.2400
1623729197512000,0,0.02992292,33437.4600
1623729197512000,0,0.07480730,33437.4600
1623729201774000,0,0.00061000,33474.0000
1623729202470000,0,0.00090937,33482.3400
1623729320074000,1,0.24688401,33396.8800
1623729324578000,1,0.18521964,33392.3300
1623729340485000,0,0.00677155,33391.7800
1623729340958000,0,0.00766032,33391.7800
1623729347475000,0,0.00523362,33377.4000
1623729351616000,0,0.00086000,33392.2000
1623729355357000,1,0.00061234,33371.5200
1623729355357000,1,0.18533442,33368.4400
1623729360513000,0,0.00576209,33377.8400
1623729364550000,0,0.02956760,33373.3100
1623729370348000,0,0.00229314,33381.5100
1623729371477000,0,0.00301199,33371.2000
1623729374229000,1,0.16007445,33351.3200
1623729374232000,1,0.02535895,33351.3200
1623729374290000,1,0.00060795,33349.7600
1623729374290000,1,0.58065411,33349.0100
1623729374487000,0,0.00199091,33359.9000
1623729378359000,1,1.38702797,33339.2400
1623729378359000,1,0.12269176,33339.2400
1623729381188000,1,0.22028027,33339.2400
1623729395147000,0,0.00719000,33347.2500
1623729406257000,1,0.00061310,33330.5600
1623729416326000,1,0.00060869,33308.8000
1623729419418000,1,0.99859750,33296.0400
1623729419514000,1,0.41333079,33296.0400
1623729422219000,0,0.01000000,33319.8700
1623729425389000,1,0.14932745,33296.0400
1623729425396000,1,0.13389542,33296.0400
1623729429047000,1,0.01784000,33296.0400
1623729440757000,0,0.01149078,33311.3200
1623729441166000,0,0.00090937,33308.0200
1623729441166000,0,0.00144888,33311.3100
1623729441961000,0,0.02360132,33303.7900
1623729448670000,0,0.02198828,33297.2900
1623729449072000,1,0.00000884,33296.0400
1623729449160000,1,0.00061385,33289.6000
1623729476781000,1,0.01300000,33306.9800
1623729477772000,0,0.00589914,33323.0000
1623729480320000,0,0.00157123,33323.0000
1623729483268000,0,0.00060969,33318.5300
1623729487572000,0,0.01167680,33310.8700
1623729511014000,0,0.00949999,33284.4600
1623729517738000,0,0.00050001,33284.4600
1623729585615000,0,0.00208359,33352.0000
1623729592206000,0,0.00215777,33352.0000
1623729595202000,0,0.00575864,33352.0000
1623729596525000,0,0.00734177,33361.8000
1623729601922000,0,0.00074514,33376.1900
1623729617124000,1,0.00060895,33360.6400
1623729617488000,0,0.00145000,33360.9000
1623729634360000,0,0.02073010,33359.7600
1623729635283000,0,0.00127362,33361.5800
1623729642542000,1,0.00060795,33349.7600
1623729646453000,0,0.01726000,33341.9900
1623729656355000,0,0.00097436,33330.6800
1623729686244000,1,0.00400000,33282.4200
1623729688679000,0,0.00352823,33296.9300
1623729694937000,1,0.00061045,33278.7200
1623729694937000,1,0.00061423,33269.1200
1623729696013000,1,0.00060131,33268.4800
1623729696013000,1,0.00060944,33267.8400
1623729696013000,1,0.00060943,33267.8400
1623729708620000,0,0.02199127,33287.7200
1623729709642000,0,0.02199127,33287.6600
1623729716202000,1,0.00000001,33267.8400
1623729729832000,1,0.17553819,33250.1100
1623729745824000,1,0.00061503,33265.0300
1623729814799000,0,0.09098597,33328.9700
1623729819044000,0,0.36267574,33339.3900
1623729819048000,0,0.81020000,33339.8400
1623729819048000,0,0.18567950,33340.7100
1623729819144000,0,0.50857258,33335.4900
1623729819145000,0,0.19338775,33335.4900
1623729819146000,0,0.41103967,33335.4900
1623729819146000,0,0.00523095,33341.3600
1623729819150000,0,0.30214369,33341.3600
1623729819353000,0,0.03000000,33346.0600
1623729819353000,0,0.03000000,33347.4400
1623729819397000,0,0.08328200,33354.7200
1623729840304000,0,0.06276861,33379.5800
1623729858849000,0,0.18535990,33393.1100
1623729883094000,1,0.00060720,33390.7200
1623729883094000,1,0.18528250,33381.3500
1623729883160000,1,0.10846548,33375.8500
1623729883185000,1,0.10636982,33375.8500
1623729883200000,1,0.03221054,33375.8500
1623729883200000,1,0.02994550,33375.1500
1623729883200000,1,0.07486375,33375.1500
1623729888374000,1,0.00060038,33388.8000
1623729892778000,1,0.00001225,33388.8000
1623729956626000,0,0.00285445,33420.3100
1623729965496000,1,0.00060820,33401.6000
1623729966074000,1,0.01600000,33396.1700
1623729969412000,0,0.02872000,33388.7600
1623730010687000,1,0.00284100,33361.4100
1623730018337000,0,0.18541563,33378.8000
1623730018390000,0,0.24722083,33382.6500
1623730040891000,0,0.00199441,33375.2800
1623730065503000,0,0.00266571,33349.9900
1623730080271000,0,0.05956572,33337.6400
1623730084414000,1,0.01481180,33298.9100
1623730084774000,1,0.00090000,33295.0100
1623730084774000,1,0.00105453,33293.3800
1623730084774000,1,0.07751953,33289.5300
1623730104629000,1,0.00091875,33289.7100
1623730111103000,1,0.09735000,33287.7900
1623730138212000,1,0.10222000,33289.6500
1623730146503000,0,0.99936207,33305.3700
1623730146521000,0,0.09263793,33305.3700
1623730147236000,0,0.62000000,33320.6300
1623730164069000,1,0.00075102,33287.9800
1623730164069000,1,0.00016492,33277.9800
1623730200234000,0,0.00097059,33294.5700
1623730203379000,1,0.04645834,33275.1400
1623730204361000,1,0.19568247,33275.1400
1623730205490000,1,0.00075126,33277.2500
1623730205490000,1,0.09780317,33275.1400
1623730205585000,1,0.09128774,33275.1400
1623730205626000,1,0.27704242,33275.1400
1623730205627000,1,0.09855443,33275.1400
1623730205700000,1,0.20000000,33275.1400
1623730205779000,1,0.20000000,33275.1400
1623730205851000,1,0.25000000,33275.1400
1623730205918000,1,0.27617000,33275.1400
1623730209581000,1,0.00000143,33275.1400
1623730212682000,0,0.01652653,33271.7300
1623730234020000,1,0.01515902,33283.5600
1623730256699000,0,0.02947811,33298.4000
1623730263880000,0,0.00110000,33293.3600
1623730266605000,0,0.18028340,33297.0700
1623730266606000,0,0.15082408,33297.0700
1623730266611000,0,0.12568673,33297.0700
1623730266624000,0,0.21133992,33297.0700
1623730266679000,0,0.43286587,33297.0700
1623730320261000,0,0.00317021,33316.4500
1623730330015000,1,0.01992120,33308.9400
1623730333449000,1,0.00819600,33308.9500
1623730343512000,0,0.02279057,33339.4800
1623730353815000,1,0.00700000,33314.3800
1623730355064000,0,0.00896816,33335.6000
1623730360650000,1,0.38001756,33300.9000
1623730360650000,1,0.17659899,33300.8900
1623730384304000,0,0.00444667,33312.5600
1623730396508000,0,0.00500000,33305.8600
1623730405513000,0,0.00902292,33288.8200
1623730418903000,0,0.01879000,33286.8100
1623730420472000,0,0.00000343,33286.8100
1623730420472000,0,0.00444563,33299.1300
1623730424135000,1,0.14968587,33277.2100
1623730424146000,1,0.04231413,33277.2100
1623730436539000,0,0.00442287,33292.5400
1623730440411000,0,0.00183513,33293.3400
1623730472148000,0,0.00148900,33334.0700
1623730482470000,0,0.00582661,33330.7900
1623730498823000,0,0.10080789,33332.9300
1623730498823000,0,0.01570289,33333.6500
1623730502046000,0,0.08262328,33339.4700
1623730502166000,0,0.01065772,33339.4700
1623730502166000,0,0.18561836,33339.9000
1623730502166000,0,0.38492499,33343.9500
1623730519603000,0,0.00206122,33342.1800
1623730533932000,0,0.00665537,33354.0400
1623730536105000,1,0.19953951,33334.3900
1623730536114000,1,0.16456991,33334.3900
1623730536137000,1,0.12059393,33334.3900
1623730536147000,1,0.38829665,33334.3900
1623730536147000,1,0.18550864,33334.3800
1623730548513000,0,0.00840968,33325.5900
1623730559830000,1,0.00061394,33317.1200
1623730560318000,0,0.01481279,33325.1800
1623730564156000,0,0.01493341,33315.2300
1623730564337000,1,0.00061413,33306.8800
1623730564337000,1,0.00061432,33296.6400
1623730564337000,1,0.01531855,33295.6600
1623730571444000,0,0.09038000,33311.0400
1623730575544000,1,0.00302535,33298.8600
1623730578786000,0,0.00389000,33314.3500
1623730582967000,1,0.24757059,33296.9900
1623730585187000,1,0.00061451,33286.4000
1623730585187000,1,0.00719801,33282.8800
1623730586558000,0,0.11689817,33303.7800
1623730586558000,0,0.03285577,33309.4900
1623730590926000,1,0.01501296,33278.1200
1623730616542000,0,0.00294737,33285.6600
1623730621682000,1,0.08300000,33276.1700
1623730621682000,1,0.00061470,33276.1600
1623730623020000,0,0.02199545,33273.1100
1623730636187000,0,0.00923765,33289.6000
1623730645697000,0,0.00178000,33277.0300
1623730647606000,0,0.00447947,33284.3500
1623730648768000,0,0.00241995,33280.5700
1623730661165000,1,0.07265477,33259.4000
1623730666560000,1,0.03010842,33254.0000
1623730667004000,0,0.02199754,33266.7200
1623730669501000,0,0.18504965,33269.9300
1623730683940000,0,0.00220215,33269.6900
1623730695613000,0,0.00096937,33269.3000
1623730699013000,0,0.01238364,33277.7700
1623730710562000,0,0.02199963,33262.2100
1623730727162000,1,0.52647000,33250.0000
1623730727239000,1,0.02653000,33250.0000
1623730728409000,0,0.02200172,33253.7500
1623730745669000,0,0.11115000,33257.1800
1623730750905000,0,0.13039165,33282.6100
1623730750906000,0,0.05557518,33282.6100
1623730759574000,0,0.00100607,33283.9700
1623730800289000,0,0.00086164,33267.4000
1623730803663000,1,0.01217402,33251.3600
1623730807551000,0,0.04625000,33285.4200
1623730811523000,0,0.71636234,33285.4200
1623730811539000,0,0.09125955,33285.4200
1623730811593000,0,0.22156548,33285.4200
1623730811595000,0,0.48308539,33285.4200
1623730811956000,0,0.51538000,33285.4200
1623730812177000,0,0.12909000,33285.4200
1623730814444000,0,0.00000724,33285.4200
1623730815419000,0,0.00087000,33306.6000
1623730827386000,0,0.00416370,33312.7700
1623730834770000,0,1.07400000,33316.7100
1623730834770000,0,0.03130299,33319.7200
1623730837396000,1,0.58065411,33305.0800
1623730865476000,0,0.00145544,33323.6200
1623730865585000,1,0.36556497,33309.6000
1623730888777000,0,0.00075868,33340.2000
1623730901551000,0,0.00545000,33338.7900
1623730908916000,1,0.00615536,33322.5100
1623730912804000,0,0.05087243,33335.4100
1623730916607000,0,0.00144505,33328.4700
1623730917437000,1,0.00105395,33308.7700
1623730920308000,1,0.00380400,33312.7900
1623730982665000,0,0.00595478,33361.9500
1623730984257000,0,0.00508223,33367.7700
1623731003653000,0,0.00291072,33357.4500
1623731030983000,0,0.00099014,33361.3900
1623731040268000,0,0.01214776,33352.2500
1623731050145000,0,0.00148339,33344.3500
1623731050447000,1,0.37260482,33332.3900
1623731050458000,1,0.08024964,33332.3900
1623731050609000,1,0.08705047,33332.3900
1623731050609000,1,0.11524049,33332.3900
1623731050609000,1,0.45285446,33332.3900
1623731050817000,1,0.62200012,33332.3900
1623731069206000,0,0.00627777,33336.6800
1623731084183000,0,0.00117000,33334.9500
1623731098411000,0,0.00257247,33356.9700
1623731154541000,1,0.01601268,33361.5800
1623731157024000,0,0.11854787,33373.6400
1623731160260000,0,0.00112009,33375.1900
1623731171997000,1,0.00150800,33350.8100
1623731182569000,0,0.01057852,33348.1100
1623731184380000,1,0.00143302,33327.8300
1623731216385000,0,0.00144253,33342.1500
1623731228891000,1,0.08284487,33336.8400
1623731228907000,1,0.00715513,33336.8400
1623731233987000,0,0.18557731,33343.6400
1623731236758000,0,0.00733000,33357.9300
1623731285081000,1,0.01832960,33341.1500
1623731327030000,1,0.15000000,33329.0600
1623731327030000,1,0.02455300,33329.0500
1623731336409000,0,0.01469213,33355.3000
1623731343012000,1,0.00049500,33336.7500
1623731378711000,1,0.18551000,33333.0600
1623731378741000,1,0.00000278,33333.0600
1623731379106000,1,1.24200000,33327.9900
1623731393356000,0,0.00607252,33332.4700
1623731403929000,0,0.01180817,33350.5900
1623731446709000,0,0.00719000,33375.9500
1623731477380000,0,0.00330000,33364.8800
1623731478739000,0,0.00923845,33364.8800
1623731508999000,0,0.00089235,33381.3100
1623731520297000,0,0.02967170,33371.4600
1623731524281000,1,0.10000000,33369.5600
1623731526831000,0,0.00797000,33369.5500
1623731532364000,0,0.00075803,33372.3200
1623731532474000,1,0.00080247,33350.0000
1623731535717000,1,0.00117358,33350.0000
1623731535734000,1,0.00002395,33350.0000
1623731559306000,0,0.09190000,33356.1700
1623731559306000,0,0.09359804,33356.1800
1623731566842000,0,0.18545855,33364.0600
1623731566937000,0,0.30915318,33367.9200
1623731597361000,0,0.00316000,33372.6900
1623731604652000,1,0.02997093,33347.1500
1623731640289000,0,0.01658806,33366.8800
1623731656097000,1,0.00090583,33349.0600
1623731705246000,0,0.00241000,33361.9700
1623731713015000,0,0.00074569,33351.6600
1623731716378000,1,0.86500000,33335.3900
1623731716378000,1,1.73000000,33335.3900
1623731745763000,0,0.73994338,33351.6600
1623731760298000,0,0.01518504,33365.9200
1623731766406000,0,0.00771656,33350.7600
1623731772599000,0,0.19243995,33356.2000
1623731787053000,1,0.16519872,33354.5600
1623731787053000,1,0.15000000,33354.1700
1623731787053000,1,0.18542609,33349.6200
1623731787053000,1,0.03122113,33347.8400
1623731787053000,1,0.00092812,33346.0500
1623731787053000,1,0.24723479,33345.8100
1623731787053000,1,0.09284800,33339.9100
1623731787053000,1,0.05000000,33339.3100
1623731787053000,1,0.03915316,33339.3000
1623731799920000,0,0.00183618,33365.9600
1623731811861000,1,0.18070109,33349.4800
1623731847320000,0,0.01683883,33367.1100
1623731860795000,0,0.00465369,33370.0800
1623731861983000,0,0.22430314,33371.5400
1623731861984000,0,0.08875977,33371.5400
1623731861986000,0,0.36047332,33371.5400
1623731862243000,0,0.09467522,33377.6500
1623731862254000,0,0.55261530,33377.6500
1623731862272000,0,0.23962143,33377.6500
1623731862273000,0,0.22476118,33377.6500
1623731862277000,0,0.16996403,33377.6500
1623731862277000,0,0.57685751,33377.6500
1623731862277000,0,0.37350533,33377.6500
1623731863116000,0,0.00090937,33391.2900
1623731863116000,0,0.01396366,33393.7700
1623731880296000,1,0.00577918,33356.7800
1623731880896000,1,0.18536650,33356.7400
1623731884547000,0,0.00300000,33359.4100
1623731936148000,0,0.11995470,33388.5200
1623731951116000,0,0.00537730,33407.6700
1623731962450000,1,0.09680534,33396.9600
1623731981639000,0,0.01435000,33415.4300
1623731996486000,0,0.13300000,33417.9100
1623731996486000,0,0.01420286,33417.9200
1623732000275000,0,0.09368569,33413.7500
1623732000275000,0,0.01420000,33417.9100
1623732000275000,0,0.16329231,33417.9200
1623732011153000,1,0.09093927,33393.6100
1623732018291000,0,0.00087000,33399.8300
1623732027360000,0,0.37626814,33417.5800
1623732027360000,0,0.30464642,33417.5900
1623732029699000,0,0.00147843,33410.2300
1623732038505000,0,0.16887610,33415.0100
1623732041699000,1,0.01100000,33401.0500
1623732056725000,0,0.02941018,33420.3100
1623732082462000,0,0.26436020,33420.3100
1623732082465000,0,0.21282922,33420.3100
1623732082490000,0,0.14934033,33420.3100
1623732082499000,0,0.20221237,33420.3100
1623732082502000,0,0.10667166,33420.3100
1623732082577000,0,0.12932159,33420.3100
1623732082685000,0,0.12608701,33421.9800
1623732082686000,0,0.08274757,33421.9800
1623732082695000,0,0.26406873,33421.9800
1623732082795000,0,0.21894265,33421.9800
1623732082809000,0,0.42594648,33421.9800
1623732082869000,0,0.08232651,33421.9800
1623732082883000,0,0.41089726,33421.9800
1623732082946000,0,0.58298379,33421.9800
1623732084364000,0,0.00061411,33422.5800
1623732088810000,0,0.00061392,33432.8600
1623732088810000,0,0.01581643,33436.6400
1623732099612000,1,0.00060646,33431.6800
1623732099612000,1,0.00060646,33431.6800
1623732118218000,0,0.01241833,33435.2400
1623732120293000,0,0.00372993,33436.8600
1623732122937000,1,0.00061187,33429.7600
1623732122937000,1,0.00061206,33419.5200
1623732123227000,0,0.02346199,33436.5500
1623732136804000,0,0.11046000,33421.6200
1623732149098000,0,0.00469239,33442.0100
1623732170150000,0,0.00060146,33443.1500
1623732176477000,0,0.00146922,33452.6700
1623732179820000,0,0.00061354,33453.4300
1623732179820000,0,0.00061336,33463.7200
1623732179820000,0,0.00166310,33463.8700
1623732193824000,0,0.01339869,33478.8100
1623732196759000,1,0.00061131,33460.4800
1623732196759000,1,0.00061150,33450.2400
1623732199573000,1,0.00974893,33443.1500
1623732199573000,1,0.00060745,33442.5600
1623732205631000,0,0.05685568,33442.5600
1623732210986000,1,0.00061169,33440.0000
1623732210986000,1,0.03122113,33424.3600
1623732211294000,1,0.62000000,33426.0300
1623732219698000,1,0.00061225,33409.2800
1623732219698000,1,0.00090000,33408.2500
1623732219698000,1,0.00746279,33407.9200
1623732223573000,1,0.01566654,33408.1200
1623732246928000,0,0.01330000,33452.2900
1623732248721000,0,0.00474000,33464.0600
1623732255253000,1,0.05000000,33427.4300
1623732260478000,0,0.03116000,33436.7900
1623732280240000,0,0.00107442,33431.7000
1623732295404000,0,0.00563026,33445.0300
1623732297919000,1,0.06070159,33431.5800
1623732317361000,0,0.02932070,33456.7400
1623732323749000,1,0.01504519,33444.3800
1623732329154000,1,0.24664000,33440.2700
1623732330160000,0,0.62000000,33452.2300
1623732330252000,1,0.84067000,33453.5800
1623732330256000,1,0.00000655,33453.5800
1623732332730000,1,0.00000557,33440.2700
1623732332730000,1,0.07499443,33430.9000
1623732332784000,1,0.00000557,33430.9000
1623732334238000,1,0.00156304,33418.9700
1623732365516000,1,0.00061244,33399.0400
1623732365516000,1,0.18521716,33389.3700
1623732365534000,1,0.03116842,33386.7000
1623732365534000,1,0.30862176,33384.5500
1623732365535000,1,0.86250840,33383.5000
1623732365537000,1,0.00049160,33383.5000
1623732365538000,1,0.33012435,33382.4600
1623732365590000,1,0.86300000,33383.5000
1623732365650000,1,0.80271154,33381.0000
1623732365676000,1,0.18521716,33389.3700
1623732365676000,1,0.11478284,33381.0000
1623732365685000,1,0.16591410,33381.0000
1623732365685000,1,0.14335146,33380.9800
1623732365687000,1,0.16530129,33380.9800
1623732366070000,1,0.00061281,33378.5600
1623732366311000,0,0.00093750,33398.0700
1623732366311000,0,0.00090000,33399.5900
1623732366311000,0,0.00153522,33404.3100
1623732394604000,1,0.00061300,33368.3200
1623732397906000,1,0.00060093,33358.0800
1623732397957000,1,0.00001226,33358.0800
1623732399764000,0,0.37968570,33370.3900
1623732400382000,1,0.00090341,33355.8800
1623732409332000,0,0.00146579,33371.8500
1623732422838000,0,0.00299000,33390.1100
1623732428175000,1,0.01059000,33374.8500
1623732429568000,1,0.00123800,33374.4900
1623732445050000,1,0.00849465,33366.3500
1623732445172000,1,0.00222035,33366.3500
1623732457883000,1,0.09496749,33383.7400
1623732465568000,1,0.00376784,33381.7200
1623732480301000,0,0.00721376,33407.8400
1623732484375000,1,0.00690424,33394.5400
1623732487051000,0,0.00087000,33409.8100
1623732499611000,0,0.00089000,33403.9900
1623732527736000,0,0.00576000,33412.1400
1623732528230000,1,0.00858800,33396.1100
1623732532652000,0,0.00417000,33413.6300
1623732536936000,1,0.00103000,33392.1400
1623732538135000,0,0.08913598,33408.5500
1623732539411000,1,0.03392000,33392.1400
1623732539606000,1,0.00159800,33392.1400
1623732539787000,1,0.00667500,33392.1400
1623732541855000,1,0.00105300,33401.6100
1623732544533000,1,0.00077600,33405.9700
1623732547530000,1,0.00524200,33405.9000
1623732552253000,1,0.00086700,33405.8700
1623732596619000,0,0.00440900,33443.0100
1623732600339000,0,0.01308162,33443.0100
1623732612880000,0,0.00280983,33461.4600
1623732632277000,0,1.10567240,33472.0300
1623732632693000,0,0.15000000,33472.1200
1623732632693000,0,0.11258181,33472.1300
1623732632693000,0,0.05000000,33473.0900
1623732632693000,0,0.09648447,33473.1000
1623732637877000,0,0.00080105,33470.1000
1623732659074000,0,0.00189000,33465.0500
1623732663616000,0,0.07474918,33480.0800
1623732664531000,0,0.04942672,33480.0800
1623732664678000,0,0.01489927,33480.0800
1623732665615000,0,0.00595970,33480.0800
1623732668163000,0,0.02488112,33480.0800
1623732672612000,0,0.26167797,33480.0800
1623732678947000,1,0.00061113,33470.7200
1623732678947000,1,0.03017930,33464.9200
1623732686261000,0,0.07547126,33466.8200
1623732688805000,0,0.01791575,33458.1900
1623732691622000,0,0.07645321,33454.7000
1623732694303000,0,0.02114624,33475.3700
1623732714259000,0,0.00231963,33470.8800
1623732720359000,1,0.03775506,33440.4000
1623732720486000,1,1.68724494,33440.4000
1623732722327000,1,0.00848465,33426.4800
1623732735302000,0,0.01057034,33445.4600
1623732737184000,1,0.00309000,33435.7900
1623732757854000,0,0.15000000,33434.2900
1623732757854000,0,0.09148667,33434.3000
1623732757854000,0,0.21280034,33439.2200
1623732786213000,0,0.09881221,33444.0500
1623732786213000,0,0.00118779,33445.1100
1623732791710000,1,0.00072500,33426.0200
1623732792338000,0,0.00246500,33444.0100
1623732813345000,0,0.18516391,33433.7000
1623732813499000,0,0.05600000,33440.0400
1623732813515000,1,0.10139921,33432.8200
1623732825522000,0,0.11751483,33442.3400
1623732825523000,0,0.06761112,33442.3400
1623732827801000,0,0.03116843,33471.4500
1623732827801000,0,0.10343891,33477.9700
1623732827801000,0,0.20178580,33480.0800
1623732840294000,0,0.02988465,33480.0700
1623732840294000,0,0.07471161,33480.0700
1623732840294000,0,0.23775146,33480.0800
1623732851665000,0,0.65000000,33480.0800
1623732857173000,0,0.03000000,33480.0700
1623732857173000,0,0.07696483,33480.0800
1623732857178000,0,0.12690395,33480.0800
1623732857271000,1,0.03000000,33480.0800
1623732873290000,0,0.00060986,33491.7000
1623732873290000,0,0.00122889,33493.6500
1623732873290000,0,0.00255859,33494.7800
1623732882505000,1,0.00060671,33483.5200
1623732896556000,1,0.00061094,33480.9600
1623732896556000,1,0.00094687,33472.9800
1623732896556000,1,0.01444219,33472.6500
1623732897544000,0,0.00712000,33495.5100
1623732897556000,0,0.01467352,33495.5100
1623732903080000,0,0.00200000,33497.0300
1623732907384000,0,0.00496321,33496.4000
1623732914864000,1,0.00866599,33462.4800
1623732918737000,1,0.01575000,33461.8500
1623732924245000,0,0.00247000,33485.6000
1623732924439000,0,0.00297892,33485.1900
1623732956605000,0,0.00877206,33467.7600
1623732960264000,0,0.03669294,33464.7000
1623732966781000,0,0.01490479,33479.1600
1623732999151000,1,0.00585546,33429.6300
1623732999526000,0,0.01172377,33435.8200
1623733007964000,1,0.00076131,33429.6300
1623733011074000,0,0.13775389,33437.9800
1623733016558000,1,0.00660000,33423.4400
1623733017572000,0,0.01760421,33439.9600
1623733019527000,1,0.00071000,33422.0400
1623733021005000,0,0.00156317,33446.6100
1623733031688000,0,0.47289296,33438.8600
1623733055268000,0,0.18508019,33446.9700
1623733055318000,0,0.24676571,33451.5500
1623733080460000,0,0.00387000,33468.8900
1623733095842000,0,0.00088000,33448.5000
1623733103691000,0,0.21066755,33447.9100
1623733103702000,0,0.14277574,33447.9100
1623733112397000,0,0.00077139,33447.9100
1623733144997000,0,0.12108828,33447.9100
1623733144998000,0,0.19229542,33447.9100
1623733145005000,0,0.14643666,33447.9100
1623733145010000,0,0.04896496,33447.9100
1623733163944000,0,0.02783459,33449.4200
1623733172419000,1,0.15000000,33425.4300
1623733173141000,0,0.00889063,33426.2100
1623733182351000,1,0.04600000,33422.9300
1623733182388000,1,0.39787266,33415.7500
1623733188471000,0,0.00942509,33433.2500
1623733201196000,1,0.00088298,33423.1700
1623733209497000,0,0.21816038,33450.5500
1623733236663000,0,0.01500000,33451.4300
1623733237856000,1,0.18500169,33433.8200
1623733240919000,0,0.09730700,33442.7100
1623733241040000,0,0.73747762,33445.2900
1623733241670000,1,0.01635200,33429.1400
