timestamp ms,type,amount,price
1626998437148000,1,0.38718431,27432.7300
1626998437148000,1,0.54100000,27432.5200
1626998437148000,1,0.16957307,27431.7900
1626998437148000,1,1.08300000,27429.9000
1626998437148000,1,0.05560088,27429.3600
1626998437148000,1,0.04739874,27427.6700
1626998451039000,0,0.20271217,27447.7100
1626998467748000,0,1.08100000,27478.0100
1626998467748000,0,0.54000000,27478.3200
1626998467748000,0,0.03641475,27482.4400
1626998467748000,0,0.00845812,27484.0400
1626998467833000,0,0.09103356,27487.8300
1626998467833000,0,0.00003638,27489.6300
1626998467833000,0,0.03623136,27489.6300
1626998467840000,0,0.01382626,27489.6300
1626998467840000,0,0.26800723,27490.7000
1626998467841000,0,0.14616579,27490.7000
1626998467841000,0,0.33674661,27490.7000
1626998467842000,0,0.10175078,27490.7000
1626998467865000,0,0.06245259,27490.7000
1626998467995000,0,0.03641210,27487.8200
1626998467995000,0,0.22554000,27490.6900
1626998467995000,0,0.03845884,27495.4500
1626998469091000,0,0.00900000,27507.1000
1626998469179000,0,0.99957904,27507.1000
1626998469182000,0,0.07142096,27507.1000
1626998493905000,1,0.05009400,27478.5600
1626998493977000,1,0.54000000,27477.3600
1626998495413000,1,0.01175889,27461.1700
1626998531370000,1,0.00310481,27469.0200
1626998545854000,1,0.00775200,27456.3300
1626998583819000,0,0.00106000,27505.4400
1626998591657000,1,0.00933970,27484.7900
1626998640267000,1,0.00369514,27497.2500
1626998664936000,0,0.00107465,27522.9400
1626998702889000,0,0.00422000,27521.9000
1626998706666000,0,0.00229000,27515.9800
1626998727185000,0,0.01436219,27497.7900
1626998728132000,1,0.14066030,27484.7900
1626998791478000,1,0.00590822,27449.2600
1626998818980000,0,0.00120476,27459.5400
1626998819833000,0,0.00120476,27459.5400
1626998820928000,0,0.00120476,27455.5700
1626998828476000,1,0.03759200,27436.5000
1626998837426000,1,0.00223158,27436.5000
1626998843964000,1,0.50000000,27437.0400
1626998843965000,1,0.11492075,27436.5000
1626998843965000,1,0.05009400,27436.1900
1626998843989000,1,0.08089902,27435.0300
1626998843990000,1,0.10681235,27435.0300
1626998843990000,1,0.04438718,27435.0300
1626998844061000,1,0.54100000,27433.1900
1626998844061000,1,0.04708829,27432.7500
1626998844074000,1,0.38677187,27428.1000
1626998844219000,1,0.09404400,27423.6000
1626998844488000,0,0.00353000,27455.3000
1626998853980000,1,0.00099423,27415.5800
1626998876912000,0,0.00998977,27424.5500
1626998932009000,1,0.00201773,27425.4700
1626998955219000,0,0.00424000,27437.4200
1626998995967000,0,0.00736000,27395.0600
1626998996326000,0,0.00000400,27395.0600
1626999006179000,0,0.00097667,27403.1200
1626999009427000,1,0.00240000,27401.9300
1626999009506000,1,0.01500000,27401.9300
1626999012350000,0,0.00001993,27403.1200
1626999012350000,0,0.01429457,27413.5200
1626999018358000,1,0.00140600,27398.2300
1626999024716000,1,0.01106300,27396.5600
1626999126898000,1,0.00092800,27360.7800
1626999138924000,0,0.00175736,27374.2400
1626999141412000,0,0.02549000,27371.8500
1626999141709000,0,0.00185611,27371.8500
1626999145516000,0,0.18000000,27362.6900
1626999145542000,0,0.00873749,27362.6900
1626999240543000,0,0.00106000,27383.2900
1626999249464000,0,0.04000000,27373.3500
1626999249469000,0,0.04000000,27373.3500
1626999249538000,0,0.03370000,27373.3500
1626999258491000,0,0.01000000,27374.6800
1626999270465000,0,0.07000000,27371.6000
1626999270497000,0,0.07000000,27371.6000
1626999270525000,0,0.02250864,27371.6000
1626999309819000,0,0.10513200,27373.0000
1626999331831000,0,0.00106000,27368.7600
1626999346683000,1,0.01000000,27353.0000
1626999348917000,1,0.01000000,27352.0000
1626999367812000,0,0.00461000,27359.0300
1626999369261000,0,0.00106000,27364.7200
1626999432474000,0,0.00392000,27395.7700
1626999476338000,1,0.10000000,27377.6900
1626999488160000,0,0.11090000,27393.3800
1626999612493000,0,0.03310000,27435.9800
1626999613270000,0,0.04000000,27426.8400
1626999613291000,0,0.03000000,27426.8400
1626999613314000,0,0.00098000,27426.8400
1626999613529000,0,0.08000000,27426.8400
1626999613563000,0,0.00237837,27426.8400
1626999620612000,1,0.00900000,27418.4200
1626999668105000,1,0.00308800,27410.7900
1626999668531000,1,0.00110000,27410.7900
1626999670523000,1,0.02254500,27410.7900
1626999670714000,1,0.01295400,27410.7900
1626999671391000,0,0.02000000,27426.4400
1626999683991000,0,0.00353000,27444.4700
1626999696887000,0,0.00353000,27446.0900
1626999731854000,1,0.00231900,27441.4600
1626999746109000,1,0.00341432,27446.5700
1626999752404000,0,0.00535662,27460.3200
1626999756341000,1,0.05999000,27442.0300
1626999757328000,1,0.00308600,27444.7400
1626999760024000,0,0.04000000,27458.6500
1626999760054000,0,0.15109394,27458.6500
1626999776244000,1,0.40031469,27457.8800
1626999776273000,0,0.05000000,27465.7400
1626999776312000,0,0.00009400,27465.7400
1626999777281000,1,0.00150000,27457.8800
1626999791562000,0,0.03000000,27478.3000
1626999795413000,0,0.38000000,27482.5800
1626999805428000,0,0.05560654,27491.4300
1626999805428000,0,0.03881721,27492.1700
1626999805429000,0,0.10950324,27492.1700
1626999805449000,0,0.00622681,27492.1700
1626999805449000,0,0.05009400,27492.9200
1626999805449000,0,0.02948139,27496.4800
1626999805450000,0,0.20233320,27496.4800
1626999805450000,0,0.03560742,27499.3500
1626999805452000,0,0.05831058,27499.3500
1626999805452000,0,0.07004494,27500.1800
1626999805454000,0,0.08990058,27500.1800
1626999805455000,0,0.06962682,27500.1800
1626999805460000,0,0.09142304,27500.1800
1626999805531000,0,0.13622628,27500.2000
1626999805532000,0,0.14046444,27500.2000
1626999805532000,0,0.10534833,27500.2000
1626999805532000,0,0.10534832,27500.2000
1626999805533000,0,0.06720497,27500.2000
1626999805711000,0,0.01000000,27497.6900
1626999805987000,0,0.08000000,27505.1200
1626999811659000,0,0.05560000,27523.0200
1626999813149000,1,0.99835059,27511.1300
1626999833239000,1,0.00124506,27496.3600
1626999839364000,1,0.00248162,27482.5200
1626999840237000,1,0.00226116,27483.0100
1626999948109000,0,0.00142000,27472.4100
1626999960034000,0,0.00645375,27474.6500
1626999960347000,0,0.14811000,27474.6500
1626999989448000,1,0.00100000,27460.3800
1627000002611000,1,0.00149186,27460.5100
1627000013956000,0,0.10000000,27453.5700
1627000015224000,1,0.05009400,27449.4000
1627000015224000,1,0.15906611,27446.9900
1627000024210000,1,0.00077300,27444.1700
1627000024393000,0,0.00112000,27457.0400
1627000050256000,0,0.00464000,27450.2400
1627000083193000,0,0.00116000,27435.8800
1627000093581000,0,0.03617277,27429.4400
1627000096578000,0,0.00353000,27430.2500
1627000214219000,0,0.01754450,27423.5400
1627000242876000,0,0.00740800,27443.4500
1627000315683000,0,0.01000000,27427.8000
1627000315728000,0,0.01000000,27427.8000
1627000315773000,0,0.01274000,27427.8000
1627000315943000,0,0.01000000,27427.8000
1627000315981000,0,0.01000000,27427.8000
1627000316014000,0,0.00686000,27427.8000
1627000317173000,0,0.12085000,27427.8000
1627000318107000,1,0.37175297,27420.5200
1627000318107000,1,0.54100000,27420.5100
1627000318870000,0,0.00000488,27427.8000
1627000318870000,0,0.00097064,27434.6600
1627000322089000,0,0.00353000,27428.4800
1627000334748000,1,0.00339100,27417.8800
1627000345363000,1,0.07774584,27412.4000
1627000345364000,1,0.07013303,27412.4000
1627000345389000,1,0.00694373,27412.4000
1627000345389000,1,0.05009400,27411.5300
1627000345432000,1,0.54100000,27415.9000
1627000345432000,1,0.23223389,27410.0200
1627000345469000,1,0.11037116,27408.6800
1627000345478000,1,0.10577407,27408.6800
1627000345495000,1,0.03647000,27397.6100
1627000345495000,1,0.05000000,27395.2100
1627000345495000,1,0.19077795,27395.2100
1627000345593000,1,0.15483589,27405.4900
1627000345890000,1,0.11232148,27393.8900
1627000345891000,1,0.03767852,27393.8900
1627000345891000,1,0.11807666,27393.8700
1627000345895000,1,0.08898195,27393.8700
1627000377485000,0,0.13140000,27379.8900
1627000400350000,1,0.00444696,27383.1200
1627000402772000,0,0.00154000,27402.9700
1627000414487000,0,0.00106000,27413.4200
1627000480734000,0,0.00541080,27384.8800
1627000503067000,0,0.01521246,27389.8100
1627000519115000,0,0.00097671,27388.6600
1627000539102000,0,0.00177000,27401.2600
1627000551316000,1,0.15000000,27387.8700
1627000551316000,1,0.00428000,27387.8600
1627000551746000,1,0.03091700,27387.8600
1627000576163000,0,0.15502749,27398.7900
1627000576163000,0,0.25825328,27402.0100
1627000597731000,0,0.00198000,27414.2800
1627000636373000,0,0.00725000,27411.5600
1627000643385000,1,0.00298400,27399.1300
1627000659536000,1,0.07760662,27399.1300
1627000659746000,1,0.02000000,27399.1300
1627000659749000,1,0.04940938,27399.1300
1627000704520000,1,0.05000000,27417.3000
1627000704593000,1,0.05000000,27417.3000
1627000704606000,1,0.05541516,27417.3000
1627000705321000,1,0.16000000,27419.5600
1627000705402000,1,0.00472065,27419.5600
1627000705731000,1,0.13000000,27418.3600
1627000705772000,1,0.07826266,27418.3600
1627000706176000,1,0.14000000,27418.5800
1627000706239000,1,0.01078000,27418.5800
1627000706568000,1,0.01000000,27418.5800
1627000779210000,0,0.00210000,27407.8400
1627000818817000,1,0.00276359,27405.7900
1627000848308000,0,0.02093710,27445.1200
1627000848386000,0,0.02967035,27443.7500
1627000850719000,0,0.05009400,27448.4400
1627000850719000,0,0.17225406,27449.1900
1627000850722000,0,0.31865194,27449.1900
1627000850723000,0,0.05009400,27449.1900
1627000850723000,0,0.04257565,27450.5700
1627000850723000,0,0.59802220,27450.5700
1627000850724000,0,0.11401763,27450.5700
1627000850724000,0,0.13779151,27450.5700
1627000850725000,0,0.07820630,27450.5700
1627000850727000,0,0.11138671,27450.5700
1627000850727000,0,0.00117537,27453.0700
1627000850728000,0,0.09481863,27453.0700
1627000850795000,0,0.27098119,27455.7800
1627000850799000,0,0.14367018,27455.7800
1627000850852000,0,0.45439863,27455.7800
1627000865639000,0,0.19421513,27461.7600
1627000917910000,1,0.00730345,27407.5500
1627000918075000,1,0.53369655,27407.5500
1627000928898000,1,0.00900000,27414.3600
1627000932956000,1,0.00147900,27406.9500
1627000976471000,1,0.00145948,27421.2400
1627001030401000,0,0.16921071,27451.6300
1627001043878000,0,0.07251669,27443.6100
1627001112035000,1,0.00092000,27439.4900
1627001155895000,0,0.00159000,27454.3200
1627001186858000,0,0.00348000,27440.0000
1627001187044000,0,0.00000510,27440.0000
1627001241480000,0,0.03442596,27458.0500
1627001280264000,1,0.00506528,27435.4900
1627001520256000,1,0.00293230,27461.9300
1627001579967000,1,0.00660625,27467.4100
1627001642947000,1,0.00099660,27480.8200
1627001672688000,0,0.03592000,27492.9000
1627001743161000,0,0.00436000,27502.9000
1627001779474000,0,0.15823872,27470.0800
1627001781506000,0,0.00353000,27473.6800
1627001814871000,0,0.02467000,27475.9200
1627001816587000,0,0.00695000,27479.3200
1627001817877000,0,0.06044400,27477.0400
1627001861536000,1,0.01692100,27467.1800
1627001901681000,0,0.00232000,27484.9400
1627002002236000,1,0.00174634,27497.4600
1627002018181000,1,0.00003564,27497.4600
1627002020691000,0,0.00279000,27496.5700
1627002047525000,0,0.00343766,27495.4100
1627002072553000,1,0.01698700,27480.8000
1627002098895000,0,0.00211000,27497.6400
1627002102819000,0,0.01410385,27497.6500
1627002107144000,1,0.00123600,27485.4900
1627002120291000,1,0.00200939,27482.8900
1627002215655000,1,0.07176164,27457.0000
1627002223424000,0,0.00231733,27466.2100
1627002228913000,0,0.00695000,27468.5300
1627002346121000,0,0.00191000,27488.5000
1627002372363000,0,0.00366000,27491.5100
1627002383340000,1,0.00900000,27472.0400
1627002484551000,1,0.00500000,27481.5000
1627002485412000,0,0.00269513,27497.8700
1627002570445000,0,0.00427901,27494.7600
1627002614329000,1,0.00901032,27487.6700
1627002635939000,1,0.00317550,27495.4000
1627002639558000,1,0.00104700,27499.6900
1627002640088000,1,0.00138000,27499.2700
1627002640454000,1,0.00104000,27500.6300
1627002642756000,1,0.00132000,27492.5100
1627002645475000,1,0.00158800,27495.0500
1627002645704000,1,0.00231400,27494.9500
1627002655105000,1,0.00498596,27492.0900
1627002668841000,0,0.00352000,27504.1300
1627002749792000,0,0.01000000,27515.0200
1627002787981000,1,0.00273933,27499.7200
1627002807736000,1,0.02065105,27502.9100
1627002811539000,1,0.00665200,27502.9100
1627002816836000,1,0.12702864,27502.9100
1627002816860000,1,0.23149777,27501.0600
1627002924949000,1,0.13982360,27492.2100
1627003028046000,0,0.00273933,27460.0900
1627003057229000,0,0.00183000,27476.9000
1627003073798000,0,0.00127253,27475.9600
1627003073899000,1,0.00092050,27466.7500
1627003086809000,0,0.00222718,27479.2900
1627003141349000,0,0.00095009,27477.6200
1627003187237000,1,0.00900000,27472.3600
1627003187313000,1,0.02000000,27472.3600
1627003190088000,0,0.00229000,27486.5300
1627003226948000,1,0.02487600,27475.3300
1627003227381000,0,0.00106000,27486.3200
1627003311039000,0,0.15446728,27496.1700
1627003311083000,0,0.08686184,27498.2900
1627003311164000,0,0.06989144,27498.2900
1627003311164000,0,0.08020301,27498.2900
1627003311165000,0,0.06054592,27498.2900
1627003311172000,0,0.15848192,27498.2900
1627003311173000,0,0.08301587,27498.2900
1627003379288000,1,0.00879203,27499.6100
1627003402013000,0,0.00148000,27525.5600
1627003406124000,0,0.00211000,27523.0800
1627003454622000,0,0.00106000,27518.9800
1627003556831000,0,0.00422000,27535.1600
1627003709297000,0,0.01458064,27519.8600
1627003789009000,0,0.00109000,27512.0800
1627003845854000,0,0.00322000,27554.7100
1627003903090000,0,0.00358434,27561.8000
1627003929569000,0,0.00196914,27556.8800
1627003946300000,0,0.00363000,27552.0500
1627004020612000,0,0.07154183,27553.1600
1627004070892000,1,0.39230358,27534.2800
1627004140209000,1,0.01789700,27544.4700
1627004144897000,0,0.00107628,27556.3600
1627004147398000,1,0.00071000,27547.4300
1627004147561000,1,0.00154600,27547.4300
1627004150171000,1,0.01543715,27547.4300
1627004158224000,0,0.01000000,27577.8000
1627004170565000,0,0.01373088,27569.0300
1627004170643000,0,0.09936773,27569.0300
1627004218276000,1,0.17000000,27579.9600
1627004218300000,1,0.00068269,27579.9600
1627004219473000,0,0.08570576,27591.6900
1627004219499000,0,0.24523790,27591.8200
1627004219503000,0,0.06999901,27591.8200
1627004219504000,0,0.06179222,27591.8200
1627004219505000,0,0.32536632,27591.8200
1627004219506000,0,0.09172284,27591.8200
1627004219509000,0,0.06999901,27591.8200
1627004219613000,0,0.32204705,27591.8200
1627004219618000,0,0.06951952,27591.8200
1627004219619000,0,0.06082673,27591.8200
1627004219633000,0,0.07820579,27591.8200
1627004219634000,0,0.16413560,27591.8200
1627004219638000,0,1.44114801,27591.8200
1627004222517000,1,0.00385900,27587.8200
1627004225373000,0,0.00073368,27593.8000
1627004225373000,0,0.00073018,27602.8900
1627004225373000,0,0.00074643,27604.7600
1627004225373000,0,0.10375971,27608.7700
1627004234393000,0,0.90000000,27624.9300
1627004234456000,0,0.25000000,27624.9300
1627004234518000,0,0.25000000,27624.9300
1627004234584000,0,0.25000000,27624.9300
1627004235332000,0,1.35000000,27624.9300
1627004235926000,0,0.00074588,27625.4300
1627004240770000,0,0.00092914,27650.5500
1627004240770000,0,0.06907086,27658.0800
1627004241154000,0,0.01642104,27658.0800
1627004241233000,1,0.00124900,27634.1400
1627004241401000,0,0.02000000,27658.0800
1627004244540000,0,0.00209000,27658.0800
1627004247655000,1,0.00100000,27626.9600
1627004260993000,1,0.00440590,27610.5100
1627004272742000,0,0.04000000,27658.0800
1627004273060000,0,0.06000000,27658.0800
1627004273392000,0,0.20000000,27658.0800
1627004273813000,0,0.61000000,27658.0800
1627004274393000,0,1.34018404,27658.0800
1627004274746000,0,0.00601406,27658.0800
1627004274890000,0,0.40364000,27658.0800
1627004275254000,0,0.23258000,27658.0800
1627004277799000,0,0.01000000,27664.5500
1627004278090000,0,0.01117298,27664.5500
1627004279648000,0,0.02000000,27664.5500
1627004279676000,0,0.04672640,27664.5500
1627004283759000,0,0.00073148,27676.7800
1627004283871000,0,0.18650625,27679.5000
1627004283897000,0,0.10110309,27679.5000
1627004283909000,0,0.10415612,27679.5000
1627004283937000,0,0.14423454,27679.5000
1627004283959000,0,0.00074421,27687.4400
1627004283959000,0,0.01000000,27688.0100
1627004283959000,0,2.98925579,27691.2700
1627004284321000,0,0.01074421,27691.2700
1627004284321000,0,0.00108946,27692.3000
1627004284321000,0,0.00857285,27693.8500
1627004284447000,0,0.02000000,27700.0000
1627004284447000,0,0.01000000,27700.0000
1627004284447000,0,9.04540000,27711.4000
1627004284936000,0,0.43630389,27724.5000
1627004285467000,0,2.56360000,27724.5000
1627004285965000,0,0.00009611,27724.5000
1627004286233000,0,0.00396087,27726.0300
1627004286233000,0,0.00074310,27728.7800
1627004286256000,0,0.00362000,27749.9900
1627004286607000,1,0.04426476,27744.0000
1627004287057000,1,0.00900000,27744.0000
1627004287374000,0,0.21090995,27749.9900
1627004287374000,0,0.02499999,27750.0000
1627004287379000,0,0.00000001,27750.0000
1627004287473000,1,0.01475492,27745.3800
1627004287477000,0,0.00072930,27759.7700
1627004287477000,0,0.03425603,27762.7400
1627004287517000,0,0.00000001,27762.7400
1627004288042000,1,0.92000000,27748.0200
1627004288101000,1,0.61000000,27747.8500
1627004288101000,1,0.05009400,27746.6400
1627004288824000,0,0.01000000,27763.9000
1627004289147000,1,0.00491831,27751.2700
1627004292962000,1,0.02226400,27700.3000
1627004293503000,0,0.05009000,27723.1400
1627004293946000,1,0.10258000,27719.4000
1627004298452000,1,0.11861000,27703.1000
1627004299228000,1,0.00000904,27703.1000
1627004299228000,1,0.05545096,27695.7200
1627004309778000,1,0.00124374,27689.4000
1627004322103000,1,0.00300000,27700.5000
1627004326956000,1,9.52920000,27700.5000
1627004335542000,1,0.00360228,27688.2500
1627004361669000,1,0.00227433,27725.2600
1627004372408000,1,0.53500000,27729.8200
1627004383420000,1,0.00107373,27697.4000
1627004396179000,1,0.00309589,27701.3100
1627004410862000,1,0.53500000,27694.5900
1627004435482000,1,0.00184536,27687.9300
1627004443936000,0,0.09495600,27715.2600
1627004444965000,0,0.00576000,27721.7000
1627004446242000,0,0.00000695,27721.7000
1627004451412000,1,0.00274586,27724.0500
1627004472312000,0,0.05009000,27759.8600
1627004475896000,1,0.09470802,27741.4500
1627004482708000,0,0.00227000,27734.1500
1627004492263000,1,0.00124498,27728.6600
1627004496330000,1,0.12520064,27723.8600
1627004496330000,1,0.05628756,27723.8500
1627004506793000,1,0.00722132,27725.2600
1627004506801000,1,0.00097640,27725.2600
1627004506843000,1,0.00097640,27725.2600
1627004513436000,0,0.00000157,27734.1500
1627004513436000,0,0.20516843,27737.1200
1627004552858000,0,0.02000000,27746.1100
1627004602153000,0,0.00222518,27746.1100
1627004602214000,0,0.00004541,27746.1100
1627004605309000,1,2.58000000,27739.2700
1627004608615000,0,0.00236729,27742.4800
1627004628366000,1,0.01480922,27725.5200
1627004647005000,1,0.00272200,27712.0400
1627004649141000,1,0.14859000,27716.9300
1627004649897000,0,0.02000000,27730.0300
1627004649915000,0,0.01000000,27730.0300
1627004649924000,0,0.00091140,27730.0300
1627004650080000,0,0.01000000,27730.0300
1627004650099000,0,0.01000000,27730.0300
1627004650285000,0,0.02000000,27730.0300
1627004662082000,0,0.10000000,27730.6400
1627004662114000,0,0.05193208,27730.6400
1627004662430000,0,0.00344000,27738.2500
1627004664780000,0,0.00115000,27737.5600
1627004680067000,0,0.77000000,27762.7500
1627004690962000,0,0.01776335,27766.7400
1627004700288000,1,0.03147900,27742.1800
1627004704527000,1,0.00154300,27753.6900
1627004707154000,1,0.05966200,27760.1700
1627004707476000,1,0.00122500,27760.1100
1627004711587000,0,0.00072584,27768.1200
1627004711587000,0,0.00074199,27770.1200
1627004711587000,0,0.00098117,27772.0000
1627004711587000,0,0.04755100,27775.0000
1627004711689000,0,0.00244900,27775.0000
1627004711899000,0,0.02000000,27777.0000
1627004711899000,0,0.45000000,27777.0000
1627004711974000,0,0.03000000,27777.0000
1627004714091000,1,0.00421071,27775.2000
1627004714860000,0,0.00628057,27788.0000
1627004714893000,0,0.23000000,27790.0000
1627004714952000,0,1.33368355,27790.0000
1627004716540000,0,0.37172490,27800.0000
1627004716540000,0,0.00120000,27800.0000
1627004716540000,0,0.54830487,27800.0000
1627004716540000,0,0.15877023,27800.0000
1627004717538000,0,0.00623527,27800.0000
1627004717916000,0,0.05000000,27798.5700
1627004718599000,0,0.06000000,27798.6900
1627004720268000,0,0.05000000,27795.4900
1627004720289000,0,0.05000000,27795.4900
1627004720572000,0,0.05000000,27795.4900
1627004721932000,1,1.06900000,27780.0800
1627004723966000,1,0.00310200,27759.4400
1627004724221000,0,0.13000000,27771.5500
1627004724498000,1,0.05009000,27758.7700
1627004750342000,1,0.19050526,27732.6400
1627004750342000,1,0.04422865,27731.7900
1627004750438000,1,0.01815197,27730.8500
1627004756708000,1,0.01540200,27730.2500
1627004758921000,1,0.03126931,27730.3700
1627004765735000,1,0.00165000,27730.9300
1627004807847000,0,0.00105000,27738.1700
1627004855703000,1,0.00309278,27686.3600
1627004867690000,1,0.00309278,27687.2900
1627004918150000,0,0.00175000,27669.6500
1627004962163000,0,0.00227686,27669.6500
1627004974919000,1,0.00950000,27655.4000
1627005009785000,0,0.00412000,27681.2300
1627005014550000,1,0.00184926,27670.3200
1627005055770000,1,0.00127824,27702.3000
1627005081711000,1,0.00227418,27702.3200
1627005102563000,1,0.10772582,27702.3200
1627005146803000,0,0.01013000,27710.9000
1627005201674000,1,0.00227347,27728.6000
1627005236266000,1,0.00425400,27711.1800
1627005238260000,1,0.00074800,27712.7700
1627005239042000,1,0.00139500,27712.7700
1627005239832000,1,0.00158600,27712.7700
1627005240274000,1,0.00084200,27712.7700
1627005240451000,1,0.00123000,27711.2900
1627005279628000,1,0.01454107,27721.3700
1627005290824000,1,0.00197192,27724.1200
1627005296556000,1,0.01334000,27723.7500
1627005324676000,0,0.09847488,27757.5300
1627005364111000,0,0.06351330,27787.8600
1627005364112000,0,0.07250040,27787.8600
1627005364112000,0,0.01398630,27787.8600
1627005364181000,0,0.05009400,27789.2800
1627005364310000,0,0.07680000,27789.2700
1627005364310000,0,0.03599142,27802.9100
1627005364310000,0,0.02351744,27807.4900
1627005364485000,0,0.06000000,27809.3700
1627005364557000,0,0.02997272,27809.3700
1627005364557000,0,0.00074089,27811.4600
1627005364557000,0,0.04247829,27814.8200
1627005366649000,1,0.05009000,27812.9700
1627005369531000,0,0.76096000,27824.4300
1627005369576000,0,0.26000000,27824.4300
1627005369592000,0,1.30000000,27824.4300
1627005369620000,0,5.88000000,27824.4300
1627005369663000,0,0.25000000,27824.4300
1627005369736000,0,0.20000000,27824.4300
1627005369783000,0,0.34904000,27824.4300
1627005370109000,0,0.10000000,27830.0000
1627005370109000,0,0.02000000,27830.1300
1627005370600000,0,0.01163144,27830.1300
1627005370601000,0,0.01505620,27830.1300
1627005370616000,0,0.00331236,27830.1300
1627005371516000,0,0.00072712,27842.7500
1627005371516000,0,0.01999999,27850.0000
1627005371517000,0,0.00000001,27850.0000
1627005371537000,0,0.00073979,27852.8000
1627005371537000,0,0.03425900,27856.4500
1627005371606000,1,0.02072712,27857.2600
1627005374200000,1,0.00165400,27825.6700
1627005400834000,1,0.10560000,27801.1400
1627005406038000,1,0.00073504,27800.9600
1627005406038000,1,0.03768383,27799.6000
1627005412281000,0,0.15000000,27790.7200
1627005413657000,0,0.16557000,27799.2100
1627005414419000,1,0.00076962,27794.9100
1627005416753000,1,0.08486281,27785.4500
1627005416758000,1,0.10726297,27785.4500
1627005418106000,1,0.41090158,27783.2900
1627005441677000,1,0.00226704,27796.8800
1627005521234000,1,0.00073253,27812.4800
1627005524277000,0,0.00452000,27821.9200
1627005535527000,1,0.00880000,27783.6700
1627005554187000,0,0.25515000,27801.0700
1627005562266000,0,0.00196000,27800.8800
1627005575084000,0,0.00030612,27800.8800
1627005579318000,1,0.00272530,27815.9600
1627005586540000,0,0.00692000,27835.6500
1627005618546000,0,0.04259000,27836.5500
1627005625430000,0,0.00884979,27820.9800
1627005626349000,1,0.00353007,27805.1200
1627005728158000,0,0.00157000,27796.8300
1627005778152000,0,0.00105786,27791.6100
1627005778340000,0,0.24679273,27791.6100
1627005780075000,1,0.06172300,27777.6300
1627005782899000,1,0.09314656,27776.7600
1627005782947000,1,0.15282076,27782.6700
1627005782947000,1,0.22923114,27779.1500
1627005783052000,1,0.30569831,27767.6000
1627005806289000,0,0.00226000,27778.9500
1627005837789000,0,0.00000790,27778.9500
1627005851365000,1,0.00113800,27773.7500
1627005851564000,1,0.00107900,27773.7500
1627005896477000,0,0.01944738,27779.9800
1627005917625000,1,0.08175200,27748.5400
1627005917627000,1,0.08997511,27748.5400
1627005917648000,1,0.24279839,27748.5400
1627005972117000,1,0.00108000,27758.6300
1627006039911000,0,0.77261000,27799.2000
1627006039928000,0,0.05009400,27803.9500
1627006039928000,0,0.15285808,27804.9300
1627006039928000,0,0.22928711,27809.0000
1627006039928000,0,0.24000000,27810.7700
1627006040322000,0,0.08606652,27816.0200
1627006041645000,1,0.00226585,27825.8600
1627006043557000,1,0.04782000,27825.8600
1627006064430000,1,0.05895645,27778.7800
1627006064430000,1,0.01393288,27776.9200
1627006066599000,1,0.01312000,27800.3000
1627006116610000,0,0.00960259,27790.2800
1627006167699000,0,0.00209000,27795.4600
1627006193946000,1,0.00800000,27773.4700
1627006199275000,0,0.03491443,27787.2300
1627006224440000,0,0.00292732,27784.3100
1627006264046000,0,0.00185000,27775.9400
1627006266495000,1,0.00500000,27763.1600
1627006339337000,0,0.01755000,27757.9300
1627006349866000,1,0.07651615,27741.7600
1627006417406000,1,0.15374104,27749.2300
1627006417406000,1,0.44625896,27744.3000
1627006433716000,1,0.60000000,27750.1500
1627006444309000,0,0.22441549,27769.3000
1627006444681000,0,1.03478015,27776.8100
1627006449858000,1,0.00297700,27772.5100
1627006450086000,1,0.07269100,27772.5100
1627006452400000,1,0.00717400,27772.5100
1627006468112000,0,0.92000000,27803.1700
1627006468112000,0,0.62800000,27803.4500
1627006485483000,1,0.15288672,27775.3900
1627006485483000,1,0.74711328,27774.2000
1627006497172000,1,0.00120922,27782.2400
1627006498187000,1,0.00120922,27782.2400
1627006499223000,1,0.00120921,27782.2400
1627006525917000,1,0.60000000,27758.2400
1627006544600000,1,0.30000000,27750.1200
1627006557233000,1,0.60000000,27752.8300
1627006587428000,0,0.00334891,27768.7300
1627006596319000,0,0.03905000,27769.4400
1627006618575000,1,0.00309485,27758.3100
1627006626432000,1,0.02979300,27742.7000
1627006673367000,1,0.92000000,27739.7700
1627006673367000,1,0.00200000,27739.7700
1627006692477000,0,0.00081567,27751.6000
1627006692477000,0,0.10592409,27763.6900
1627006710185000,1,0.24000000,27741.2600
1627006710185000,1,0.59200000,27741.2500
1627006748486000,0,0.01000000,27763.2000
1627006748490000,0,0.01000000,27763.2000
1627006799441000,1,0.39406694,27751.2500
1627006807075000,0,0.01000000,27754.0700
1627006807341000,0,0.01000000,27754.0700
1627006807541000,0,0.01000000,27754.0700
1627006807731000,0,0.01000000,27754.0700
1627006807923000,0,0.01000000,27754.0700
1627006808177000,0,0.01000000,27754.0700
1627006808388000,0,0.01000000,27754.0700
1627006808583000,0,0.04000000,27754.0700
1627006812291000,0,0.06000000,27755.8400
1627006812331000,0,0.06000000,27755.8400
1627006812711000,0,0.07000000,27755.8400
1627006820786000,1,0.60000000,27744.6700
1627006857652000,0,0.00213000,27760.7400
1627006860594000,1,0.92000000,27746.9900
1627006860594000,1,1.23600000,27746.9500
1627006860594000,1,0.78898213,27746.7400
1627006884742000,1,0.46471529,27728.4000
1627006903403000,1,0.00283743,27728.7900
1627006922291000,1,0.15314410,27726.4400
1627006922291000,1,0.22971119,27723.9800
1627006922291000,1,0.20880362,27722.6500
1627006922437000,1,0.15314410,27726.4400
1627006922743000,1,0.05495686,27719.9200
1627006922743000,1,0.03700000,27719.0100
1627006922743000,1,0.08804314,27719.0000
1627006926486000,0,0.02000000,27737.5900
1627006926568000,0,0.01000000,27737.5900
1627006926863000,0,0.05120000,27737.5900
1627006926863000,0,0.00880000,27737.6000
1627006927066000,0,0.21000000,27737.6000
1627006929854000,1,1.11187000,27730.0000
1627006973728000,0,0.00071739,27739.2500
1627006988363000,1,1.38700000,27723.0100
1627006993401000,0,0.00175000,27733.2900
1627007037182000,0,0.03000000,27743.7600
1627007039683000,0,0.09000000,27739.5000
1627007039686000,0,0.07000000,27739.5000
1627007039800000,1,0.79200000,27733.7200
1627007040306000,1,0.85700000,27733.7200
1627007046614000,1,0.09500000,27730.7400
1627007048117000,0,0.06000000,27739.2800
1627007051164000,0,0.15000000,27742.4300
1627007051211000,0,0.00315833,27742.4300
1627007059332000,0,0.00209000,27759.4600
1627007114984000,0,0.00105000,27731.0900
1627007143186000,0,0.00689314,27731.6200
1627007231261000,0,0.00105000,27725.3200
1627007247636000,0,0.05327295,27712.9400
1627007247669000,0,0.09672705,27712.9400
1627007287782000,0,0.15840750,27715.3100
1627007297877000,1,0.00773000,27692.7200
1627007317709000,0,0.00098000,27707.9800
1627007318027000,0,0.00490000,27707.9800
1627007340376000,0,0.01736000,27706.7800
1627007365938000,0,0.00468000,27712.8800
1627007427292000,0,0.02021480,27694.6900
1627007457655000,0,0.00485000,27692.3500
1627007470732000,1,0.00538600,27674.7000
1627007488031000,1,0.00179700,27676.6100
1627007508958000,1,0.03000600,27676.0800
1627007512527000,0,0.00115000,27697.1500
1627007591869000,1,0.00061100,27673.5000
1627007641604000,0,0.03119000,27672.3500
1627007668101000,0,0.00350000,27668.5100
1627007674966000,0,0.00105000,27678.8400
1627007698073000,0,0.05664291,27664.8200
1627007744968000,0,0.20000000,27674.4500
1627007745110000,0,0.15351464,27680.0200
1627007766668000,0,0.00350000,27691.5800
1627007768502000,0,0.00395000,27691.5800
1627007768531000,0,0.00000246,27691.5800
1627007768933000,0,0.05009400,27705.0000
1627007768933000,0,0.05508421,27705.5600
1627007768933000,0,0.03610291,27717.1700
1627007768933000,0,0.05146887,27718.6900
1627007829053000,0,0.20235001,27734.5900
1627007841866000,1,0.15000000,27723.3700
1627007841866000,1,0.15637059,27723.0100
1627007841866000,1,0.60262776,27721.8700
1627007889111000,0,0.17595831,27734.4300
1627007889111000,0,0.10654168,27738.5300
1627007891966000,1,0.02468500,27718.6000
1627007941892000,0,0.00726000,27743.5400
1627007949200000,0,0.18263463,27739.6800
1627007949200000,0,0.03362537,27742.8300
1627007954959000,0,0.00698000,27742.8300
1627007967523000,1,0.10224000,27718.0700
1627007990846000,0,0.11603702,27730.4100
1627008005621000,1,0.00092257,27711.2600
1627008007771000,1,0.08000000,27711.3000
1627008009247000,0,0.17743088,27723.7200
1627008009247000,0,0.03696912,27731.0600
1627008009358000,0,0.02170330,27731.0600
1627008011263000,1,0.07270000,27712.4500
1627008011263000,1,0.00877000,27712.4400
1627008029589000,1,0.10797000,27725.1800
1627008031772000,0,0.21089450,27743.0800
1627008035004000,0,0.05499278,27753.1100
1627008037523000,1,0.08198999,27749.4300
1627008050060000,1,0.08693000,27743.1400
1627008055873000,1,0.12848000,27740.3400
1627008066610000,0,0.16092002,27758.5100
1627008069297000,0,0.23455000,27759.2100
1627008075320000,1,0.00100500,27745.7100
1627008076015000,1,0.36351000,27745.7100
1627008098186000,0,0.00105000,27746.6100
1627008103929000,1,0.01074000,27729.1700
1627008103947000,1,0.00361000,27729.1700
1627008115962000,1,0.00361000,27728.3900
1627008115969000,1,0.18722000,27728.3900
1627008118251000,0,0.15000000,27746.5100
1627008118251000,0,0.37997277,27747.8300
1627008129349000,0,0.17223000,27750.3700
1627008151735000,1,0.05009400,27718.9700
1627008151735000,1,0.05499277,27715.4200
1627008151735000,1,0.34491323,27711.6000
1627008152127000,1,0.05499277,27720.5000
1627008152127000,1,0.14500723,27713.7700
1627008189400000,0,0.20739488,27729.4800
1627008189400000,0,0.08387512,27731.6900
1627008190353000,1,0.16092002,27713.1300
1627008193086000,1,0.00361000,27713.0900
1627008193120000,1,0.12168000,27713.0900
1627008213705000,0,0.03421000,27714.1900
1627008223110000,1,0.00323000,27697.6900
1627008229571000,1,0.09612000,27697.7100
1627008229587000,1,0.00361000,27697.7100
1627008249448000,0,0.27138000,27737.9000
1627008272904000,1,0.00098000,27724.5100
1627008273239000,1,0.02940000,27724.5100
1627008273508000,1,0.09800000,27724.5100
1627008277207000,1,0.19744810,27724.2500
1627008277207000,1,0.00255190,27716.7000
1627008282343000,1,0.05928000,27723.4900
1627008309531000,0,0.14740000,27734.0600
1627008313247000,1,0.01731630,27718.0600
1627008343624000,1,0.00361000,27709.1700
1627008369585000,0,0.09930000,27719.7300
1627008369585000,0,0.06666000,27719.7400
1627008373532000,1,0.00639000,27688.6100
1627008373534000,1,0.00361000,27688.6100
1627008381130000,1,0.00480118,27685.3700
1627008426688000,1,0.00122500,27672.2000
1627008429674000,0,0.15000000,27692.9100
1627008429674000,0,0.11373000,27692.9200
1627008430181000,0,0.00222000,27693.2700
1627008437963000,1,0.20763000,27685.6300
1627008444930000,0,0.00149900,27698.4300
1627008452473000,1,0.15000000,27696.5800
1627008458027000,1,0.16693000,27692.5400
1627008463685000,1,0.15000000,27684.5700
1627008464566000,0,0.00612491,27703.5700
1627008469273000,1,0.19760000,27693.1000
1627008475235000,1,0.24389000,27694.4900
1627008529631000,0,0.00197000,27707.4000
1627008549349000,0,0.08605000,27710.8200
1627008556716000,1,0.49796798,27689.1600
1627008560116000,1,0.17931713,27690.8800
1627008560116000,1,0.92800000,27686.7800
1627008560116000,1,0.15333028,27685.8900
1627008560116000,1,0.37484271,27684.9400
1627008561102000,1,0.27799399,27684.6000
1627008585026000,1,0.04069500,27690.3400
1627008591610000,0,0.01899000,27705.8100
1627008632787000,0,0.00000600,27710.8200
1627008632787000,0,0.00899400,27714.3600
1627008633252000,0,0.00196000,27714.3600
1627008633327000,0,0.00000664,27714.3600
1627008633651000,0,0.15671580,27728.2200
1627008672972000,1,0.00072800,27725.5600
1627008675903000,0,0.00088922,27740.6300
1627008698040000,0,0.00115000,27737.6700
1627008698713000,1,0.00737719,27727.4400
1627008702968000,0,0.00115000,27739.3700
1627008742355000,1,0.06437106,27728.0100
1627008742356000,1,0.07109639,27728.0100
1627008742408000,1,0.75500000,27734.0600
1627008742408000,1,0.01453255,27728.0100
1627008742440000,1,0.15311764,27727.7800
1627008742474000,1,0.09819100,27727.2800
1627008742474000,1,0.05224125,27727.2000
1627008742478000,1,0.06342167,27727.2000
1627008742492000,1,0.13741360,27727.2000
1627008742494000,1,0.06053885,27727.2000
1627008742494000,1,0.06149980,27727.2000
1627008742494000,1,0.10618323,27727.2000
1627008742494000,1,0.11963632,27727.2000
1627008742494000,1,0.11290977,27727.2000
1627008742496000,1,0.09369109,27727.2000
1627008742496000,1,0.02065442,27727.2000
1627008742560000,1,0.03605059,27722.0300
1627008742790000,1,0.05700000,27716.8500
1627008796159000,1,0.00094400,27703.4300
1627008802197000,1,0.00128764,27703.4300
1627008819724000,0,0.15020797,27715.9400
1627008846392000,1,0.01000000,27711.6700
1627008846462000,1,0.00455000,27711.6700
1627008886813000,0,0.00172373,27722.5200
1627008902421000,0,0.01030000,27719.7100
1627008906168000,1,0.02960002,27704.9000
1627008913983000,0,0.00353688,27730.1300
1627008938574000,1,0.19191331,27729.8100
1627008950494000,1,0.12641416,27728.5100
1627008958036000,1,0.10182716,27730.7200
1627008958138000,1,0.07627000,27730.7200
1627009006877000,1,0.00180000,27725.5500
1627009025838000,0,0.00571000,27729.2300
1627009105749000,1,0.00386054,27720.0300
1627009147768000,1,0.00200500,27722.7700
1627009147933000,1,0.00153700,27716.0200
1627009149790000,1,0.00195000,27722.4300
1627009155583000,1,0.02755800,27721.2500
1627009158284000,1,0.06300000,27721.2500
1627009189092000,1,0.00663776,27714.8200
1627009199491000,1,0.04380432,27717.3100
1627009200354000,1,0.02094622,27717.3100
1627009204859000,0,0.07589009,27741.2300
1627009206065000,0,0.00128000,27750.8300
1627009209740000,0,0.00289560,27751.6100
1627009209970000,1,0.01350000,27731.0100
1627009211991000,0,0.11318900,27755.3600
1627009212070000,0,0.03681100,27755.3600
1627009223037000,0,0.00113130,27765.6400
1627009228115000,0,0.04800000,27761.7400
1627009228115000,0,0.24792566,27761.7500
1627009240787000,0,0.00350100,27761.7600
1627009266930000,1,0.00076411,27726.0900
1627009286127000,0,0.00533855,27705.4400
1627009288117000,1,0.53600000,27687.9700
1627009288117000,1,0.92000000,27680.3600
1627009320230000,1,0.00274735,27697.5400
1627009366327000,0,0.00932000,27706.0400
1627009394083000,1,0.00088300,27692.0500
1627009403694000,0,0.00071841,27700.0400
1627009411556000,1,0.00152600,27685.9300
1627009411934000,1,0.00148900,27685.9300
1627009412086000,1,0.15314600,27685.9300
1627009413182000,1,0.00164000,27681.5600
1627009413699000,1,0.00157400,27681.5600
1627009413883000,1,0.00090900,27681.5600
1627009414439000,1,0.00090800,27681.5600
1627009414587000,1,0.00093400,27681.5600
1627009421054000,1,0.08196300,27681.5600
1627009428540000,1,0.00368997,27684.5300
1627009456343000,0,0.00486000,27696.0500
1627009498116000,0,0.01415130,27704.8500
1627009542311000,1,0.00765747,27678.0900
1627009554363000,0,0.00354000,27693.4200
1627009556406000,0,0.05097934,27690.4300
1627009589493000,1,0.00156700,27687.9400
1627009608630000,0,0.01032000,27695.2800
1627009628269000,0,0.01049000,27702.3100
1627009694865000,1,0.00361374,27678.6500
1627009720533000,1,0.00108493,27672.3600
1627009723206000,1,0.00100000,27672.3600
1627009743884000,1,0.00306300,27694.4700
1627009773633000,0,0.04702200,27699.9800
1627009774185000,0,0.00422000,27698.8300
1627009827572000,0,0.00566259,27691.7000
1627009848910000,0,0.00115000,27698.4500
1627009905516000,0,0.01469079,27699.2200
1627010240662000,1,0.00765000,27700.0500
1627010280240000,0,0.00178649,27708.5900
1627010400259000,0,0.00178630,27690.9800
1627010434078000,0,0.00180000,27699.8600
1627010506266000,0,0.00173000,27690.3500
1627010540601000,0,0.00210000,27679.0800
1627010577439000,1,0.08237879,27659.3900
1627010577439000,1,0.04161037,27657.4700
1627010579854000,0,0.00071915,27671.5100
1627010604109000,0,0.00693000,27666.1600
1627010604892000,0,0.00180500,27666.1600
1627010634420000,0,0.00071943,27660.4900
1627010637065000,1,0.14909559,27647.4100
1627010640236000,0,0.00446963,27660.4900
1627010664302000,0,0.00196000,27665.3300
1627010756888000,0,0.03543627,27673.4100
1627010760203000,0,0.03611054,27674.5300
1627010820807000,0,0.21812555,27674.9000
1627010865662000,0,0.00105000,27679.2200
1627011013749000,0,0.00245000,27672.7000
1627011028579000,0,0.00125646,27676.2700
1627011081378000,1,0.00920759,27663.5400
1627011097823000,0,0.00361000,27687.5000
1627011122283000,1,0.00126700,27673.2900
1627011131841000,1,0.00208810,27673.1900
1627011192609000,1,0.00076600,27664.9300
1627011201253000,1,0.00765300,27661.5300
1627011360234000,0,0.01790376,27687.3800
1627011373699000,0,0.03347000,27669.5200
1627011375250000,0,0.02025000,27669.5200
1627011382836000,0,0.00130014,27668.1300
1627011383065000,0,0.03315537,27668.1200
1627011389174000,0,0.02412000,27666.7000
1627011403254000,1,0.00675143,27644.8400
1627011423183000,0,0.08850567,27664.4000
1627011427466000,1,0.00207738,27655.4200
1627011433537000,1,0.06758654,27645.6000
1627011433537000,1,0.07686316,27645.6000
1627011433539000,1,0.00914354,27645.6000
1627011433539000,1,0.10482593,27641.1900
1627011433541000,1,0.10955292,27641.1900
1627011433545000,1,0.09614200,27641.1900
1627011433549000,1,0.09320763,27641.1900
1627011433550000,1,0.11334144,27641.1900
1627011433613000,1,0.00900000,27647.4100
1627011433647000,1,0.99100000,27647.4100
1627011435316000,1,0.03000000,27631.4900
1627011448134000,1,0.00250000,27615.7800
1627011453192000,1,0.28308360,27613.4500
1627011454271000,1,0.01000000,27613.4500
1627011454288000,1,0.11000000,27613.4500
1627011454306000,1,0.11000000,27613.4500
1627011454689000,1,0.00744632,27613.4500
1627011454831000,1,0.77255368,27613.4500
1627011490705000,0,0.00576000,27645.2600
1627011556621000,0,0.00431000,27650.8600
1627011715306000,1,0.00229691,27616.7600
1627011749924000,0,0.00354450,27633.6000
1627011850864000,0,0.00248319,27653.7800
1627011870350000,1,0.15366000,27639.9200
1627011883435000,0,0.00321767,27649.7700
1627011907096000,0,0.00354552,27647.6200
1627011945649000,1,0.00093271,27619.6900
1627011960244000,0,0.92000000,27633.0700
1627011960244000,0,0.15378487,27633.3600
1627011960244000,0,0.51481696,27633.5500
1627011965995000,1,0.00132770,27631.0400
1627012019678000,0,0.05009000,27662.3700
1627012019722000,0,0.05009400,27662.6800
1627012028041000,0,0.09160000,27657.8400
1627012091477000,1,0.01425268,27639.2000
1627012097510000,1,0.00375858,27637.5000
1627012118744000,0,0.57700000,27651.9300
1627012148417000,1,0.00189200,27648.2300
1627012167951000,1,0.02047483,27646.3000
1627012191426000,0,0.06787386,27670.7400
1627012191428000,0,0.08574343,27670.7400
1627012191476000,0,0.36286361,27671.0200
1627012191645000,0,0.37674853,27671.5400
1627012195107000,0,0.00174613,27679.5300
1627012205854000,0,0.00490000,27675.7800
1627012220893000,0,0.17366800,27686.2400
1627012301818000,0,0.01322000,27672.6200
1627012335104000,1,0.01500000,27673.6300
1627012351461000,1,0.08500000,27673.6300
1627012440246000,0,0.00324256,27672.6100
1627012493507000,0,0.00105000,27675.8400
1627012532586000,0,0.01407862,27664.2800
1627012549003000,1,0.00746500,27645.0100
1627012556789000,0,0.15000000,27662.3300
1627012556789000,0,0.06253069,27662.3400
1627012581209000,0,0.00331000,27680.6400
1627012609422000,0,0.00509485,27676.5400
1627012631499000,1,0.00152500,27669.4500
1627012632233000,0,0.00107155,27684.5900
1627012632263000,1,0.00092000,27669.4500
1627012720319000,1,0.00360000,27676.5000
1627012764727000,0,0.00470000,27703.4700
1627012794619000,1,0.00284000,27689.5200
1627012801501000,0,0.00143628,27710.3200
1627012924271000,1,0.21045900,27682.4600
1627012924683000,1,0.02000000,27682.4600
1627012925089000,1,0.03000000,27682.4600
1627012925205000,1,0.04000000,27682.4600
1627012925327000,1,0.07000000,27682.4600
1627012925418000,1,0.01000000,27682.4600
1627012925660000,1,0.02000000,27682.4600
1627012927002000,1,0.03000000,27682.3600
1627012930164000,1,0.17000000,27682.4100
1627012930769000,1,0.17000000,27682.4200
1627012931873000,1,0.17000000,27682.4400
1627012932029000,1,0.01221839,27682.4400
1627013097652000,1,0.00783285,27669.6200
1627013098288000,1,0.10348731,27669.6300
1627013120882000,0,0.03130000,27693.5800
1627013120897000,0,0.00361000,27693.5800
1627013120925000,0,0.00480000,27693.5800
1627013159758000,1,0.14700000,27679.6700
1627013173690000,1,0.00109954,27689.6200
1627013199183000,0,0.00230000,27695.2300
1627013245267000,0,0.02276000,27701.6500
1627013250993000,0,0.00548000,27708.6300
1627013274580000,1,0.03968612,27693.5800
1627013289015000,1,0.01911419,27686.3400
1627013292389000,1,0.00300000,27687.4500
1627013293657000,0,0.05287649,27699.8300
1627013307962000,1,0.00315767,27689.8200
1627013312773000,1,0.01535000,27686.3400
1627013316257000,1,0.00171500,27682.6900
1627013316705000,0,0.01128573,27699.6300
1627013317628000,1,0.00163200,27683.1600
1627013317951000,1,0.01345500,27682.6800
1627013319459000,1,0.00178600,27685.9200
1627013320000000,1,0.00118600,27685.9200
1627013320135000,1,0.00234900,27685.9200
1627013327138000,1,0.00658646,27686.5200
1627013400278000,0,0.03214035,27720.1400
1627013401529000,1,0.00294000,27710.6700
1627013401763000,1,0.06000000,27710.6700
1627013401908000,1,0.10000000,27710.6700
1627013401927000,1,0.00341433,27710.6700
1627013405594000,1,0.00114600,27699.6200
1627013420288000,1,0.00159145,27711.9100
1627013433245000,1,0.00521661,27711.2100
1627013436900000,0,0.00489000,27722.2300
1627013454314000,0,0.20829696,27726.0500
1627013454314000,0,0.27327915,27728.2700
1627013462949000,0,0.15330308,27728.9100
1627013462988000,0,0.22996346,27726.9700
1627013462991000,0,0.06251913,27726.9700
1627013462992000,0,0.06378298,27726.9700
1627013462993000,0,0.07577202,27726.9700
1627013462993000,0,0.06570649,27730.6700
1627013462996000,0,0.11051053,27730.6700
1627013463040000,0,0.34175604,27732.6600
1627013463255000,0,0.08017249,27732.6600
1627013463256000,0,0.10786740,27732.6600
1627013463263000,0,0.08189117,27732.6600
1627013513882000,0,0.01061264,27751.9000
1627013517920000,1,0.03612242,27737.7400
1627013538126000,0,0.00159000,27741.9600
1627013540445000,1,0.00128800,27730.8800
1627013542707000,1,0.00166271,27730.8800
1627013544759000,0,0.09000000,27735.1600
1627013544789000,0,0.08466636,27735.1600
1627013545100000,0,0.01073113,27745.7500
1627013555211000,1,0.08206500,27739.1300
1627013619457000,0,0.00106812,27738.6700
1627013646775000,0,0.15319238,27738.2300
1627013654659000,1,0.15319264,27735.7000
1627013654659000,1,0.22978856,27735.0500
1627013655655000,1,0.00157091,27735.7000
1627013656987000,0,0.10900000,27742.9400
1627013667462000,0,0.92000000,27760.9800
1627013667462000,0,0.53500000,27762.3600
1627013667462000,0,0.08172100,27765.2900
1627013667462000,0,0.25038198,27767.4800
1627013696542000,1,0.00324706,27747.5700
1627013703866000,1,0.00099967,27747.5700
1627013714061000,1,0.14886168,27747.5700
1627013726674000,0,0.00173000,27747.9700
1627013810521000,1,0.12286247,27736.1900
1627013810552000,1,0.00000001,27735.0500
1627013812072000,1,0.02000000,27733.1500
1627013812082000,1,0.00841014,27733.1500
1627013812082000,1,0.00900000,27733.1300
1627013812625000,1,0.02841014,27733.1600
1627013823183000,0,0.00105000,27743.2900
1627013836074000,1,0.13556000,27728.8000
1627013836186000,1,0.00000451,27728.8000
1627013840706000,0,0.00900000,27727.1100
1627013934471000,1,0.01800000,27716.0500
1627013934471000,1,0.00458276,27716.0400
1627013962584000,1,0.00251600,27733.6100
1627013979288000,1,0.10236744,27736.4100
1627014002669000,0,0.03029466,27769.2100
1627014030236000,1,0.00163100,27739.8300
1627014032171000,1,0.00204300,27741.0800
1627014036860000,1,0.00307146,27739.9100
1627014041066000,1,0.00109600,27739.9100
1627014049195000,1,0.00700000,27740.3100
1627014056385000,1,0.00541249,27740.3000
1627014128757000,1,0.00106400,27731.9000
1627014129622000,0,0.15000000,27744.4600
1627014129622000,0,0.36010340,27744.7100
1627014131155000,1,0.12881100,27731.9000
1627014133472000,1,0.00229700,27731.9000
1627014133730000,1,0.00158500,27731.9000
1627014134003000,1,0.00200900,27731.9000
1627014134331000,1,0.00679700,27731.9000
1627014134459000,1,0.00305300,27731.9000
1627014135029000,1,0.00097200,27731.9000
1627014135473000,1,0.00659181,27731.9000
1627014135473000,1,0.09339819,27729.7200
1627014139110000,1,0.03154758,27731.9000
1627014140030000,1,0.00073000,27731.9000
1627014157716000,0,0.00106000,27752.3700
1627014174054000,0,0.07122380,27748.8900
1627014205210000,1,0.00283300,27741.7400
1627014239054000,1,0.00065900,27741.6800
1627014242984000,1,0.00323617,27741.7900
1627014254091000,1,0.03501188,27749.0900
1627014265644000,0,0.00425000,27764.7100
1627014268545000,0,0.00174000,27773.2700
1627014311257000,1,0.00203196,27760.4500
1627014311305000,1,0.18739038,27760.4500
1627014311305000,1,0.92000000,27755.7300
1627014311305000,1,0.53500000,27755.3500
1627014311305000,1,0.38956362,27754.3500
1627014311305000,1,0.15302215,27754.3400
1627014311305000,1,1.07000000,27752.8300
1627014311305000,1,0.05500945,27751.2700
1627014311305000,1,0.22953567,27750.5200
1627014311305000,1,0.03599945,27750.1200
1627014311305000,1,0.09427900,27750.1100
1627014311305000,1,0.98311000,27749.8700
1627014311305000,1,0.05009400,27748.5700
1627014311305000,1,0.08999863,27745.7700
1627014311305000,1,0.20699765,27745.7600
1627014321720000,1,0.15000000,27749.7300
1627014321720000,1,0.15304723,27749.6600
1627014321720000,1,0.53500000,27749.5500
1627014321720000,1,0.03601216,27748.1500
1627014321720000,1,0.05500945,27748.1400
1627014321720000,1,0.00753993,27747.2800
1627014321720000,1,1.07100000,27746.1500
1627014321720000,1,0.22957084,27746.0500
1627014321720000,1,0.09427900,27743.2200
1627014321720000,1,0.05000000,27739.5500
1627014321720000,1,0.09003039,27739.5400
1627014321720000,1,0.03700000,27737.7700
1627014321720000,1,0.30611076,27737.7600
1627014321720000,1,0.03000000,27737.6700
1627014321720000,1,0.23405163,27736.0200
1627014321720000,1,1.92134861,27736.0000
1627014321800000,1,0.92000000,27744.6000
1627014321800000,1,0.38245727,27739.5600
1627014321800000,1,0.65000000,27739.5500
1627014321800000,1,0.13202365,27736.0000
1627014321800000,1,0.05009400,27735.2800
1627014321800000,1,0.05000000,27734.3500
1627014321800000,1,0.60200000,27734.3400
1627014321800000,1,0.45903925,27734.1500
1627014321800000,1,0.45903804,27732.4700
1627014321800000,1,0.30000000,27729.9100
1627014321800000,1,0.99534779,27729.9000
1627014335254000,0,0.07000000,27760.6500
1627014337178000,1,0.00283400,27742.9000
1627014341116000,1,0.00108165,27742.9700
1627014352223000,0,0.00176466,27756.2300
1627014360523000,1,0.15308431,27745.2400
1627014360541000,1,0.21038336,27742.7600
1627014363415000,0,0.00332000,27745.2100
1627014364104000,1,0.00099623,27736.9700
1627014364395000,0,0.15543074,27745.2100
1627014364483000,0,0.00317206,27745.2100
1627014398063000,0,0.05009000,27750.6900
1627014411336000,1,0.02000000,27747.3800
1627014471957000,1,0.00355921,27743.8900
1627014536434000,0,0.00349581,27744.3700
1627014568864000,0,0.00482766,27763.5200
1627014607378000,1,0.15000000,27754.9000
1627014607378000,1,0.05000000,27754.8900
1627014612853000,0,0.02893550,27768.1400
1627014643412000,0,0.01631000,27769.6900
1627014680599000,1,0.00544053,27755.9700
1627014682587000,1,0.00252800,27759.2400
1627014724767000,0,0.00833528,27777.2400
1627014767034000,0,0.00913592,27797.9500
1627014786154000,0,0.00122368,27800.3000
1627014786870000,0,0.01063613,27808.2600
1627014827007000,0,0.11490000,27797.9200
1627014827007000,0,0.10410853,27797.9300
1627014833599000,0,0.00226592,27803.3100
1627014833599000,0,0.00127751,27812.9600
1627014840239000,0,0.05009400,27813.6300
1627014840239000,0,0.05495431,27813.9800
1627014840239000,0,0.06557657,27814.3000
1627014855842000,0,0.00104000,27820.1000
1627014874922000,0,0.00359000,27813.7700
1627014874977000,0,0.03000000,27813.7700
1627014892037000,1,0.09074861,27806.0900
1627014907902000,0,0.00177536,27844.6000
1627014909997000,0,0.18294000,27849.6200
1627014922452000,0,0.00221824,27832.9100
1627014923818000,0,0.00004527,27832.9100
1627014935731000,0,0.10000000,27829.2700
1627014960272000,0,0.00111031,27820.7000
1627014969576000,1,0.00319144,27807.1000
1627014972554000,1,0.00256176,27792.8100
1627014988065000,1,0.05800000,27781.0200
1627015019833000,1,0.00283100,27761.0300
1627015022180000,0,0.00504400,27771.3000
1627015040984000,0,0.00071626,27783.0200
1627015066288000,0,0.00071638,27778.4800
1627015071519000,0,0.00173000,27782.9800
1627015072111000,1,0.01339558,27766.0400
1627015080252000,0,0.00218190,27784.2200
1627015098808000,0,0.07382000,27781.7300
1627015104910000,1,0.00821074,27767.2500
1627015107237000,0,0.00089986,27781.9100
1627015158927000,0,0.02000000,27791.5200
1627015158938000,0,0.03489634,27791.5200
1627015168266000,0,0.17733444,27795.0900
1627015168266000,0,0.05489634,27796.4100
1627015168266000,0,0.00064260,27799.5400
1627015174530000,0,0.00488000,27796.4600
1627015236790000,1,0.00074112,27751.7100
1627015255342000,0,0.10812889,27763.7000
1627015320296000,0,0.00141736,27763.4800
1627015387252000,1,0.00146500,27743.2600
1627015405027000,0,0.23576242,27766.2500
1627015414544000,0,0.03000000,27762.2400
1627015426361000,1,0.01000000,27750.6900
1627015429741000,1,0.01769200,27749.8600
1627015495581000,0,0.00099727,27762.0300
1627015511264000,0,0.01074000,27756.0400
1627015625987000,1,0.18339191,27722.3800
1627015625987000,1,0.15324732,27715.5800
1627015625987000,1,0.21167245,27714.7200
1627015626843000,1,0.00789937,27716.0700
1627015711163000,1,0.00145164,27733.6900
1627015746433000,0,0.00138000,27751.6300
1627015760820000,0,0.00178084,27751.9300
1627015796327000,0,0.00125172,27756.1500
1627015800264000,0,0.05115856,27761.2500
1627015826078000,0,0.00517161,27759.9800
1627015894668000,1,0.07330000,27745.4000
1627015894668000,1,0.00459294,27745.3900
1627015894670000,1,0.13683549,27745.3900
1627015894676000,1,0.01168038,27745.3900
1627015894694000,1,0.22966398,27742.3100
1627015894766000,1,0.18357354,27738.0500
1627015894773000,1,0.35142646,27738.0500
1627015894773000,1,0.00087864,27737.6900
1627015894774000,1,0.07264365,27737.6900
1627015894774000,1,0.06294792,27737.6900
1627015894778000,1,0.06514890,27741.8200
1627015894788000,1,0.08797934,27741.8200
1627015894788000,1,0.01749485,27737.6900
1627015894810000,1,0.15224960,27737.6900
1627015894841000,1,0.14535508,27736.6600
1627015894850000,1,0.27326650,27736.6600
1627015894986000,1,0.03603058,27735.2800
1627015894986000,1,0.09251863,27735.2700
1627015895099000,1,0.00237237,27735.2700
1627015895313000,1,0.84445427,27729.5100
1627015895318000,1,0.06484067,27729.5100
1627015916325000,0,0.00136678,27742.9100
1627015929977000,1,0.00062300,27720.1400
1627015991272000,0,0.00196000,27737.3900
1627016040280000,0,0.03446465,27746.2100
1627016051189000,0,0.34504455,27746.2100
1627016051267000,0,0.15318920,27751.1000
1627016055986000,0,0.00105000,27766.7000
1627016065502000,0,0.00227000,27768.1100
1627016098273000,0,0.00269000,27764.5700
1627016100881000,1,0.00144000,27750.6800
1627016103426000,0,0.15307189,27770.9900
1627016103434000,0,0.22963109,27771.0100
1627016113399000,0,0.01156200,27772.7300
1627016156813000,1,0.00360793,27746.1900
1627016160270000,0,0.02037565,27756.6600
1627016208426000,1,0.00105879,27758.4000
1627016240999000,0,0.00355937,27769.9500
1627016358535000,0,0.00360000,27790.2200
1627016358535000,0,0.04415000,27790.2200
1627016358602000,0,0.03000000,27790.2200
1627016377117000,0,0.00488000,27798.6800
1627016389641000,0,0.01023000,27798.8400
1627016403067000,0,0.00105000,27801.0100
1627016421070000,0,0.00352729,27800.2300
1627016425103000,1,0.00152000,27783.5500
1627016425483000,1,0.02984000,27783.6500
1627016425621000,1,0.00121400,27784.1400
1627016438071000,1,0.10000000,27799.9300
1627016484490000,0,0.00397000,27780.9600
1627016514194000,0,0.00374000,27796.5300
1627016517468000,0,0.03548505,27801.6200
1627016520293000,0,0.01730530,27798.2300
1627016546461000,1,0.00074410,27798.3700
1627016551162000,0,0.01048233,27809.7900
1627016564331000,0,0.00164946,27809.0500
1627016568287000,0,0.00118000,27811.6000
1627016590810000,0,0.00104000,27810.7500
1627016593315000,1,0.00470300,27795.6100
1627016603035000,1,0.02036400,27789.4400
1627016603354000,1,0.00762300,27789.4400
1627016628750000,0,0.00355252,27803.4300
1627016649380000,1,0.00105891,27792.1500
1627016649392000,0,0.00114255,27805.1900
1627016656845000,1,0.00098100,27796.0200
1627016661885000,0,0.07519615,27808.4500
1627016661886000,0,0.06761758,27808.4500
1627016698055000,0,0.04280401,27829.0200
1627016711405000,0,0.00113000,27823.0900
1627016712645000,0,0.10000000,27823.0900
1627016714068000,0,0.00160530,27823.0700
1627016715077000,0,0.00160530,27817.9400
1627016716061000,0,0.00160530,27816.5400
1627016717086000,0,0.00160530,27815.7100
1627016718117000,0,0.00160529,27815.7100
1627016719156000,0,0.00160530,27815.5000
1627016720155000,0,0.00160529,27815.5000
1627016722199000,0,0.00160529,27815.3100
1627016753831000,1,0.09957647,27801.6900
1627016756929000,0,0.00872287,27820.9700
1627016830250000,1,0.00360540,27800.9400
1627016834321000,0,0.00713683,27811.4000
1627016843424000,0,0.00174000,27805.8200
1627016849971000,1,0.01070640,27789.4600
1627016880295000,0,0.20678252,27789.9700
1627016880295000,0,0.22777166,27794.5800
1627016896164000,1,0.00120000,27781.0200
1627016931154000,1,0.01200000,27782.6900
1627016938515000,0,0.01057420,27799.6900
1627016963241000,0,0.01784620,27812.9100
1627017000603000,1,0.11000000,27802.5800
1627017000638000,1,0.08311806,27802.5800
1627017033550000,0,0.00359000,27803.6300
1627017053848000,0,0.00339156,27805.1300
1627017063896000,1,0.00915742,27802.2600
1627017083227000,1,0.14883233,27804.8200
1627017085959000,0,0.00244000,27822.8300
1627017086529000,0,0.13780000,27822.1800
1627017086747000,0,0.53400000,27823.8900
1627017109032000,0,0.00359000,27829.6700
1627017109097000,0,0.00640000,27829.6700
1627017118251000,0,0.00352599,27831.2400
1627017119692000,0,0.00517000,27832.9200
1627017150683000,0,0.00356594,27833.9800
1627017193898000,0,0.08902963,27834.3700
1627017194758000,0,0.06368670,27834.3700
1627017240311000,0,0.00373259,27833.6200
1627017261793000,0,0.00348000,27853.1700
1627017288095000,1,0.20107042,27823.8200
1627017288095000,1,0.10417958,27822.3300
1627017288402000,0,0.00213913,27837.7500
1627017306979000,1,0.01078181,27807.2000
1627017308547000,0,0.00256592,27821.9100
1627017311593000,0,0.10000000,27813.9500
1627017322821000,0,0.16934787,27808.0700
1627017322821000,0,0.53400000,27810.6700
1627017322821000,0,0.86046823,27810.9100
1627017345766000,0,0.00175963,27809.6100
1627017361128000,0,0.00715623,27807.9000
1627017372495000,1,0.02948406,27785.9900
1627017397044000,0,0.03448017,27794.7000
1627017410538000,1,0.00104387,27781.8000
1627017412237000,1,0.06500000,27781.8000
1627017416675000,0,0.15000000,27794.9900
1627017416675000,0,0.02634735,27794.9900
1627017426024000,0,0.01785201,27794.8900
1627017434010000,1,0.00119000,27782.9100
1627017436638000,0,0.15876068,27794.7600
1627017443785000,1,0.00144000,27781.7200
1627017460054000,0,0.01071318,27788.8500
1627017474037000,0,0.00105000,27783.7800
1627017478993000,0,0.00106357,27779.0100
1627017480287000,0,0.01359185,27782.4300
1627017497122000,1,0.08000000,27776.1000
1627017511228000,0,0.00105000,27793.0100
1627017514467000,1,0.08000000,27786.7800
1627017514512000,1,0.09000000,27786.7800
1627017515886000,1,0.01000000,27786.4400
1627017533568000,1,0.00235400,27774.4900
1627017536450000,0,0.00399622,27784.1900
1627017553082000,0,0.21075241,27791.9200
1627017562022000,1,0.01000000,27784.7600
1627017562096000,1,0.01000000,27784.7600
1627017562562000,1,0.01000000,27784.7600
1627017562582000,1,0.01000000,27784.7600
1627017562899000,1,0.01000000,27784.7600
1627017562936000,1,0.01000000,27784.7600
1627017563781000,1,0.01000000,27784.8800
1627017563819000,1,0.01000000,27784.8800
1627017565295000,0,0.00355584,27791.9200
1627017583369000,1,0.16000000,27787.0500
1627017583403000,1,0.00266406,27787.0500
1627017585921000,1,0.11000000,27785.5200
1627017585958000,1,0.05395986,27785.5200
1627017594332000,1,0.00218100,27782.6000
1627017600332000,0,0.01423275,27801.1300
1627017608974000,1,0.00109900,27768.6700
1627017616879000,0,0.00488000,27779.9200
1627017619590000,0,0.01785247,27778.3500
1627017620611000,0,0.00250035,27778.3400
1627017621633000,0,0.00250035,27778.3400
1627017622699000,0,0.00250035,27773.0100
1627017623693000,0,0.00250035,27773.4300
1627017624743000,0,0.00250035,27773.4200
1627017625732000,0,0.00250035,27773.4400
1627017626765000,0,0.00250036,27773.4400
1627017627851000,0,0.00250035,27773.4300
1627017628958000,0,0.00250036,27775.6700
1627017635394000,1,0.00089643,27761.3900
1627017651153000,1,0.15299336,27767.8900
1627017673341000,0,0.03448676,27777.2400
1627017685344000,0,0.00378803,27789.5800
1627017708127000,0,0.00359000,27790.3900
1627017719213000,1,0.15000000,27781.3400
1627017721366000,0,0.03455474,27792.6500
1627017722610000,0,0.00105000,27796.8200
1627017728515000,1,0.15289872,27779.8100
1627017728523000,1,0.02000000,27777.3900
1627017728523000,1,0.03597045,27777.3800
1627017754051000,0,0.12190000,27774.0300
1627017754051000,0,0.00164480,27781.6300
1627017776498000,0,0.01760992,27773.8700
1627017787065000,1,0.00090600,27747.7700
1627017790230000,1,0.00305200,27747.7700
1627017820360000,0,0.01808000,27777.8700
1627017829440000,0,0.03454553,27773.8700
1627017840298000,0,0.13817818,27772.5900
1627017877437000,0,0.03455069,27790.4900
1627017904509000,1,0.07000000,27789.7900
1627017937472000,0,0.00355373,27804.8700
1627017939696000,0,0.05000000,27804.4800
1627017948917000,1,0.13000000,27789.7900
1627017978155000,0,0.03000000,27798.0000
1627017981489000,0,0.03570356,27801.0100
1627018039881000,0,0.00223000,27817.8100
1627018066425000,0,0.00345000,27810.8200
1627018070575000,0,0.03568482,27815.9300
1627018131108000,1,0.00539635,27810.6100
1627018143103000,1,0.00305800,27813.5800
1627018143671000,0,0.05009400,27828.9000
1627018143671000,0,0.18294265,27829.4500
1627018143671000,0,0.15274439,27832.4500
1627018143671000,0,0.05485550,27833.1100
1627018143671000,0,0.36735443,27834.0400
1627018143671000,0,0.81538000,27834.0500
1627018143671000,0,0.08277300,27834.1500
1627018143671000,0,0.10116478,27836.2100
1627018163881000,1,0.00764000,27809.8400
1627018191776000,0,0.00071473,27842.6100
1627018196454000,0,0.02639385,27842.7500
1627018200255000,0,0.02025457,27838.5100
1627018204821000,0,0.00278000,27849.4800
1627018236329000,0,0.00124745,27857.8200
1627018237378000,0,0.00106896,27857.8200
1627018238391000,0,0.00106896,27856.4200
1627018239406000,0,0.00106896,27854.6400
1627018240458000,0,0.00106896,27857.8000
1627018241446000,0,0.00106896,27849.1100
1627018242509000,0,0.00106896,27849.1100
1627018243546000,0,0.00106897,27849.1100
1627018244530000,0,0.00106896,27849.1100
1627018245574000,0,0.00106897,27849.1100
1627018256268000,0,0.01056624,27846.1500
1627018320280000,0,0.00376645,27835.6600
1627018341494000,0,0.35880558,27836.8300
1627018359274000,0,0.03409219,27842.7400
1627018368111000,1,0.00182576,27834.8700
1627018371521000,0,0.00226215,27849.6700
1627018371521000,0,0.17702291,27855.1500
1627018377201000,0,0.00102092,27857.7800
1627018421830000,0,0.20161663,27857.8200
1627018421830000,0,0.10519129,27857.8200
1627018421831000,0,0.19323263,27857.8200
1627018421832000,0,0.06136159,27857.8200
1627018421832000,0,0.11702531,27857.8200
1627018421837000,0,0.07407220,27857.8200
1627018421838000,0,0.10782107,27857.8200
1627018421952000,0,1.32819000,27857.8200
1627018422024000,0,0.80917287,27857.8200
1627018423055000,0,0.01744785,27866.1000
1627018427106000,1,0.00162700,27854.6000
1627018427290000,1,0.00159800,27854.6000
1627018436498000,1,0.01842481,27849.3200
1627018440246000,0,0.00129202,27866.1900
1627018441870000,0,0.00541768,27869.5800
1627018441870000,0,0.00097489,27872.0000
1627018475584000,0,0.00175489,27871.6800
1627018476670000,1,0.06000000,27866.7000
1627018489400000,0,0.00360636,27888.0000
1627018489407000,0,0.00000001,27888.0000
1627018489410000,0,0.00900000,27888.8800
1627018489430000,0,0.00100000,27888.8800
1627018489430000,0,0.01000000,27888.8800
1627018489468000,0,0.00197886,27890.0000
1627018489674000,0,1.04180000,27891.2500
1627018489686000,0,1.95820000,27891.2500
1627018490045000,0,0.00073869,27894.1500
1627018490045000,0,0.00926131,27895.2500
1627018490514000,0,0.00695753,27895.2500
1627018490701000,0,0.00000001,27895.2500
1627018496268000,1,0.02900000,27875.7600
1627018497243000,0,0.01055916,27897.6700
1627018500022000,1,0.00269906,27876.3200
1627018505489000,1,0.00233300,27877.1100
1627018517748000,0,0.00358000,27901.8900
1627018517821000,0,0.03000000,27901.8900
1627018527770000,0,0.01664895,27883.3200
1627018527868000,1,0.07280000,27864.4000
1627018527868000,1,0.92000000,27864.3900
1627018527868000,1,0.18077898,27864.0400
1627018527868000,1,1.06600000,27860.8800
1627018527868000,1,0.03582740,27860.0700
1627018527868000,1,0.03700000,27857.3200
1627018527868000,1,0.65062121,27857.2800
1627018527868000,1,0.15245533,27857.1200
1627018527868000,1,0.05485549,27854.6000
1627018527868000,1,0.04708253,27854.1700
1627018537763000,1,0.03700000,27846.1800
1627018537763000,1,0.92000000,27846.1500
1627018537763000,1,0.19589577,27846.1100
1627018538764000,1,0.92000000,27848.9700
1627018538764000,1,0.03587521,27847.5800
1627018538764000,1,0.19702056,27846.8400
1627018540003000,1,0.03587521,27846.8500
1627018540003000,1,0.03700000,27846.1200
1627018540003000,1,0.33710423,27846.1100
1627018540003000,1,0.08968803,27845.1900
1627018540003000,1,0.15250564,27845.1800
1627018540003000,1,0.05485549,27843.7400
1627018540003000,1,0.00073396,27841.9200
1627018540003000,1,0.08969189,27840.2800
1627018540003000,1,0.65880701,27840.2700
1627018540003000,1,0.09743200,27840.2600
1627018540003000,1,0.05009400,27839.7700
1627018540003000,1,0.58944366,27838.4000
1627018540607000,1,0.53300000,27851.2300
1627018540607000,1,0.03587521,27846.1300
1627018540607000,1,0.18584183,27846.1200
1627018541000000,1,0.53300000,27851.4600
1627018541000000,1,0.05485549,27849.5700
1627018541000000,1,0.26415817,27846.1200
1627018541000000,1,0.03700000,27844.2800
1627018541000000,1,0.08969189,27838.4100
1627018541000000,1,1.29815791,27838.4000
1627018548669000,1,0.03588242,27838.2600
1627018548669000,1,0.05485549,27838.1500
1627018548669000,1,0.08970669,27833.8200
1627018548669000,1,0.03700000,27833.8100
1627018548669000,1,0.15258478,27828.1800
1627018548669000,1,0.22884374,27824.3400
1627018548669000,1,0.30000000,27821.0300
1627018548669000,1,0.50000000,27821.0200
1627018548669000,1,0.23324215,27819.0100
1627018548669000,1,1.16429077,27819.0000
1627018558554000,0,0.19195818,27854.0400
1627018560261000,0,0.01452409,27862.1000
1627018563429000,0,0.03439873,27862.2400
1627018565765000,1,0.00233900,27848.2900
1627018627968000,1,0.01051000,27867.0700
1627018628653000,0,0.05009400,27884.2300
1627018642353000,0,0.00221439,27881.2500
1627018643344000,0,0.00004519,27881.2500
1627018647437000,0,0.05485550,27909.1400
1627018647437000,0,0.12245700,27911.3200
1627018648442000,1,0.00127500,27897.1000
1627018649364000,0,0.00570000,27920.0000
1627018649413000,0,1.32240000,27924.7200
1627018649420000,0,1.67760000,27924.7200
1627018649453000,0,0.23935740,27924.7100
1627018649689000,0,0.00072496,27925.7400
1627018649689000,0,0.00072154,27933.3500
1627018649689000,0,0.01755350,27935.0800
1627018650003000,0,0.03254050,27935.0800
1627018650003000,0,0.00073760,27935.4900
1627018650003000,0,0.01200000,27939.0000
1627018650705000,0,0.05485550,27943.5700
1627018652258000,0,0.00399000,27950.0000
1627018652324000,0,0.08101000,27950.0000
1627018652324000,0,0.00100000,27950.0000
1627018652324000,0,0.03000000,27950.0000
1627018652324000,0,0.00399316,27953.0000
1627018652324000,0,0.01733392,27955.0000
1627018652324000,0,0.00073705,27956.1600
1627018652324000,0,1.07512587,27958.2300
1627018652353000,0,1.92487413,27958.2300
1627018652882000,0,0.05000000,27969.0000
1627018653164000,0,0.05485000,27969.8600
1627018655244000,1,0.00162700,27924.3900
1627018657428000,1,0.00136600,27925.5900
1627018658837000,1,0.00720139,27925.5900
1627018670215000,1,0.00071717,27923.8400
1627018670602000,1,0.00001464,27923.8400
1627018674012000,0,0.15398000,27928.9600
1627018678882000,1,0.00900000,27928.3200
1627018680245000,0,0.01419396,27928.4300
1627018681605000,0,0.00186886,27924.1300
1627018686187000,0,0.02000000,27936.2100
1627018686864000,0,0.17000000,27930.3600
1627018689794000,1,0.80557317,27907.0800
1627018690282000,0,0.05000000,27922.8300
1627018690340000,0,0.05000000,27922.8300
1627018690341000,0,0.05000000,27922.8300
1627018691716000,0,0.16464000,27921.0200
1627018693760000,1,0.05009400,27905.6900
1627018698243000,0,0.15222000,27911.0000
1627018699355000,0,0.01734000,27923.8500
1627018700025000,1,0.03581585,27898.3600
1627018700025000,1,0.14931445,27898.3500
1627018700027000,1,0.10635145,27898.3500
1627018700027000,1,0.07352693,27898.3500
1627018700027000,1,0.10902861,27898.3500
1627018700028000,1,0.06871267,27898.3500
1627018700040000,1,0.07308927,27898.3500
1627018700041000,1,0.10678911,27898.3500
1627018700042000,1,0.07571523,27898.3500
1627018700043000,1,0.08665674,27898.3500
1627018700043000,1,0.06608670,27898.3500
1627018700043000,1,0.09540994,27898.3500
1627018700046000,1,0.05431890,27898.3500
1627018700103000,1,0.03581380,27896.7900
1627018710611000,0,0.04477822,27918.7100
1627018716603000,0,0.06980417,27913.2500
1627018725023000,0,0.01019367,27901.7000
1627018731470000,0,0.03432477,27899.9000
1627018737057000,0,0.01786301,27899.5000
1627018745649000,0,0.00303645,27882.7400
1627018749071000,0,0.01304722,27889.1700
1627018754606000,0,0.02621579,27891.5000
1627018755556000,0,0.00202073,27890.0100
1627018759561000,1,0.09510000,27865.8900
1627018759561000,1,0.03585797,27864.6800
1627018759561000,1,0.93504203,27864.1700
1627018759966000,1,0.03000000,27864.1800
1627018759990000,1,0.00585797,27864.1800
1627018764492000,0,0.35801669,27864.7900
1627018767496000,0,0.03435943,27856.0400
1627018771105000,1,0.20250131,27845.0700
1627018787077000,0,0.00358000,27857.6900
1627018787131000,0,0.03000000,27857.6900
1627018787921000,1,0.10000000,27838.1800
1627018800273000,0,0.00489310,27853.2800
1627018800461000,0,0.00265155,27851.8900
1627018815244000,0,0.10000000,27810.7500
1627018829297000,0,0.00298012,27828.4400
1627018838399000,0,0.15000000,27822.1900
1627018838399000,0,0.26760286,27822.2000
1627018838477000,0,0.00176856,27822.2000
1627018842054000,0,0.01430478,27822.8600
1627018872918000,0,0.01770898,27833.5700
1627018875769000,0,0.00176866,27832.8300
1627018884094000,1,0.00144000,27824.6100
1627018890184000,1,0.06315000,27817.5800
1627018907515000,0,0.00196372,27847.3400
1627018910587000,1,0.00086158,27825.4200
1627018911552000,0,0.03418095,27840.8900
1627018929180000,1,0.08460000,27825.6100
1627018929180000,1,0.03591567,27825.6000
1627018929336000,1,0.08977886,27819.5500
1627018929336000,1,0.08453500,27819.5400
1627018929572000,1,0.03592186,27815.5600
1627018929572000,1,0.08977886,27815.5600
1627018929572000,1,0.21837224,27815.5500
1627018929660000,1,0.02000000,27815.5500
1627018938482000,0,0.00354151,27817.4600
1627018956638000,0,0.15000000,27796.4600
1627018956651000,0,0.05466232,27800.5800
1627018959605000,0,0.01991548,27807.3300
1627018974115000,0,0.00177019,27799.7100
1627018995019000,0,0.00357010,27801.8000
1627019004726000,0,0.02500000,27791.2400
1627019034839000,1,0.01820550,27774.0400
1627019040280000,0,0.02663845,27792.0900
1627019042525000,1,0.13180000,27774.4300
1627019042525000,1,0.05118852,27774.4200
1627019057456000,0,0.10000000,27784.1800
1627019077520000,0,0.03080000,27774.1400
1627019080742000,0,0.02500000,27773.9500
1627019088846000,1,0.03600515,27752.5200
1627019088898000,1,0.00000001,27752.5200
1627019096887000,0,0.48447000,27760.3600
1627019096955000,0,0.15000000,27760.3600
1627019096955000,0,0.02500000,27760.3600
1627019098587000,0,0.00125084,27773.2300
1627019112337000,1,0.17609077,27741.1300
1627019112337000,1,0.03600360,27740.0700
1627019112337000,1,0.01209288,27737.3900
1627019112337000,1,0.05466231,27737.2900
1627019112337000,1,0.53500000,27737.1200
1627019112337000,1,1.07100000,27735.7300
1627019112337000,1,0.09004077,27733.0400
1627019112337000,1,0.05000000,27733.0400
1627019112337000,1,0.74295520,27733.0300
1627019112337000,1,0.08974500,27732.3900
1627019112337000,1,0.15313837,27731.9000
1627019112337000,1,0.30000000,27728.6500
1627019112337000,1,0.96488000,27728.6400
1627019112337000,1,0.22970755,27728.2100
1627019112337000,1,0.05009400,27727.9100
1627019112337000,1,0.23406152,27724.6100
1627019112337000,1,0.38269902,27724.6000
1627019112337000,1,9.51830000,27722.8000
1627019112337000,1,0.30952901,27721.4800
1627019112726000,0,0.00177210,27758.9200
1627019112809000,1,0.05466231,27733.6200
1627019112809000,1,0.29497733,27733.0400
1627019114476000,0,0.99922507,27757.1000
1627019119031000,0,0.02300000,27757.0700
1627019122533000,0,0.00176371,27757.0000
1627019137640000,0,0.02500000,27743.1600
1627019139207000,1,0.53500000,27724.6800
1627019143400000,0,0.02930000,27738.4000
1627019156471000,0,0.02500000,27729.8200
1627019160265000,0,0.00733935,27732.8100
1627019179490000,0,0.00087507,27745.1900
1627019184742000,0,0.00266295,27746.4500
1627019192365000,0,0.04844188,27729.7200
1627019212064000,0,0.00227000,27736.9100
1627019214404000,0,0.90000000,27733.5000
1627019224527000,1,0.07340000,27728.8100
1627019224527000,1,0.14741393,27728.8000
1627019224527000,1,0.10918607,27722.2300
1627019242696000,0,0.00563000,27745.3700
1627019244089000,0,0.01825163,27747.1100
1627019250201000,1,0.15000000,27724.8800
1627019250201000,1,0.35000000,27724.8700
1627019303309000,0,0.00349000,27759.5400
1627019312294000,0,0.00358616,27745.5500
1627019329717000,0,0.00363000,27755.4400
1627019334822000,1,0.02000000,27734.8600
1627019334822000,1,0.05077911,27734.8500
1627019336205000,0,0.00354945,27749.5800
1627019343750000,0,0.03000000,27753.9200
1627019357473000,1,0.00230000,27735.1100
1627019370948000,0,0.00158410,27754.3000
1627019371959000,0,0.00158410,27754.3000
1627019374043000,0,0.00158410,27756.5000
1627019375061000,0,0.00158411,27757.8800
1627019375891000,0,0.00354983,27757.8700
1627019377085000,0,0.00158411,27757.8800
1627019378113000,0,0.00158410,27757.8500
1627019395959000,1,0.05230100,27757.8400
1627019441883000,0,0.00602067,27756.7900
1627019442498000,0,0.00177183,27756.7900
1627019461975000,0,0.08987000,27766.6200
1627019461997000,0,0.00360000,27766.6200
1627019462035000,0,0.00293000,27766.6200
1627019462035000,0,0.02707000,27767.3700
1627019475461000,0,0.00176263,27776.8600
1627019497372000,0,0.00114332,27784.3100
1627019520280000,0,0.00191167,27782.3000
1627019528274000,0,0.00088383,27783.8200
1627019537754000,0,0.02513393,27783.9500
1627019555147000,0,0.74019370,27783.9800
1627019580987000,0,0.00352911,27790.0500
1627019594909000,1,0.00682452,27774.3200
1627019596332000,1,0.13906400,27774.3200
1627019604674000,0,0.00141218,27770.9600
1627019604755000,0,0.00002882,27770.9600
1627019618166000,1,0.00073405,27772.7500
1627019640254000,0,0.14660000,27784.0300
1627019640254000,0,0.12733900,27784.1300
1627019671825000,0,0.10000000,27799.8100
1627019728800000,0,0.00107163,27777.7600
1627019729780000,0,0.00107163,27780.1600
1627019730534000,0,0.00488000,27778.2900
1627019730815000,0,0.00107163,27778.2900
1627019733062000,0,0.01067000,27778.0500
1627019733500000,1,0.01000000,27767.3700
1627019759710000,0,0.00090000,27791.4600
1627019763943000,0,0.00888610,27791.7700
1627019770146000,0,0.00173000,27800.0000
1627019772529000,1,0.00234900,27789.3600
1627019779297000,0,0.03197000,27800.0000
1627019786704000,0,0.08823544,27800.0000
1627019800054000,0,0.37806456,27800.0000
1627019800054000,0,0.05497438,27804.8000
1627019800054000,0,0.31931195,27807.5200
1627019828286000,0,0.00249000,27804.4000
1627019835967000,0,0.00177749,27804.1100
1627019842273000,1,0.03596000,27787.3200
1627019847736000,0,0.07065000,27795.8800
1627019880271000,0,0.07643574,27778.5300
1627019891888000,0,0.01360173,27780.2700
1627019894943000,0,0.00125021,27785.6000
1627019899201000,0,0.02771000,27785.5100
1627019900024000,1,0.03598028,27771.3600
1627019905514000,1,0.10280000,27757.2000
1627019905514000,1,0.03600075,27757.1900
1627019905514000,1,0.16062925,27757.1800
1627019908267000,0,0.02000000,27766.9000
1627019911524000,0,0.00251456,27770.2500
1627019912904000,0,0.00353577,27776.6800
1627019914591000,0,0.00357314,27770.1900
1627019928381000,0,0.04269000,27760.2300
1627019928849000,0,0.09575000,27767.7100
1627019931983000,0,0.00106690,27767.0400
1627019936305000,0,0.00532526,27766.5900
1627019936369000,0,0.02077623,27766.5900
1627019938063000,0,0.01787718,27766.4700
1627019938394000,0,0.01000000,27766.4700
1627019938589000,0,0.01000000,27766.4700
1627019938623000,0,0.00098000,27766.4700
1627019938773000,0,0.03000000,27766.4700
1627019947879000,1,0.01723200,27755.4300
1627019952684000,0,0.00534000,27767.3800
1627019956016000,0,0.00355633,27767.2400
1627019972280000,0,0.00359700,27763.4200
1627019973095000,0,0.20000000,27762.9900
1627019988279000,1,0.10750000,27734.2600
1627019988279000,1,0.00100000,27734.2500
1627019988279000,1,0.03602513,27726.3300
1627019988279000,1,0.15342332,27726.3300
1627020000290000,0,0.00530742,27755.7000
1627020000395000,0,0.00136631,27755.7000
1627020013311000,0,0.15978746,27755.1300
1627020013311000,0,0.00919269,27757.7200
1627020015371000,0,0.01728000,27760.9800
1627020028109000,0,0.01209000,27771.0400
1627020033777000,0,0.06908000,27766.2200
1627020048361000,1,0.46131162,27739.4400
1627020048379000,1,0.06216639,27739.4400
1627020048509000,1,0.13688278,27735.0800
1627020048532000,1,0.03602721,27739.4500
1627020052041000,0,0.03560809,27733.3200
1627020056365000,1,0.01802449,27711.6300
1627020062518000,1,0.00109600,27714.7600
1627020076320000,0,0.01411000,27729.3000
1627020078338000,0,0.00178948,27728.2200
1627020103567000,1,0.00400000,27700.0000
1627020105231000,1,0.00073776,27698.5600
1627020110213000,1,0.00072225,27697.9200
1627020110213000,1,0.00417055,27687.7400
1627020116517000,0,0.02821016,27690.8900
1627020118122000,1,0.06560000,27670.9000
1627020118122000,1,0.55617772,27670.8900
1627020118737000,0,0.00350000,27689.5000
1627020120255000,0,0.00176992,27682.9000
1627020120485000,0,0.07842568,27682.9000
1627020120486000,0,0.07157432,27682.9000
1627020120486000,0,0.29790834,27684.2900
1627020120487000,0,0.11882343,27684.2900
1627020120494000,0,0.05000000,27684.2900
1627020121491000,0,0.11000000,27704.1000
1627020122271000,0,0.78703998,27712.6200
1627020124368000,0,0.05345478,27717.9000
1627020126012000,1,0.00515034,27700.3100
1627020126797000,1,0.03607000,27700.3000
1627020135123000,0,0.00300000,27705.8300
1627020136550000,0,0.03000000,27705.8200
1627020147250000,0,0.86892105,27706.7000
1627020162136000,1,0.00486700,27707.3600
1627020167959000,1,0.06232304,27695.3500
1627020190333000,0,0.00100000,27717.5000
1627020207465000,0,0.00459209,27715.8100
1627020215957000,1,0.10792284,27699.4800
1627020219089000,1,0.00943142,27699.4900
1627020221226000,0,0.00713058,27713.4100
1627020240244000,0,0.00118907,27711.5100
1627020247144000,1,0.02231302,27696.8400
1627020248075000,1,0.00611000,27696.8600
1627020248152000,1,0.04500000,27696.8100
1627020264945000,0,0.00179060,27718.5500
1627020271358000,0,0.09051000,27715.3200
1627020271363000,0,0.00361000,27715.3200
1627020271419000,0,0.03000000,27715.3200
1627020281960000,1,0.00154691,27702.8300
1627020296425000,0,0.00527129,27710.4300
1627020297465000,0,0.00176837,27709.4400
1627020306186000,1,0.00174690,27715.6700
1627020306370000,1,0.00003565,27715.6700
1627020309587000,0,0.00116216,27715.4900
1627020311437000,0,0.00897535,27714.7900
1627020324026000,0,0.00179577,27703.8400
1627020335674000,0,0.00107452,27694.9200
1627020342667000,0,0.02000000,27694.3900
1627020356125000,0,0.00212257,27694.1700
1627020357225000,1,0.03610499,27677.9600
1627020357225000,1,0.18063493,27677.9500
1627020359195000,0,0.19273137,27688.3100
1627020371800000,0,0.02500000,27699.3500
1627020374557000,1,0.16446889,27693.4900
1627020401950000,0,0.01415141,27706.0900
1627020405954000,1,0.00066000,27691.5300
1627020442519000,0,0.57161664,27701.3900
1627020442519000,0,0.14143324,27702.3400
1627020452062000,0,0.03700000,27695.0200
1627020466798000,0,0.00300000,27691.4700
1627020468904000,0,0.01530000,27691.4700
1627020469842000,1,0.01548200,27669.7200
1627020480238000,0,0.01318217,27686.9000
1627020482077000,0,0.04000000,27694.5300
1627020501805000,0,0.00353818,27686.1800
1627020527662000,0,0.02100000,27668.6800
1627020536310000,1,0.02095498,27666.1500
1627020580977000,0,0.00181000,27678.0400
1627020589833000,0,0.00546753,27672.8200
1627020600249000,0,0.02252657,27667.9700
1627020609135000,1,0.00108900,27651.4000
1627020630327000,0,0.00546874,27665.1100
1627020634036000,1,0.06730000,27650.3700
1627020634070000,1,0.03614806,27645.7700
1627020634208000,1,0.06526409,27642.2400
1627020634208000,1,0.06427909,27642.2400
1627020634211000,1,0.07372723,27642.2400
1627020634212000,1,0.10262551,27642.2400
1627020634225000,1,0.12824282,27642.2400
1627020634225000,1,0.31092416,27642.2400
1627020634797000,1,0.03615407,27640.7600
1627020634797000,1,0.08384593,27634.2000
1627020641311000,0,0.01800000,27650.6000
1627020643530000,0,0.00350000,27651.0100
1627020657886000,0,0.02500000,27647.9000
1627020676244000,0,0.03000000,27663.1300
1627020720670000,1,0.01197335,27649.5600
1627020724410000,1,0.24000000,27640.9300
1627020724431000,1,0.03000000,27640.9300
1627020724759000,1,0.03000000,27640.9300
1627020725033000,1,0.25000000,27640.9300
1627020725363000,1,0.07000000,27639.0000
1627020760272000,1,0.05327564,27660.5900
1627020771527000,0,0.00540955,27667.6900
1627020777474000,0,0.00882339,27679.2100
1627020778717000,1,0.00361658,27661.1000
1627020819141000,1,0.04703543,27650.5600
1627020841464000,0,0.35701152,27668.8700
1627020847166000,0,0.03708000,27668.8700
1627020851006000,0,0.00780000,27668.8700
1627020852414000,0,0.02084870,27668.8700
1627020868764000,0,0.99938553,27668.5900
1627020888375000,0,0.01317317,27670.5600
1627020895039000,0,0.02850026,27662.9800
1627020925462000,0,0.01071183,27639.6800
1627020939093000,0,0.00158000,27641.3700
1627020944172000,0,0.15000000,27641.3900
1627020944172000,0,0.53700000,27641.5700
1627020944172000,0,0.23073117,27643.1100
1627020944172000,0,0.15379902,27643.3500
1627020944172000,0,1.07600000,27647.7000
1627020944172000,0,0.05000000,27648.9900
1627020944172000,0,0.00067913,27649.0000
1627020956538000,0,0.15380933,27638.6700
1627020960322000,0,0.00888035,27651.6800
1627020969675000,0,0.00789066,27663.6000
1627020970155000,1,0.03600000,27651.4400
1627020985515000,0,0.00357186,27672.5700
1627021006692000,0,0.00503297,27683.2900
1627021016636000,1,0.00289488,27678.6700
1627021019479000,0,0.53600000,27692.6400
1627021019479000,0,0.07968165,27698.6600
1627021048186000,1,0.00227700,27668.3800
1627021052737000,1,0.00241400,27671.4500
1627021060867000,1,0.17000000,27679.8200
1627021060903000,1,0.01133644,27679.8200
1627021061098000,1,0.04900000,27679.8300
1627021061266000,1,0.07000000,27679.8300
1627021076401000,0,0.00106207,27687.7900
1627021081106000,0,0.00361000,27692.7700
1627021082558000,1,0.00174636,27687.7900
1627021082749000,1,0.00098000,27687.7900
1627021083079000,1,0.00268464,27687.7900
1627021091826000,0,0.00180367,27699.7900
1627021101453000,0,0.00105000,27701.7700
1627021117951000,0,0.00354028,27698.3100
1627021132719000,0,0.00670722,27698.4200
1627021137401000,0,0.00354032,27693.9900
1627021141268000,0,0.01154553,27694.0400
1627021144451000,0,0.00359276,27694.5300
1627021149816000,0,1.00000000,27704.6000
1627021153675000,1,0.07429097,27685.8600
1627021164170000,0,0.00554000,27689.3500
1627021168653000,0,0.00183000,27682.0600
1627021189576000,1,0.00363702,27682.7100
1627021200250000,0,0.00393439,27692.9000
1627021218864000,0,0.06100000,27690.3300
1627021218864000,0,0.18710088,27690.3400
1627021218864000,0,0.53563168,27695.5300
1627021225591000,1,0.00109111,27676.9400
1627021256556000,0,0.92000000,27701.9600
1627021256556000,0,0.15412723,27702.0100
1627021256556000,0,0.15345464,27702.7200
1627021256556000,0,0.05009400,27703.2400
1627021256556000,0,0.23019098,27704.3800
1627021256556000,0,0.05507845,27707.4300
1627021256556000,0,0.58593419,27707.5800
1627021256556000,0,3.72020000,27707.6000
1627021256556000,0,0.83070000,27708.5300
1627021256556000,0,0.09449100,27708.9800
1627021256556000,0,0.38373779,27709.0800
1627021256556000,0,2.85073628,27709.3000
1627021266961000,1,0.01131300,27685.3200
1627021293239000,0,0.08513990,27689.5200
1627021312103000,0,0.00871332,27685.1300
1627021329332000,0,0.00107552,27687.0500
1627021340184000,0,0.00359352,27688.6600
1627021364560000,0,0.00170871,27683.8700
1627021376253000,0,0.00141620,27687.1100
1627021378369000,0,0.00685337,27687.1100
1627021425322000,0,0.00392252,27689.0400
1627021427380000,1,0.08000000,27680.9500
1627021433188000,1,0.00149600,27677.6500
1627021440242000,0,0.01707626,27686.2600
1627021446340000,0,0.15349745,27689.1800
1627021446357000,0,0.14880921,27689.8200
1627021446364000,0,0.08146893,27689.8200
1627021453195000,0,0.02568871,27694.6500
1627021460190000,0,0.03592550,27696.7600
1627021470089000,0,0.05041947,27697.6300
1627021493218000,0,0.00179633,27695.2500
1627021514772000,0,0.07167835,27686.9600
1627021515791000,0,0.07167835,27689.6200
1627021518870000,0,0.07167835,27688.3600
1627021519908000,0,0.07167835,27686.8800
1627021520417000,1,0.03000000,27675.5300
1627021520484000,1,0.03000000,27675.5300
1627021520568000,1,0.02194421,27675.5300
1627021520712000,1,0.08000000,27675.5300
1627021520906000,1,0.02000000,27675.5300
1627021521175000,1,0.06000000,27675.5300
1627021521499000,1,0.03000000,27675.5300
1627021522969000,0,0.07167834,27686.8700
1627021536636000,1,0.01000000,27675.5300
1627021536681000,1,0.03319167,27675.5300
1627021536707000,1,0.01000000,27675.5300
1627021536943000,1,0.01000000,27675.5300
1627021536989000,1,0.01000000,27675.5300
1627021537017000,1,0.08121167,27675.5300
1627021537266000,1,0.00673167,27675.5300
1627021538692000,1,0.01000000,27675.5300
1627021538763000,1,0.01000000,27675.5300
1627021538796000,1,0.00475011,27675.5300
1627021539633000,1,0.02000000,27675.5300
1627021539977000,1,0.02000000,27675.5300
1627021540271000,1,0.15765167,27675.5300
1627021540607000,1,0.01000000,27675.5300
1627021540941000,1,0.06799073,27675.5300
1627021541333000,1,0.06000000,27675.5300
1627021541622000,1,0.06000000,27675.5300
1627021541960000,1,0.12000000,27675.5300
1627021542259000,1,0.06000000,27675.5300
1627021542608000,1,0.00954171,27675.5300
1627021550926000,0,0.00503115,27680.1600
1627021556302000,0,0.00212430,27680.9300
1627021592487000,0,0.35395353,27691.1300
1627021597572000,0,0.00707982,27688.2700
1627021616441000,1,0.00550000,27688.8100
1627021617438000,0,0.00442643,27697.4000
1627021628117000,1,0.02000000,27692.2900
1627021628154000,1,0.04000000,27692.2900
1627021643224000,0,0.00538932,27695.5100
1627021644633000,1,0.00500000,27684.5400
1627021651362000,0,0.00176619,27692.4500
1627021665220000,0,0.00368281,27691.5100
1627021670804000,0,0.00350000,27690.1200
1627021676349000,0,0.00176958,27689.5100
1627021709478000,1,0.12000000,27691.8500
1627021709510000,1,0.07723204,27691.8500
1627021722414000,0,0.00137046,27693.4600
1627021736493000,0,0.00102631,27685.4300
1627021740756000,0,0.00210000,27685.4300
1627021770282000,0,0.02370000,27692.2300
1627021773373000,0,0.00354825,27694.5900
1627021782734000,0,0.27210000,27696.2100
1627021800246000,0,0.00388361,27698.6900
1627021805475000,0,0.04421548,27698.6900
1627021824347000,0,0.00360000,27698.4300
1627021834639000,0,0.18699000,27698.4300
1627021844752000,1,0.00853478,27688.3200
1627021846981000,1,0.03000000,27692.6200
1627021847011000,1,0.00488687,27692.6200
1627021856283000,0,0.35999506,27708.8800
1627021856435000,1,0.00284878,27698.9600
1627021875034000,0,0.00105000,27718.7600
1627021879300000,0,0.05038104,27718.7600
1627021884203000,0,0.15563000,27718.6900
1627021888640000,1,0.00252156,27705.0000
1627021895080000,0,0.01794785,27719.7400
1627021906719000,0,0.09594642,27720.4700
1627021914255000,0,0.16342058,27720.8300
1627021914255000,0,0.15335407,27721.9100
1627021914255000,0,0.04305643,27722.6400
1627021916469000,0,0.00172130,27726.9400
1627021916681000,0,0.00194000,27726.9400
1627021918060000,0,0.00184000,27726.9400
1627021920227000,1,0.00155805,27709.1400
1627021923142000,0,0.00140000,27713.6700
1627021923174000,0,0.04798500,27713.6600
1627021930461000,0,0.00115000,27714.9200
1627021941971000,0,0.00283548,27700.7000
1627021976258000,0,0.00526949,27711.5700
1627022015512000,1,0.03598285,27695.2900
1627022019202000,0,0.00467000,27706.0900
1627022036419000,0,0.01768625,27718.8400
1627022037418000,0,0.15036027,27718.8400
1627022043895000,0,0.00107214,27721.2900
1627022044903000,0,0.00107214,27723.3100
1627022061763000,0,0.00205180,27727.3500
1627022067564000,0,0.01655000,27727.3500
1627022095210000,1,0.01000000,27719.7800
1627022095324000,1,0.03000000,27719.7800
1627022095407000,1,0.01000000,27719.7800
1627022095409000,1,0.00590000,27719.7800
1627022096382000,0,0.00141519,27728.8500
1627022097375000,0,0.03535843,27728.7400
1627022141370000,1,0.00309800,27719.6800
1627022156134000,1,0.01805229,27717.8400
1627022160375000,0,0.00361000,27727.4100
1627022160387000,0,0.04917000,27727.4100
1627022160440000,0,0.03000000,27727.4100
1627022168288000,0,0.05332598,27731.3700
1627022169482000,0,0.20559554,27731.3700
1627022206702000,0,0.00661000,27725.1900
1627022207233000,0,0.00390000,27725.1900
1627022218078000,0,0.01781687,27727.2300
1627022232438000,0,0.00662000,27729.3600
1627022265926000,1,0.08924955,27711.9200
1627022266030000,1,0.03997680,27711.9200
1627022267220000,1,0.08358291,27708.3500
1627022271334000,1,0.00476701,27700.0400
1627022276392000,0,0.15000000,27711.5200
1627022276392000,0,0.16818802,27711.5300
1627022283793000,0,0.00326000,27712.6100
1627022288875000,0,0.07000000,27710.1900
1627022291487000,0,0.01900000,27711.6900
1627022315506000,0,0.00517464,27715.9600
1627022335534000,1,0.06000000,27714.8200
1627022336468000,0,0.00106123,27723.6000
1627022336971000,0,0.00107404,27723.6000
1627022340812000,0,0.00176438,27723.6000
1627022347542000,1,0.01000000,27717.4800
1627022347654000,1,0.01000000,27717.4800
1627022348034000,1,0.01000000,27717.4800
1627022348288000,1,0.04000000,27717.4800
1627022348336000,1,0.01000000,27717.4800
1627022348771000,1,0.06000000,27718.4800
1627022348934000,1,0.03000000,27718.4800
1627022348970000,1,0.00900000,27718.4800
1627022348994000,1,0.00150000,27710.8900
1627022358266000,0,0.00349000,27725.4100
1627022360489000,1,0.05000000,27717.1300
1627022368689000,0,0.01760540,27723.8800
1627022370432000,0,0.13569208,27723.8800
1627022370952000,0,0.53500000,27727.2500
1627022370954000,1,0.18273150,27722.0900
1627022389950000,0,0.53600000,27732.9200
1627022389950000,0,0.30960305,27736.6200
1627022399425000,1,0.02511178,27721.6600
1627022400230000,0,0.07210724,27733.7500
1627022403027000,1,0.12480028,27721.6500
1627022403038000,1,0.06678823,27721.6500
1627022403142000,1,0.20295350,27721.6500
1627022412009000,0,0.00178941,27724.8300
1627022414112000,0,0.00482000,27724.6700
1627022426477000,1,0.03000000,27704.0800
1627022428066000,1,0.00829935,27694.0900
1627022434662000,0,0.15000000,27708.2700
1627022434662000,0,0.00199696,27708.2700
1627022434662000,0,0.16799747,27708.2800
1627022438729000,0,0.00115000,27711.7900
1627022439365000,0,0.00121000,27711.3300
1627022459296000,0,0.05000000,27705.6800
1627022472824000,1,0.00100700,27691.5100
1627022478044000,0,0.04500000,27707.6100
1627022478365000,0,0.00143307,27707.6000
1627022483402000,0,0.00107481,27706.4800
1627022486427000,0,0.11106466,27709.6700
1627022492906000,0,0.00784000,27707.9900
1627022515141000,1,0.18961348,27710.3100
1627022515251000,1,0.13747663,27710.3100
1627022515303000,1,0.43046415,27710.3100
1627022525547000,0,0.30000000,27721.4400
1627022528354000,1,0.04495167,27707.9500
1627022534300000,1,0.00677794,27708.2100
1627022540012000,0,0.00250000,27721.3900
1627022543079000,0,0.00250000,27721.4400
1627022544084000,0,0.00250000,27721.4400
1627022545251000,0,0.00176488,27721.4400
1627022558917000,1,0.14999999,27717.9600
1627022566124000,0,0.03392000,27724.3200
1627022566124000,0,0.00361000,27724.3200
1627022566169000,0,0.03000000,27724.3200
1627022573660000,0,0.53500000,27726.1900
1627022590192000,1,0.01127300,27714.4100
1627022606699000,0,0.16154061,27718.2300
1627022632525000,1,0.00404203,27705.0100
1627022636153000,0,0.17543940,27720.8200
1627022636153000,0,0.14675925,27722.1000
1627022640228000,0,0.02123082,27723.5600
1627022641129000,0,0.11659828,27723.5600
1627022641461000,0,0.00318293,27723.5600
1627022641491000,0,0.05288814,27723.5600
1627022654429000,1,0.01624262,27709.3000
1627022654579000,0,0.04299912,27725.4600
1627022654645000,0,0.01652330,27725.4600
1627022656210000,0,0.00629729,27725.4600
1627022661618000,0,0.02011226,27726.3700
1627022675157000,1,0.00869167,27724.5400
1627022692180000,0,0.13875008,27732.4700
1627022695675000,0,0.03955781,27732.4200
1627022696970000,0,0.00907000,27732.4700
1627022697673000,0,0.00719519,27734.0300
1627022701974000,0,0.00352454,27735.7400
1627022702265000,0,0.00178171,27735.7400
1627022702872000,0,0.00179373,27735.4100
1627022705702000,0,0.07424627,27735.7400
1627022713550000,0,0.00500000,27735.5700
1627022713550000,0,0.02273531,27735.5800
1627022714804000,0,0.00344143,27735.7400
1627022729736000,0,0.00381164,27725.3600
1627022731060000,1,0.16978002,27711.9600
1627022731060000,1,0.04681649,27707.9900
1627022738247000,0,0.00178100,27724.7700
1627022738292000,0,0.00178100,27723.7000
1627022740982000,0,0.00268438,27722.9600
1627022743275000,0,0.10619522,27720.1200
1627022756305000,0,0.00118833,27718.4700
1627022765285000,0,0.00729387,27718.4700
1627022770341000,0,0.14713214,27718.4700
1627022770341000,0,0.18088072,27723.0400
1627022770834000,0,0.18088072,27721.7500
1627022789393000,0,0.00730000,27724.4500
1627022804490000,0,0.15000000,27714.7800
1627022804490000,0,0.14800000,27715.2900
1627022804490000,0,0.07719509,27715.7500
1627022819334000,0,0.02246184,27714.3600
1627022827827000,0,0.02829474,27716.4700
1627022831837000,0,0.15000000,27714.8100
1627022831837000,0,0.04704120,27717.8900
1627022836338000,0,0.00258010,27715.0900
1627022838473000,1,0.00182478,27700.1100
1627022839339000,0,0.01259659,27715.1000
1627022839527000,1,0.00393987,27699.6500
1627022850843000,0,0.03564548,27692.5300
1627022851085000,0,0.01322500,27692.5200
1627022851898000,1,0.05000000,27681.4400
1627022852153000,1,0.05000000,27681.4400
1627022853836000,1,0.00085167,27681.4400
1627022854363000,1,0.00728087,27681.4400
1627022860980000,0,0.05502219,27700.5800
1627022870086000,0,0.00144000,27703.4000
1627022876293000,0,0.00144000,27702.3600
1627022876411000,1,0.01379393,27687.8500
1627022877392000,0,0.00106077,27703.2600
1627022878398000,0,0.00530564,27700.7100
1627022880298000,0,0.00731629,27702.2400
1627022886818000,1,0.01776488,27687.6600
1627022891047000,0,0.01083515,27702.7100
1627022891254000,0,0.71530000,27702.7100
1627022897396000,0,0.08920456,27703.4000
1627022899151000,0,0.00180000,27703.4000
1627022911208000,0,0.03537488,27713.3300
1627022915913000,0,0.00540028,27713.3600
1627022919587000,0,0.00144000,27713.3600
1627022924403000,0,0.07006413,27713.3600
1627022925826000,0,0.00144000,27722.5000
1627022937533000,1,0.15000000,27705.6500
1627022949938000,0,0.00699000,27711.2300
1627022950568000,0,0.00144000,27712.1000
1627022951885000,1,0.00139600,27700.0000
1627022967946000,0,0.04064409,27712.2400
1627022968454000,0,0.44289798,27712.8400
1627022975965000,0,0.03601218,27712.8400
1627022981704000,1,0.08000000,27700.0000
1627022981915000,1,0.00796312,27700.0000
1627022996477000,1,0.01287723,27695.6100
1627023000236000,0,0.05920996,27707.4400
1627023002649000,0,0.00106931,27707.4300
1627023034298000,1,0.10517691,27688.4300
1627023046056000,0,0.05744000,27702.5500
1627023052723000,0,0.00884276,27702.1300
1627023057748000,0,0.03521111,27702.4700
1627023065267000,1,0.05504533,27684.4000
1627023065267000,1,0.03695467,27682.4500
1627023065362000,0,0.00089782,27700.2400
1627023067187000,0,0.01119149,27692.7300
1627023071097000,0,0.01865448,27694.3100
1627023074076000,0,0.00360097,27694.3100
1627023100099000,0,0.03983903,27697.9100
1627023102095000,0,0.00279149,27697.6000
1627023104825000,0,0.02560000,27695.9300
1627023114824000,1,0.01444842,27684.5800
1627023117604000,0,0.00679034,27688.4300
1627023120254000,0,0.04944253,27688.4300
1627023121113000,0,0.00242000,27688.4300
1627023124636000,0,0.02577845,27690.3500
1627023125613000,0,0.00190736,27691.9800
1627023129859000,0,0.04663608,27697.9500
1627023138110000,1,0.01139996,27697.6200
1627023138467000,1,0.02633167,27697.6200
1627023138757000,1,0.00137499,27697.6200
1627023138854000,1,0.02000000,27697.6200
1627023139678000,0,0.02831864,27705.1700
1627023140525000,1,0.17000000,27702.2100
1627023140560000,1,0.00143075,27702.2100
1627023142196000,1,0.20000000,27703.2700
1627023142229000,1,0.00638569,27703.2700
1627023143658000,1,0.15000000,27702.4600
1627023143661000,1,0.00863077,27702.4600
1627023144593000,0,0.00710000,27706.6300
1627023147942000,0,0.00744990,27706.6300
1627023152640000,1,0.03000000,27689.1900
1627023152858000,1,0.06000000,27689.1900
1627023153196000,1,0.37000000,27689.1900
1627023153517000,1,0.12000000,27689.1900
1627023154517000,1,0.07000000,27689.1900
1627023163063000,0,0.01444607,27701.0100
1627023166489000,1,0.00196515,27691.4600
1627023172602000,0,0.00144000,27693.5500
1627023172823000,0,0.15000000,27693.3800
1627023194933000,0,0.00144000,27696.0200
1627023196465000,0,0.00073000,27696.0200
1627023196758000,0,0.03000000,27696.0200
1627023207205000,0,0.00144000,27692.2100
1627023208767000,0,0.00144000,27694.9800
1627023222841000,0,0.00427960,27691.7100
1627023227180000,1,0.11943167,27682.6800
1627023228988000,1,0.03000000,27682.6800
1627023230310000,1,0.00056833,27682.6800
1627023231099000,0,0.00043167,27682.6800
1627023231099000,0,0.01114433,27687.5400
1627023234282000,0,0.00270500,27686.4300
1627023236397000,0,0.00884912,27688.0600
1627023237833000,0,0.01706981,27688.0500
1627023242755000,0,0.01962001,27688.0900
1627023255275000,1,0.15000000,27680.4500
1627023255275000,1,0.15353932,27675.2800
1627023255275000,1,0.03611177,27674.9300
1627023255595000,1,0.03610995,27673.7300
1627023262045000,0,0.00205000,27672.4300
1627023266860000,0,0.00144000,27679.2600
1627023268469000,0,0.00144000,27679.2900
1627023282135000,0,0.00073000,27689.8800
1627023283830000,0,0.00144000,27690.1200
1627023286246000,0,0.00144000,27691.9600
1627023291637000,0,0.00073000,27694.1900
1627023299105000,1,0.01000000,27685.4200
1627023299135000,1,0.02437167,27685.4200
1627023299377000,1,0.01000000,27685.4200
1627023299409000,1,0.01000000,27685.4200
1627023299435000,1,0.00869167,27685.4200
1627023299668000,1,0.01000000,27685.4200
1627023299701000,1,0.01000000,27685.4200
1627023299740000,1,0.00074779,27685.4200
1627023299871000,1,0.01000000,27685.4200
1627023299891000,1,0.01000000,27685.4200
1627023299923000,1,0.00388575,27685.4200
1627023300073000,1,0.01000000,27685.4200
1627023300107000,1,0.01000000,27685.4200
1627023302151000,1,0.02045167,27685.5000
1627023302356000,1,0.01000000,27685.5000
1627023302440000,1,0.01000000,27685.5000
1627023302913000,1,0.01065167,27685.5000
1627023303245000,1,0.00092713,27685.5000
1627023323041000,1,0.00451707,27693.4100
1627023323232000,1,0.00009219,27693.4100
1627023326014000,0,0.00144000,27696.9700
1627023331192000,0,0.00162132,27699.5900
1627023346594000,0,0.00627000,27699.4500
1627023349368000,0,0.00344393,27699.4500
1627023350042000,1,0.08611167,27687.6300
1627023350767000,0,0.00356714,27699.4500
1627023350814000,0,0.00356714,27699.4500
1627023356518000,0,0.00530914,27694.0300
1627023364461000,1,0.03550500,27685.9700
1627023368543000,0,0.00543934,27694.5100
1627023368643000,0,0.05294903,27694.5100
