timestamp ms,type,amount,price
1621987223581000,0,0.00353466,31389.20
1621987224237000,0,0.00111000,31394.89
1621987224583000,0,0.00575770,31394.89
1621987234134000,0,0.00109811,31389.07
1621987241460000,0,0.00624176,31359.13
1621987251910000,0,0.00736941,31353.09
1621987265344000,0,0.01000000,31346.07
1621987265390000,0,0.09349200,31346.07
1621987265427000,0,0.01000000,31346.07
1621987273812000,0,0.09000000,31363.15
1621987276111000,0,0.01454860,31385.24
1621987276782000,1,0.26032176,31360.87
1621987276782000,1,0.32540220,31360.21
1621987317678000,1,0.03445312,31250.78
1621987317678000,1,0.19585683,31248.85
1621987317678000,1,0.00093534,31248.85
1621987320220000,0,0.01721277,31281.65
1621987322700000,0,0.12112518,31291.45
1621987324385000,0,0.00102000,31295.66
1621987326534000,0,0.48420623,31295.66
1621987332981000,0,0.00354652,31348.37
1621987333699000,0,0.00102671,31358.15
1621987360246000,1,0.00164700,31332.45
1621987393138000,0,0.00281955,31345.07
1621987394830000,1,0.03028323,31364.68
1621987405181000,1,0.01000000,31325.95
1621987412485000,1,0.03000000,31320.74
1621987412967000,0,0.06056646,31341.34
1621987421176000,1,0.03028323,31380.12
1621987431524000,0,0.06561359,31416.95
1621987431828000,0,0.09891729,31426.25
1621987432521000,0,0.00639926,31419.52
1621987432748000,0,0.00971137,31418.07
1621987432856000,1,0.07594143,31414.06
1621987434514000,0,0.01000000,31426.29
1621987438579000,0,0.00908328,31426.29
1621987440226000,1,0.08089497,31428.31
1621987441673000,0,0.01996131,31470.60
1621987442434000,0,0.00000001,31470.60
1621987442434000,0,1.29614833,31482.77
1621987442518000,0,1.70385167,31482.77
1621987443633000,1,0.03028323,31520.54
1621987446122000,0,0.01287170,31520.55
1621987446712000,1,0.00095625,31501.33
1621987446712000,1,0.18875546,31500.09
1621987446805000,1,0.35032292,31500.08
1621987447028000,1,0.17618218,31505.01
1621987447052000,1,0.01802360,31505.01
1621987447052000,1,0.05572200,31502.90
1621987447055000,1,0.09832745,31502.90
1621987447127000,1,0.13974477,31502.90
1621987467462000,0,0.56000000,31520.55
1621987467528000,0,0.00314886,31520.55
1621987468625000,0,0.00101008,31520.55
1621987469672000,0,0.00123000,31520.54
1621987471472000,0,0.21510355,31520.55
1621987472357000,0,0.13672033,31520.55
1621987472426000,0,0.16995389,31520.55
1621987472484000,0,1.90119159,31520.55
1621987487828000,0,0.00318000,31537.16
1621987494614000,1,0.00637722,31524.50
1621987495383000,1,0.00637722,31513.40
1621987495393000,0,0.00091000,31546.35
1621987498186000,1,0.00184590,31521.60
1621987505337000,0,0.00113000,31508.43
1621987514474000,1,0.07000000,31450.95
1621987535806000,0,0.18639546,31452.46
1621987557849000,0,0.00646900,31451.41
1621987577396000,0,0.15000000,31386.56
1621987577396000,0,0.11369733,31386.57
1621987577396000,0,0.16836886,31388.98
1621987587284000,1,0.06000000,31372.77
1621987592249000,1,0.00128287,31376.85
1621987600966000,0,0.00153575,31409.64
1621987603194000,1,0.00230300,31384.82
1621987603782000,1,0.00132500,31384.82
1621987603958000,1,0.19138215,31384.82
1621987603958000,1,0.06862685,31383.01
1621987610447000,1,0.21238000,31374.59
1621987611391000,1,0.65000000,31374.59
1621987611608000,1,0.09000000,31374.59
1621987611831000,1,0.01662000,31374.59
1621987622229000,1,0.01215824,31354.62
1621987628787000,0,0.00166087,31371.46
1621987641553000,0,0.00459000,31365.85
1621987644337000,1,0.07000000,31337.38
1621987644592000,1,0.00454000,31337.38
1621987644675000,1,0.00000872,31337.38
1621987688020000,0,0.32632738,31292.38
1621987688043000,0,0.16167262,31292.38
1621987693387000,0,0.00272000,31314.73
1621987695927000,0,0.00232124,31298.41
1621987705271000,0,0.00650518,31273.56
1621987710021000,1,0.00986570,31244.84
1621987715443000,1,0.09157604,31244.84
1621987715494000,1,0.02936295,31244.84
1621987721463000,0,0.00432800,31238.25
1621987735374000,0,0.00533000,31250.68
1621987736777000,0,0.03132954,31250.45
1621987747778000,0,0.00276000,31233.66
1621987771081000,0,0.06000000,31274.54
1621987771797000,0,0.00814000,31274.54
1621987772584000,0,0.09649000,31282.87
1621987775521000,0,0.00000285,31282.87
1621987797637000,0,0.00088657,31300.56
1621987800276000,1,0.00744990,31276.25
1621987804990000,0,0.00101372,31286.60
1621987834703000,0,0.00184000,31237.98
1621987856656000,0,0.00312263,31238.82
1621987863933000,1,0.03213560,31208.72
1621987868542000,0,0.03213560,31246.89
1621987873986000,0,0.00093000,31270.65
1621987892646000,0,0.00567371,31238.60
1621987902844000,0,0.00641075,31200.94
1621987934253000,0,0.00122416,31183.47
1621987934500000,0,0.00523000,31183.47
1621987943085000,0,0.03282600,31187.87
1621987944490000,0,0.07173125,31196.37
1621987958416000,0,0.00275574,31182.07
1621987989008000,0,0.06000000,31186.37
1621987989010000,0,0.00418569,31186.37
1621988033881000,0,0.10000000,31239.45
1621988039660000,0,0.00144240,31252.22
1621988042947000,0,0.00155000,31249.54
1621988050908000,1,0.02162548,31193.48
1621988051905000,0,0.00128100,31205.77
1621988051911000,1,0.07000000,31193.90
1621988054594000,1,0.07253000,31198.69
1621988054601000,1,0.00000128,31198.69
1621988056206000,1,0.08000000,31201.85
1621988056227000,1,0.00803673,31201.85
1621988082231000,0,0.00448000,31236.29
1621988093697000,0,0.00130304,31204.66
1621988102012000,0,0.00319000,31209.50
1621988104101000,0,0.00316000,31233.48
1621988116497000,0,0.01228000,31253.02
1621988124509000,0,0.07542000,31304.14
1621988131527000,1,0.48000000,31275.27
1621988157345000,0,0.00276000,31303.84
1621988157355000,0,0.00320000,31303.84
1621988160280000,1,0.06343580,31296.81
1621988160280000,1,0.07388972,31294.33
1621988163065000,0,0.00101000,31313.78
1621988167108000,0,0.00279789,31349.25
1621988172948000,1,0.11497233,31313.76
1621988173118000,1,0.14722725,31310.04
1621988173148000,1,0.14334064,31310.03
1621988184466000,1,0.11324769,31323.09
1621988184466000,1,0.07928015,31315.23
1621988184466000,1,0.07551625,31314.02
1621988184776000,0,0.49629180,31326.70
1621988184832000,0,0.41470820,31326.70
1621988198875000,1,0.01250000,31293.07
1621988214441000,1,0.00250000,31308.19
1621988217718000,0,0.00181224,31311.57
1621988244480000,0,0.08000000,31315.82
1621988244499000,0,0.00332563,31315.82
1621988255527000,0,0.00127052,31305.80
1621988291749000,0,0.00319000,31306.43
1621988319342000,0,0.26093316,31297.53
1621988320198000,0,0.02438595,31325.89
1621988342337000,1,0.07162841,31350.68
1621988342337000,1,0.06837159,31341.49
1621988343956000,1,0.00878000,31341.49
1621988346132000,1,0.00000532,31341.49
1621988354518000,0,0.00245000,31322.98
1621988373985000,1,0.09000000,31269.83
1621988374867000,1,0.00318000,31269.83
1621988383640000,0,0.08579151,31267.16
1621988383641000,0,0.07796039,31267.16
1621988383649000,0,0.07739750,31267.16
1621988385769000,0,0.00315027,31256.11
1621988388498000,0,0.06690000,31256.89
1621988388664000,0,0.00000350,31256.89
1621988395841000,0,0.10702160,31262.46
1621988408340000,1,0.03000000,31217.02
1621988419492000,1,0.08161000,31191.25
1621988423377000,1,0.07658000,31182.48
1621988429727000,1,0.03940000,31186.25
1621988429739000,1,0.00000900,31186.25
1621988429764000,1,0.03883183,31182.56
1621988430975000,1,0.08347392,31166.12
1621988431071000,0,0.06252583,31172.88
1621988431518000,0,0.00641702,31167.09
1621988432338000,1,1.32362433,31144.78
1621988432681000,1,1.74000000,31144.78
1621988432828000,1,0.00657000,31144.78
1621988434004000,1,0.08588432,31157.65
1621988434117000,0,0.11074089,31157.49
1621988434117000,0,0.00305294,31159.01
1621988434119000,0,0.08325683,31159.01
1621988434958000,0,0.08458173,31152.69
1621988435130000,0,0.07667604,31152.69
1621988435272000,0,0.07324068,31152.69
1621988435409000,0,0.08981850,31152.69
1621988444873000,1,0.02685000,31158.00
1621988459704000,0,0.00177000,31160.71
1621988480996000,1,0.00000567,31144.78
1621988489882000,0,0.07061398,31138.14
1621988493426000,0,0.00642576,31124.68
1621988494012000,1,0.03349532,31108.18
1621988494431000,0,0.00642576,31133.36
1621988498509000,1,0.15184000,31107.46
1621988498606000,1,0.30000000,31107.46
1621988498680000,1,0.51757865,31107.46
1621988498707000,1,0.13178938,31107.46
1621988498709000,1,0.08797889,31107.46
1621988498715000,1,0.07241993,31107.46
1621988498736000,1,0.06063282,31107.46
1621988498736000,1,0.13011718,31107.46
1621988498737000,1,0.13363387,31107.46
1621988498738000,1,0.25163803,31107.46
1621988498739000,1,1.23257125,31107.46
1621988501339000,1,0.02000000,31102.13
1621988527877000,0,0.99904323,31122.15
1621988527877000,0,0.22795677,31122.15
1621988528231000,0,0.19590976,31129.05
1621988528369000,0,0.06941088,31132.28
1621988544485000,0,0.02400000,31144.78
1621988544504000,0,0.00027212,31144.78
1621988573750000,1,0.02400000,31084.59
1621988574522000,0,0.07329779,31090.02
1621988574671000,0,0.07542507,31090.02
1621988574883000,0,0.04830681,31090.02
1621988578461000,0,0.01821072,31104.07
1621988580326000,0,0.19000000,31093.96
1621988585518000,0,0.00222000,31097.74
1621988595782000,1,0.00132200,31070.18
1621988596699000,0,0.04247770,31089.21
1621988598074000,0,0.07575000,31093.51
1621988598372000,0,0.00000863,31093.51
1621988604481000,0,0.07000000,31112.17
1621988604525000,0,0.00776545,31112.17
1621988630869000,0,0.00305054,31111.36
1621988640269000,1,0.03888343,31078.35
1621988648328000,0,0.00876000,31092.41
1621988663924000,0,0.16649000,31079.96
1621988663938000,0,0.03056772,31079.96
1621988677023000,0,0.00235365,31109.23
1621988681927000,1,0.07000000,31087.67
1621988682804000,0,0.00782000,31100.89
1621988688551000,0,0.00263000,31105.88
1621988694625000,0,0.06127000,31114.28
1621988697649000,0,0.06023936,31115.07
1621988697649000,0,0.02704064,31121.84
1621988705154000,0,0.06102600,31141.94
1621988705154000,0,0.02303400,31151.87
1621988705396000,0,0.07676132,31140.67
1621988718983000,1,0.19656181,31130.64
1621988776991000,1,0.00454779,31103.82
1621988779373000,1,0.16373902,31105.20
1621988810599000,1,0.21000000,31070.17
1621988811017000,1,0.15000000,31070.17
1621988811098000,1,0.30000000,31070.17
1621988811597000,1,2.41000000,31070.17
1621988814887000,1,0.00020000,31070.17
1621988826634000,0,0.00417508,31094.83
1621988827628000,0,0.01729613,31099.01
1621988837172000,0,0.02014787,31087.02
1621988849581000,0,0.00209815,31065.65
1621988857469000,0,0.14037877,31061.37
1621988857567000,0,0.17547370,31061.30
1621988857760000,0,0.02376000,31061.37
1621988862927000,1,1.62000000,31032.93
1621988863030000,1,0.26597418,31032.93
1621988863282000,1,1.18000000,31032.93
1621988864127000,0,0.17612177,31043.57
1621988864887000,1,0.00422581,31032.93
1621988864894000,1,0.00000001,31032.93
1621988865289000,1,0.01000000,31024.80
1621988865289000,1,0.42100000,31012.56
1621988870852000,0,0.00861091,31017.47
1621988871427000,0,0.00309000,31017.08
1621988872114000,0,0.32265000,31017.47
1621988874056000,0,0.00263000,31029.02
1621988886497000,0,0.17521187,31049.77
1621988886528000,0,0.14709430,31049.77
1621988890579000,0,0.11752937,31045.89
1621988890610000,0,0.20476848,31045.89
1621988895077000,0,0.00256990,31047.54
1621988895305000,0,0.04004745,31047.73
1621988895305000,0,0.28217255,31047.74
1621988897938000,1,0.19723771,31017.94
1621988909356000,1,0.00669806,31000.00
1621988909356000,1,0.00226580,31000.00
1621988909356000,1,0.09103614,31000.00
1621988909409000,1,0.00896386,31000.00
1621988909409000,1,0.36103614,30998.07
1621988909671000,1,3.07020000,30995.74
1621988909671000,1,0.52632232,30972.95
1621988918497000,1,0.01000000,30967.88
1621988919910000,1,0.15000000,30958.59
1621988923733000,0,0.17989633,30984.42
1621988926507000,0,0.09682000,30985.84
1621988934859000,0,0.00618260,31013.42
1621988968979000,0,0.00927000,31044.40
1621988978179000,0,0.00080538,31026.72
1621988983736000,1,0.99807514,30958.59
1621988983813000,1,0.01326298,30958.59
1621988983845000,1,0.00093750,30958.59
1621988983853000,1,0.37778464,30958.59
1621988984036000,1,1.02360000,30958.59
1621988984407000,1,0.48000000,30958.59
1621988984427000,1,0.02653974,30958.59
1621988984517000,1,0.10059096,30929.38
1621988984517000,1,0.00130974,30926.96
1621988986564000,0,0.19796000,30929.77
1621988986942000,1,0.03342379,30922.05
1621988989397000,0,0.00000713,30929.77
1621989002915000,1,0.02784079,30976.30
1621989002954000,1,0.00056818,30976.30
1621989016530000,1,0.03000000,31008.46
1621989017612000,1,0.48800000,30989.41
1621989035281000,1,0.12000000,30998.96
1621989049394000,0,0.32235999,30977.82
1621989053140000,1,0.37627000,30921.48
1621989053231000,1,0.25000000,30921.48
1621989053390000,0,0.00343000,30930.90
1621989053392000,1,0.05000000,30921.48
1621989054918000,1,0.71000000,30921.48
1621989055254000,1,1.56004595,30921.48
1621989055760000,1,0.12388405,30921.48
1621989081079000,0,0.25574094,30919.42
1621989107224000,0,0.19816000,30896.68
1621989107428000,1,0.01601919,30885.34
1621989107622000,0,0.00000152,30896.68
1621989110064000,0,0.02159000,30923.35
1621989110169000,0,0.00000370,30923.35
1621989120263000,0,0.00181861,30939.02
1621989129018000,0,0.23025000,30965.59
1621989153157000,1,0.00099000,30968.26
1621989154830000,0,0.02464963,30978.36
1621989156015000,1,0.00194100,30956.85
1621989156178000,1,0.00093000,30956.85
1621989157968000,1,0.00895000,30972.80
1621989159094000,1,0.20572500,30970.98
1621989179632000,0,0.12503331,30988.85
1621989200540000,0,0.02491253,31021.54
1621989204540000,0,0.00272000,31013.57
1621989222846000,0,0.25000000,31021.28
1621989222958000,0,0.12579691,31021.28
1621989224059000,0,0.20000000,31030.65
1621989240234000,1,0.00089221,30992.61
1621989258487000,0,0.05000000,31049.00
1621989258600000,0,0.01007587,31049.00
1621989262455000,0,0.00486370,31056.17
1621989266058000,1,0.06179000,31026.60
1621989269082000,1,0.00000355,31026.60
1621989273072000,1,0.07498000,31016.27
1621989298353000,0,0.00094000,31012.31
1621989301152000,0,0.07000000,31011.28
1621989301202000,0,0.00010170,31011.28
1621989319323000,0,0.19714000,31067.81
1621989319500000,0,0.00000637,31067.81
1621989320042000,1,0.10937190,31057.38
1621989320069000,1,0.10908840,31057.38
1621989328117000,0,0.01773000,31058.39
1621989339606000,0,0.19000000,31070.47
1621989339607000,0,0.00712002,31070.47
1621989344892000,1,0.37387097,31067.11
1621989347743000,1,0.00529000,31060.89
1621989351426000,0,0.19695000,31096.82
1621989354015000,0,0.00230785,31097.31
1621989355928000,0,0.00487213,31105.16
1621989364733000,1,0.06713000,31058.03
1621989389972000,0,0.06286000,31086.96
1621989390009000,0,0.00000642,31086.96
1621989398566000,1,0.07322883,31059.58
1621989398605000,1,0.00149447,31059.58
1621989419327000,1,0.01110600,31072.56
1621989446996000,0,0.00120017,31087.62
1621989453619000,0,0.07673154,31068.12
1621989459695000,1,0.01269800,31061.51
1621989467923000,0,0.20000000,31090.55
1621989468008000,0,0.29132000,31090.55
1621989468084000,0,0.60000000,31090.55
1621989468166000,0,0.48568000,31090.55
1621989469605000,0,0.00608103,31088.48
1621989470586000,0,0.05000000,31088.48
1621989480259000,1,0.01897487,31099.31
1621989493852000,0,0.00361412,31106.91
1621989503309000,0,0.19000000,31101.13
1621989503320000,0,0.00690059,31101.13
1621989555184000,1,0.12055000,31092.18
1621989559751000,1,0.08322000,31079.10
1621989561329000,1,0.00000551,31079.10
1621989561997000,0,0.01280873,31072.55
1621989570954000,1,0.00634000,31070.41
1621989582831000,0,0.19000000,31101.43
1621989582875000,0,0.00693002,31101.43
1621989588685000,0,0.19688668,31107.74
1621989600501000,0,0.08980648,31126.54
1621989600501000,0,0.48800000,31132.97
1621989600501000,0,0.91700000,31134.12
1621989600501000,0,0.48800000,31134.25
1621989600501000,0,0.01719352,31134.63
1621989604226000,0,0.01348087,31135.50
1621989629402000,1,0.06030000,31094.13
1621989629643000,1,0.00000720,31094.13
1621989630279000,0,0.07425746,31095.99
1621989630804000,1,0.07824000,31088.77
1621989630986000,1,0.00000600,31088.77
1621989632642000,1,0.09000000,31078.89
1621989633138000,1,0.06263000,31083.25
1621989633288000,1,0.00000783,31083.25
1621989635081000,0,0.00949000,31083.60
1621989635763000,1,0.06145000,31082.12
1621989648520000,0,0.14645325,31086.91
1621989648522000,0,0.11625334,31086.91
1621989664878000,0,0.06900000,31101.47
1621989669421000,1,0.06347000,31100.80
1621989672064000,1,0.00267500,31089.81
1621989692010000,0,0.03048401,31071.63
1621989692015000,1,0.03715378,31073.82
1621989695291000,0,0.00080040,31071.82
1621989713858000,1,1.50582000,31047.42
1621989713942000,1,0.25000000,31047.42
1621989713971000,1,0.04218000,31047.42
1621989720231000,0,0.00755328,31073.08
1621989720303000,0,0.18954456,31073.08
1621989744292000,0,0.56046000,31079.84
1621989744397000,0,0.35854000,31079.84
1621989746772000,0,0.06000000,31092.80
1621989747097000,0,0.06913467,31092.21
1621989747097000,0,0.00086533,31092.80
1621989750441000,0,0.08577000,31076.85
1621989750636000,0,0.08278000,31075.37
1621989752102000,0,0.08000000,31087.57
1621989759660000,1,0.21470595,31067.83
1621989759687000,1,0.10225368,31067.83
1621989759837000,1,0.25104000,31067.83
1621989769268000,0,0.00284412,31085.87
1621989778232000,0,0.00094816,31092.65
1621989786228000,1,0.40000000,31070.72
1621989786410000,1,0.30000000,31070.72
1621989786517000,1,0.27605000,31070.72
1621989786555000,1,0.22508042,31070.72
1621989786568000,1,0.16143817,31070.72
1621989787346000,0,0.01243124,31073.93
1621989800899000,0,0.00116537,31093.68
1621989809766000,0,0.00238127,31082.49
1621989840077000,0,0.08983418,31068.52
1621989840101000,0,0.06207247,31068.52
1621989847912000,1,0.48000000,31039.02
1621989854010000,0,0.00324000,31044.13
1621989857182000,0,0.00315000,31058.46
1621989866927000,0,0.12765145,31064.74
1621989866928000,0,0.06950876,31064.74
1621989866928000,0,0.25760025,31065.03
1621989879830000,1,0.00326500,31046.37
1621989891822000,0,0.02373129,31049.80
1621989901665000,0,0.07569191,31045.68
1621989901731000,0,0.12160795,31045.68
1621989909835000,0,0.11964729,31064.18
1621989909868000,0,0.51626302,31064.18
1621989909899000,0,0.02100000,31064.18
1621989909976000,0,1.18308969,31064.18
1621989910126000,0,0.09591100,31074.14
1621989919633000,0,0.07607000,31102.83
1621989919727000,1,0.06123871,31088.54
1621989924699000,0,0.08413000,31089.05
1621989954891000,0,0.08000000,31099.56
1621989955524000,0,0.00086958,31099.56
1621989956773000,0,0.00391000,31110.79
1621989960251000,0,0.00609837,31102.74
1621989977987000,0,0.00373000,31135.19
1621990013370000,1,0.00129303,31107.14
1621990024031000,1,0.00113000,31113.89
1621990035059000,1,0.00252400,31118.83
1621990037561000,1,0.01545700,31113.40
1621990038809000,1,0.00132700,31112.31
1621990038998000,1,0.00197700,31112.93
1621990049615000,0,0.16489508,31129.14
1621990049674000,0,0.03187659,31129.14
1621990049674000,0,0.05652746,31133.04
1621990049678000,0,0.16648545,31133.04
1621990049685000,0,0.09836492,31133.04
1621990056047000,0,0.00924000,31136.77
1621990073195000,0,0.00361827,31122.61
1621990080230000,1,0.03069280,31068.87
1621990085000000,1,0.07848000,31080.53
1621990087725000,0,0.01186640,31085.97
1621990121328000,1,0.02000000,31110.10
1621990123075000,1,0.02628204,31116.88
1621990141061000,1,0.07916206,31134.56
1621990143854000,1,0.00459171,31121.17
1621990192899000,0,0.00304687,31159.70
1621990203813000,0,0.08000000,31180.50
1621990205467000,0,0.06000000,31185.40
1621990205782000,1,0.35089461,31171.05
1621990205851000,1,0.13710539,31171.05
1621990227125000,1,0.08190210,31175.88
1621990227144000,1,0.07649915,31175.88
1621990227147000,1,0.07819287,31175.88
1621990240206000,0,0.00101782,31147.02
1621990240313000,0,0.03106744,31147.02
1621990250344000,0,0.06521000,31185.20
1621990252933000,0,0.00221905,31209.72
1621990254067000,1,0.01758803,31188.62
1621990256015000,0,0.06000000,31193.02
1621990256094000,0,0.00366525,31193.02
1621990271761000,1,0.04916601,31179.74
1621990272524000,1,0.02243000,31179.74
1621990272797000,1,0.00000097,31179.74
1621990273541000,1,0.08063000,31166.71
1621990273799000,1,0.00000926,31166.71
1621990329735000,0,0.08007000,31173.31
1621990330426000,0,0.00856000,31179.02
1621990331680000,0,0.26186897,31186.58
1621990335009000,0,0.00106133,31176.00
1621990339031000,1,0.08468000,31156.80
1621990339382000,1,0.00000390,31156.80
1621990342845000,0,0.00639904,31163.28
1621990365677000,1,0.08000000,31153.29
1621990368624000,1,0.00227000,31152.64
1621990390121000,1,0.10000000,31140.43
1621990390215000,1,0.10792000,31140.43
1621990390404000,1,0.00000359,31140.43
1621990393036000,0,0.01287224,31146.26
1621990401472000,0,0.06557649,31173.03
1621990412925000,0,0.03034671,31149.01
1621990417522000,1,0.00700000,31136.08
1621990423260000,0,0.04000000,31134.60
1621990425009000,0,0.11000000,31134.60
1621990439040000,0,0.07000000,31154.62
1621990443347000,0,0.00410782,31160.77
1621990453212000,0,0.00103363,31165.79
1621990466765000,0,0.00265360,31151.27
1621990474259000,1,0.07000000,31124.62
1621990478049000,0,0.00236506,31144.33
1621990494027000,0,0.08614381,31157.27
1621990494027000,0,0.03385619,31157.57
1621990495034000,0,0.02649000,31157.57
1621990495086000,0,0.00000651,31157.57
1621990549829000,0,0.22862217,31121.62
1621990559674000,0,0.00093000,31134.35
1621990559796000,0,0.00149986,31134.35
1621990560253000,1,0.00122407,31121.30
1621990561565000,0,0.04879175,31128.58
1621990582608000,0,0.01516980,31155.98
1621990583694000,0,0.00129702,31155.33
1621990584566000,0,0.35437000,31160.51
1621990584679000,0,0.55000000,31160.51
1621990585189000,0,0.25000000,31160.51
1621990585283000,0,0.58063000,31160.51
1621990587031000,0,0.00000651,31160.51
1621990587031000,0,0.00258349,31163.73
1621990617490000,0,0.00129342,31151.35
1621990617786000,0,0.00094387,31151.35
1621990672911000,0,0.00093000,31142.49
1621990715332000,1,0.06781984,31148.16
1621990743914000,0,0.01000000,31152.22
1621990743945000,0,0.01076040,31152.22
1621990780271000,0,0.05000000,31146.52
1621990797415000,0,0.00924000,31148.14
1621990799355000,0,0.00095000,31150.77
1621990800406000,0,0.01540500,31152.32
1621990803462000,0,0.04000000,31152.32
1621990803462000,0,0.00942011,31152.32
1621990818441000,0,0.26268180,31176.26
1621990818649000,0,0.12421869,31176.26
1621990829717000,0,0.00735000,31189.39
1621990880878000,0,0.19639075,31195.07
1621990890336000,0,0.02803681,31175.74
1621990955730000,0,0.00900000,31189.16
1621990958911000,0,0.03383000,31196.08
1621990972683000,1,0.16583998,31160.14
1621990973228000,0,0.03168517,31175.03
1621991038108000,0,0.07233703,31143.11
1621991038112000,0,0.09099770,31143.11
1621991047643000,0,0.00157935,31157.40
1621991066173000,0,0.00231000,31180.22
1621991123305000,0,0.00102000,31203.99
1621991125547000,0,0.00114702,31210.07
1621991134833000,0,0.00466000,31190.44
1621991156941000,0,0.01485047,31179.33
1621991160351000,0,0.03224686,31179.14
1621991190219000,0,0.03074000,31210.25
1621991220894000,0,0.02597268,31174.55
1621991223633000,0,0.00108000,31182.30
1621991228462000,0,0.11000000,31201.89
1621991230936000,0,0.00103156,31204.51
1621991239027000,0,0.07000000,31223.87
1621991239092000,0,0.00628312,31223.87
1621991279243000,0,0.00677000,31215.28
1621991280274000,1,0.00914948,31202.68
1621991294852000,0,0.00303000,31214.53
1621991319533000,0,0.08927998,31231.65
1621991319534000,0,0.08424787,31231.65
1621991319548000,0,0.02263250,31231.65
1621991319548000,0,0.06865646,31231.76
1621991319665000,0,0.13711979,31234.20
1621991319680000,0,0.12441945,31234.20
1621991323861000,0,0.00124000,31250.30
1621991344916000,0,0.04455141,31242.72
1621991368236000,0,0.00153000,31260.51
1621991386597000,1,0.00642423,31260.56
1621991400292000,1,0.01416082,31252.43
1621991438051000,0,0.01468000,31246.08
1621991456645000,0,0.01886719,31271.26
1621991507615000,0,0.00257685,31272.52
1621991520279000,1,0.00252280,31241.49
1621991528085000,1,0.04158178,31238.83
1621991531563000,1,0.03255531,31246.10
1621991544416000,0,0.00292000,31286.93
1621991546099000,1,0.01445979,31271.86
1621991546668000,1,0.00261952,31273.49
1621991548607000,1,0.00439582,31277.88
1621991553094000,0,0.22612505,31294.03
1621991553103000,0,0.08224412,31294.03
1621991553143000,0,0.08328870,31294.03
1621991553143000,0,0.03000000,31294.07
1621991553152000,0,0.12184767,31294.55
1621991553157000,0,0.07714602,31294.55
1621991553195000,0,2.80100631,31294.55
1621991556448000,1,0.48800000,31299.55
1621991561483000,0,0.01261392,31317.59
1621991579068000,0,0.01242881,31309.59
1621991582802000,0,0.09574799,31313.00
1621991592263000,0,0.01854663,31316.35
1621991617520000,0,0.00102974,31282.00
1621991633846000,0,0.08752452,31277.11
1621991636606000,0,0.01569050,31278.44
1621991640276000,1,0.02575054,31254.82
1621991643110000,0,0.06770000,31275.04
1621991644539000,0,0.00093000,31290.10
1621991657499000,1,0.00158800,31285.67
1621991661182000,0,0.00710000,31303.04
1621991682723000,1,0.09552696,31306.59
1621991688772000,1,0.11578640,31298.93
1621991698828000,0,0.00251000,31313.87
1621991704606000,0,1.95200000,31332.10
1621991704705000,0,0.06565604,31332.10
1621991704712000,0,0.13504168,31332.10
1621991704714000,0,0.10435784,31332.10
1621991704738000,0,0.11060541,31332.10
1621991704740000,0,0.06849205,31332.10
1621991704741000,0,0.06502117,31332.10
1621991704753000,0,0.31091437,31332.10
1621991704754000,0,0.09001153,31332.10
1621991704795000,0,0.09789991,31332.10
1621991709922000,0,0.06329000,31352.24
1621991711129000,0,0.07108000,31357.22
1621991712587000,0,0.07923000,31352.51
1621991714339000,0,0.08272000,31353.26
1621991714567000,0,0.00000270,31353.26
1621991718283000,1,0.00656000,31345.34
1621991721671000,0,0.00167000,31366.23
1621991721711000,0,0.09799741,31366.23
1621991741114000,0,0.00154000,31360.62
1621991750092000,1,0.19531676,31346.25
1621991750092000,1,0.26042317,31344.65
1621991750138000,1,0.08429853,31341.09
1621991781956000,0,0.06789000,31310.66
1621991796003000,0,0.08788000,31302.00
1621991797500000,0,0.00157178,31323.68
1621991841215000,0,0.00201000,31368.98
1621991844060000,0,0.50370000,31369.70
1621991844178000,0,0.25000000,31369.70
1621991844181000,0,0.17628202,31369.70
1621991844281000,0,0.25000000,31369.70
1621991844390000,0,0.40000000,31369.70
1621991844509000,0,0.80000000,31369.70
1621991844611000,0,0.62001798,31369.70
1621991880241000,1,0.00171746,31370.87
1621991886877000,1,0.45240843,31365.83
1621991886897000,1,0.02659157,31365.83
1621991886934000,1,0.07052398,31364.69
1621991908802000,0,0.00350750,31374.61
1621991945736000,0,0.01173205,31407.34
1621991968780000,0,0.00101521,31392.10
1621991980139000,0,0.02231051,31382.67
1621992000216000,1,0.00333396,31372.99
1621992001556000,0,0.00881995,31386.33
1621992010533000,0,0.06846000,31361.08
1621992048922000,0,0.00153000,31344.40
1621992051057000,0,0.00092000,31350.83
1621992073555000,1,0.07189889,31332.90
1621992073556000,1,0.31370530,31332.90
1621992073556000,1,0.17164527,31332.89
1621992077983000,0,0.08158486,31337.81
1621992077997000,0,0.07329166,31337.81
1621992085472000,0,0.00278396,31350.51
1621992089858000,0,0.02014000,31351.42
1621992101681000,0,0.04096255,31339.54
1621992111055000,0,0.00628310,31345.21
1621992122713000,0,0.00130413,31354.70
1621992123744000,0,0.19406984,31354.70
1621992124375000,0,0.00242000,31376.19
1621992135890000,1,0.09103268,31358.21
1621992136151000,0,0.00840626,31365.06
1621992141609000,0,0.01581767,31365.36
1621992166508000,1,0.09138115,31338.52
1621992166509000,1,0.07125416,31338.52
1621992166515000,1,0.07107349,31338.52
1621992166519000,1,0.09177781,31338.52
1621992171153000,1,0.07143598,31337.99
1621992171172000,1,0.17859474,31337.99
1621992173732000,0,0.00093000,31344.57
1621992186109000,0,0.00090474,31371.20
1621992213511000,0,0.06701856,31384.33
1621992222677000,0,0.00153000,31385.48
1621992224612000,0,0.00128942,31382.96
1621992228762000,0,0.01529000,31371.02
1621992236583000,0,0.00623758,31383.68
1621992238297000,0,0.00092463,31378.32
1621992240265000,1,0.08994664,31371.53
1621992240265000,1,0.06082546,31365.47
1621992240265000,1,0.01531039,31364.98
1621992271389000,0,0.00795600,31364.44
1621992293772000,1,0.11109220,31357.81
1621992293779000,1,0.14923779,31357.81
1621992315809000,0,0.00201000,31357.98
1621992348316000,0,0.01210583,31380.51
1621992360261000,1,0.03525996,31366.06
1621992365910000,0,0.99938742,31407.34
1621992366255000,0,0.99945824,31407.34
1621992366257000,0,0.98942229,31407.34
1621992369178000,0,0.00130974,31425.90
1621992369178000,0,0.00263167,31440.06
1621992379986000,0,0.00785000,31400.00
1621992394874000,0,0.08208206,31434.15
1621992395000000,1,0.06925748,31427.45
1621992400691000,1,0.48800000,31417.91
1621992415793000,1,0.08078000,31398.68
1621992418765000,1,0.00210297,31401.38
1621992420947000,1,0.01623571,31401.38
1621992430459000,0,0.08422285,31417.07
1621992430496000,0,0.11079269,31417.07
1621992430929000,1,0.00278673,31418.70
1621992431385000,0,0.00595000,31438.06
1621992439183000,0,0.01160000,31432.52
1621992446712000,0,0.40244262,31445.03
1621992447600000,1,0.07132118,31440.44
1621992447757000,1,0.08816268,31440.44
1621992447973000,0,0.30000000,31445.03
1621992448158000,0,0.15000000,31445.03
1621992448233000,0,0.50000000,31445.03
1621992448499000,0,0.55000000,31445.03
1621992448577000,0,0.15000000,31445.03
1621992448846000,1,0.25961000,31442.52
1621992448847000,1,0.00000390,31442.52
1621992448847000,1,0.08651462,31439.42
1621992448881000,1,0.07550340,31439.42
1621992458840000,1,0.25975000,31423.77
1621992460313000,1,0.00000379,31423.77
1621992463007000,1,0.00128230,31413.14
1621992464754000,1,0.32467957,31419.74
1621992464754000,1,0.02632043,31419.56
1621992480223000,1,0.06452093,31415.74
1621992480223000,1,0.09101560,31411.48
1621992485518000,1,0.19486481,31415.95
1621992485562000,1,0.12646670,31410.32
1621992494329000,0,0.00266587,31444.63
1621992497011000,1,0.00373973,31422.39
1621992497884000,0,0.03145227,31435.30
1621992528121000,1,0.15995111,31413.31
1621992539651000,0,0.00385000,31430.18
1621992553245000,0,0.17752461,31445.03
1621992553284000,0,0.33621956,31445.03
1621992553923000,0,0.43381321,31445.03
1621992555142000,0,0.00335277,31456.44
1621992557804000,1,0.15718000,31443.92
1621992558169000,0,0.00239679,31448.99
1621992562883000,0,0.00976000,31443.83
1621992565842000,0,0.00225000,31443.83
1621992566201000,0,0.00092000,31443.83
1621992577175000,1,0.12101726,31442.28
1621992586631000,1,0.25968000,31429.54
1621992586671000,1,0.00000908,31429.54
1621992600224000,0,0.03137132,31429.46
1621992618146000,0,0.00247441,31465.72
1621992618741000,0,0.00915000,31454.94
1621992667517000,1,0.23407881,31472.27
1621992667553000,1,0.02523027,31472.27
1621992670664000,0,0.38417761,31482.77
1621992671049000,0,0.15680937,31482.77
1621992671542000,0,0.13827242,31482.77
1621992671543000,0,0.99943013,31482.77
1621992671553000,0,0.20000000,31482.77
1621992671578000,0,0.00631028,31482.77
1621992671650000,0,0.20000000,31482.77
1621992671655000,0,0.19230837,31482.77
1621992671656000,0,0.36756634,31482.77
1621992671751000,0,0.23491000,31482.77
1621992671789000,0,0.12021548,31482.77
1621992672629000,1,0.00080096,31492.64
1621992674906000,1,0.15000000,31490.66
1621992692692000,1,0.11055538,31492.29
1621992702315000,1,0.57200000,31484.35
1621992702315000,1,0.15403673,31484.04
1621992702409000,1,0.04036805,31484.04
1621992702409000,1,0.18085165,31482.40
1621992710420000,1,0.00803655,31466.51
1621992720243000,0,0.00380150,31483.21
1621992729966000,0,0.00308000,31492.07
1621992730137000,1,0.33200000,31471.08
1621992734498000,0,0.00405700,31484.62
1621992735076000,0,0.02572837,31497.48
1621992743718000,1,0.14018733,31474.87
1621992762205000,1,0.00126000,31461.12
1621992767247000,1,0.07435869,31460.93
1621992776306000,0,0.00126390,31472.49
1621992778799000,1,0.11433000,31455.06
1621992787820000,0,0.00200499,31460.45
1621992790966000,1,0.00000322,31455.06
1621992794362000,0,0.02790000,31446.67
1621992799007000,0,0.48800000,31463.87
1621992802502000,0,0.07595693,31479.18
1621992802502000,0,0.04744937,31481.03
1621992815148000,0,0.19461782,31477.88
1621992840674000,0,0.02000000,31511.35
1621992840692000,0,0.04378020,31511.35
1621992842553000,0,2.05000000,31520.55
1621992842559000,0,0.95000000,31520.55
1621992881691000,0,0.19431818,31526.84
1621992890988000,0,0.00449000,31558.37
1621992891604000,0,0.70688000,31558.37
1621992891728000,0,0.45000000,31558.37
1621992891738000,0,0.23808692,31558.37
1621992891825000,0,0.15000000,31558.37
1621992891926000,0,0.24789620,31558.37
1621992891930000,0,0.75000000,31558.37
1621992892132000,0,0.10000000,31558.37
1621992892236000,0,0.20000000,31558.37
1621992892243000,0,0.10525377,31558.37
1621992892243000,0,0.04739311,31558.37
1621992895112000,0,0.00125587,31608.47
1621992895209000,1,0.06922438,31594.30
1621992895628000,0,0.00002563,31608.47
1621992895628000,0,0.07925839,31610.05
1621992895628000,0,0.02173671,31625.67
1621992895737000,1,0.06236153,31595.89
1621992896354000,0,0.00754000,31609.55
1621992897346000,1,0.00600000,31627.17
1621992897347000,1,0.00077059,31627.17
1621992900236000,0,0.00354600,31624.04
1621992911898000,0,0.00186236,31605.74
1621992912380000,1,0.35065204,31580.10
1621992912473000,1,0.14100018,31580.10
1621992912492000,1,0.06934778,31580.10
1621992915109000,0,0.00097905,31572.31
1621992917857000,0,0.00911000,31574.64
1621992919365000,0,0.09152041,31566.95
1621992922626000,1,0.00140901,31549.02
1621992932815000,0,0.04344617,31554.15
1621992933666000,0,0.00294588,31554.15
1621992960131000,0,0.02000000,31535.06
1621992967430000,0,0.00588000,31520.95
1621992968063000,0,0.00479948,31531.45
1621992969932000,0,0.13809924,31533.13
1621992969933000,0,0.05617904,31533.13
1621992970095000,0,0.03840963,31534.65
1621992970096000,0,0.15062854,31534.65
1621992970096000,0,0.12820166,31534.65
1621992970140000,0,0.51794327,31557.09
1621992970221000,0,0.09679276,31549.14
1621992970270000,0,0.03013098,31549.14
1621992974585000,1,0.11710525,31563.61
1621992974587000,1,0.10864544,31563.61
1621992974644000,1,0.32324931,31563.61
1621992979407000,0,0.00245000,31561.98
1621992982497000,1,0.41419000,31548.43
1621992982565000,1,0.16181000,31548.43
1621992987753000,0,0.06440285,31552.57
1621992991185000,0,0.12406883,31550.96
1621992991185000,0,0.06593117,31550.99
1621993007460000,0,0.06000000,31553.00
1621993007677000,1,0.08456762,31548.52
1621993010647000,0,0.07000000,31542.16
1621993026497000,1,0.02829000,31560.84
1621993027153000,1,0.00000112,31560.84
1621993028182000,0,0.19401415,31577.52
1621993030481000,0,0.01215000,31584.25
1621993040854000,0,0.00266151,31563.19
1621993041242000,0,0.08000000,31558.00
1621993041277000,0,0.00101957,31558.00
1621993042112000,1,0.07116120,31549.53
1621993042120000,1,0.11260462,31549.53
1621993062493000,0,0.00093221,31572.88
1621993081890000,0,0.03000000,31577.30
1621993085833000,0,0.19000000,31578.44
1621993085835000,0,0.00398872,31578.44
1621993108384000,0,0.09000000,31595.91
1621993108387000,0,0.00436265,31595.91
1621993138885000,0,0.39000000,31607.85
1621993174529000,0,0.26060961,31634.16
1621993174542000,0,0.08707044,31634.16
1621993174550000,0,0.11127212,31634.16
1621993174607000,0,5.54104783,31634.16
1621993190181000,1,0.07000000,31628.51
1621993190236000,1,0.00005379,31628.51
1621993198678000,0,0.00276515,31644.74
1621993200235000,0,0.01085129,31639.27
1621993200461000,0,0.47714871,31639.27
1621993200461000,0,0.07037208,31639.32
1621993200461000,0,0.48800000,31643.16
1621993200461000,0,0.90300000,31643.57
1621993200461000,0,0.00111842,31644.74
1621993200461000,0,0.06036079,31646.96
1621993202534000,1,0.08000000,31615.44
1621993216488000,1,0.11082000,31581.90
1621993218189000,1,0.00000094,31581.90
1621993218189000,1,0.50343906,31575.23
1621993221209000,1,0.20000000,31575.23
1621993221304000,1,0.15000000,31575.23
1621993221414000,1,0.15000000,31575.23
1621993221524000,1,0.80556000,31575.23
1621993222477000,1,0.00000094,31575.23
1621993253804000,1,0.03167300,31587.60
1621993256374000,0,0.06000000,31604.18
1621993264945000,0,0.00246053,31596.56
1621993295189000,1,0.25114804,31568.91
1621993295223000,1,0.22117987,31568.91
1621993295226000,1,0.08400000,31568.91
1621993295242000,1,0.18760230,31568.91
1621993295242000,1,0.12265231,31568.91
1621993295750000,1,0.03741000,31568.91
1621993295785000,1,0.00000748,31568.91
1621993297680000,0,0.08353570,31574.90
1621993297680000,0,0.11050650,31574.90
1621993297698000,0,0.10645171,31578.64
1621993297718000,0,0.11313976,31578.64
1621993305170000,0,0.01367000,31581.33
1621993349759000,0,0.07038981,31565.18
1621993349838000,0,0.13493349,31565.18
1621993350607000,1,0.00281000,31574.88
1621993350804000,1,0.00000062,31574.88
1621993353769000,1,0.48800000,31548.33
1621993353769000,1,0.07868434,31547.28
1621993353769000,1,0.07453189,31546.76
1621993353769000,1,0.25875331,31545.81
1621993353769000,1,0.10003046,31545.04
1621993360222000,0,0.07139234,31567.77
1621993360236000,0,0.12269487,31567.77
1621993370856000,1,0.07333623,31578.76
1621993379964000,0,0.02015000,31578.86
1621993379984000,0,0.00316000,31578.86
1621993429831000,0,0.00581105,31577.77
1621993443987000,0,0.11837588,31590.10
1621993454077000,0,0.00592993,31598.08
1621993463894000,0,0.06936205,31605.97
1621993463970000,0,0.12449833,31605.97
1621993480454000,0,0.00192741,31657.02
1621993480454000,0,0.11730310,31659.64
1621993482076000,1,0.02999539,31665.25
1621993482227000,0,0.05000000,31664.42
1621993482263000,0,0.00222798,31664.42
1621993482827000,0,0.29973193,31672.12
1621993482883000,0,0.03238524,31672.12
1621993482886000,0,0.15625893,31672.12
1621993483144000,0,1.95200000,31672.12
1621993483305000,0,0.55962390,31672.12
1621993483597000,0,0.03000000,31687.86
1621993483597000,0,0.06850643,31690.23
1621993483597000,0,0.00149357,31690.97
1621993484526000,0,0.09000000,31700.00
1621993484530000,0,0.00093750,31700.00
1621993484785000,0,0.00906250,31700.00
1621993484785000,0,0.07514090,31703.00
1621993484785000,0,1.32259660,31710.12
1621993485080000,1,0.00094687,31698.93
1621993485080000,1,0.06551154,31698.79
1621993485419000,0,0.25000000,31710.11
1621993485553000,0,0.00093750,31710.12
1621993485730000,0,1.28655275,31710.12
1621993486254000,0,0.38991315,31710.12
1621993486947000,0,0.00064281,31735.85
1621993486947000,0,0.33935719,31748.18
1621993487113000,1,0.00093750,31735.85
1621993487578000,0,0.07800505,31735.84
1621993488162000,1,0.13839051,31748.17
1621993488179000,0,1.28472891,31748.18
1621993488695000,0,1.28460357,31748.18
1621993488766000,1,0.00150000,31748.17
1621993488944000,0,0.09131033,31748.18
1621993489281000,0,0.00250000,31749.96
1621993489281000,0,0.00750000,31777.00
1621993493916000,1,0.04730848,31718.55
1621993495952000,0,0.19291838,31757.62
1621993496965000,0,0.48800000,31764.93
1621993496965000,0,0.02999540,31766.51
1621993496965000,0,0.19200000,31773.52
1621993496965000,0,0.37991841,31773.53
1621993499697000,1,0.05999079,31733.55
1621993499775000,1,0.09000000,31733.55
1621993506824000,0,0.00100510,31696.63
1621993509717000,1,0.06444626,31646.47
1621993515508000,1,0.08341000,31664.38
1621993516234000,1,0.08526000,31659.40
1621993516368000,0,0.06686749,31669.87
1621993518615000,0,0.15000000,31669.13
1621993522644000,0,0.00225358,31660.70
1621993526713000,1,0.15000000,31642.10
1621993526713000,1,0.33609676,31642.09
1621993529875000,0,0.19347000,31664.11
1621993530392000,0,0.13000000,31674.99
1621993534707000,1,0.43000000,31668.89
1621993553242000,0,0.19354000,31646.66
1621993559999000,0,0.00483542,31636.47
1621993566268000,0,0.10238916,31624.82
1621993598307000,0,0.09550734,31603.64
1621993603397000,1,0.07505822,31585.48
1621993603404000,1,0.08905991,31585.48
1621993603404000,1,0.14373575,31585.48
1621993624642000,0,0.00629677,31603.49
1621993629617000,0,0.08038000,31602.02
1621993629793000,0,0.00000568,31602.02
1621993655147000,1,0.03987064,31579.59
1621993661868000,1,0.01593000,31579.63
1621993666267000,1,0.31712936,31579.59
1621993680222000,1,0.00721425,31571.86
1621993719818000,1,0.07960097,31566.90
1621993719830000,1,0.10704883,31566.90
1621993719857000,1,0.15317989,31566.90
1621993719857000,1,0.09673424,31566.90
1621993719857000,1,0.02843607,31566.90
1621993752906000,0,0.00100835,31619.28
1621993753177000,0,0.00092000,31616.80
1621993754729000,0,0.00187000,31643.09
1621993761436000,0,0.08508000,31614.41
1621993764995000,1,0.00284003,31577.81
1621993781968000,1,0.09507043,31565.56
1621993785604000,0,0.08295000,31589.76
1621993787927000,0,0.00304000,31591.82
1621993799042000,1,0.55600000,31596.31
1621993818741000,0,0.00156295,31631.69
1621993832531000,0,0.00000808,31646.66
1621993852750000,0,0.12142000,31622.54
1621993864338000,0,0.10752045,31629.69
1621993864358000,0,0.00219429,31629.69
1621993877973000,0,0.00980000,31636.26
1621993883447000,1,0.47900000,31614.06
1621993898345000,0,0.00100000,31607.55
1621993915469000,0,0.00306000,31602.12
1621993918558000,1,0.25000000,31581.85
1621993941206000,0,0.00101871,31623.25
1621993948980000,1,0.35000000,31592.72
1621993958500000,0,0.00276603,31595.69
1621993966739000,0,0.00120784,31590.90
1621993969759000,1,0.03000000,31586.90
1621993970413000,1,0.00245700,31582.90
1621993972858000,0,0.00911000,31603.71
1621993979131000,0,0.00891964,31602.37
1621993992286000,0,0.00161301,31617.34
1621993994180000,0,0.01934000,31617.84
1621993995391000,0,0.09191000,31618.82
1621993995456000,0,0.00000065,31618.82
1621994006634000,0,0.19359395,31639.44
1621994006641000,0,0.25811706,31641.77
1621994006824000,1,0.06842252,31644.38
1621994006864000,0,0.18969454,31641.77
1621994006864000,0,0.10196450,31644.49
1621994006894000,0,0.09159908,31644.49
1621994006894000,0,0.38717559,31650.60
1621994015493000,0,0.00691944,31649.41
1621994015883000,1,0.58200000,31635.96
1621994020858000,0,0.00310305,31632.93
1621994023813000,0,0.07906000,31632.93
1621994058141000,0,0.06335216,31651.12
1621994058142000,0,0.00129290,31651.12
1621994078140000,0,0.06063971,31649.00
1621994081495000,1,0.19357168,31621.40
1621994084150000,0,0.05000000,31622.94
1621994089329000,0,0.08000000,31633.76
1621994090362000,1,0.00246100,31622.32
1621994098415000,0,0.00195651,31629.72
1621994106239000,0,0.11000000,31626.84
1621994106274000,0,0.00418770,31626.84
1621994115976000,0,0.19366384,31629.16
1621994115976000,0,0.25822656,31629.93
1621994138591000,0,0.08000000,31633.87
1621994145848000,0,0.39000000,31644.32
1621994145930000,0,0.00151992,31644.32
1621994149695000,1,0.11691111,31628.14
1621994149695000,1,0.19354864,31626.93
1621994149695000,1,0.07365872,31626.62
1621994149695000,1,0.08059239,31623.74
1621994149695000,1,0.02458932,31622.86
1621994156630000,0,0.01208527,31639.88
1621994167982000,0,0.07651021,31635.79
1621994168033000,0,0.19748499,31636.45
1621994174464000,0,0.00483302,31649.64
1621994174865000,0,0.30000000,31649.64
1621994175067000,0,0.22392000,31649.64
1621994175154000,0,0.40000000,31649.64
1621994175183000,0,0.22081111,31649.64
1621994175236000,0,0.35000000,31649.64
1621994175266000,0,0.12456382,31649.64
1621994175266000,0,0.11955902,31649.64
1621994175276000,0,0.06231303,31649.64
1621994183440000,0,0.00316000,31653.63
1621994190916000,0,0.10598392,31640.12
1621994195810000,0,0.06000000,31640.50
1621994196469000,0,0.10000000,31634.99
1621994200405000,0,0.08480954,31636.38
1621994200405000,0,0.06519046,31641.51
1621994200788000,0,0.07000000,31642.91
1621994201497000,0,0.33000000,31648.58
1621994202503000,0,0.00556640,31648.31
1621994203474000,0,0.05062680,31647.58
1621994207822000,1,0.19356439,31628.36
1621994207918000,1,0.19356439,31628.36
1621994207918000,1,0.11464749,31623.27
1621994207930000,1,0.14346345,31623.27
1621994210401000,0,0.07709874,31639.92
1621994210401000,0,0.19290126,31641.08
1621994210438000,0,0.00073091,31641.08
1621994210574000,0,0.07045199,31639.05
1621994214080000,1,0.00155267,31619.85
1621994214417000,0,0.10000000,31638.27
1621994214510000,0,0.15818604,31638.27
1621994214836000,0,0.25000000,31639.89
1621994217514000,0,0.00713440,31642.21
1621994221523000,0,0.11824477,31644.99
1621994221523000,0,0.32272029,31645.93
1621994226580000,1,0.01897821,31622.32
1621994227811000,0,0.19362422,31641.49
1621994227995000,0,0.18975174,31641.49
1621994228859000,0,0.00509000,31644.35
1621994230358000,0,0.07525912,31641.37
1621994230923000,0,0.00150518,31641.37
1621994231165000,0,0.00003072,31641.37
1621994232022000,0,0.01201540,31653.29
1621994232335000,0,0.08338458,31647.69
1621994270018000,0,0.19361285,31646.64
1621994279590000,0,0.18744966,31646.92
1621994280195000,1,0.00159107,31634.83
1621994315590000,1,0.56485105,31610.72
1621994322517000,1,0.18139864,31610.72
1621994327623000,0,0.00127273,31621.40
1621994327623000,0,0.01447783,31622.56
1621994328024000,1,0.03157690,31603.91
1621994329148000,0,0.00999000,31623.86
1621994338843000,1,0.07560000,31605.03
1621994343477000,0,0.01472800,31621.11
1621994345335000,1,0.06012000,31599.30
1621994356448000,0,0.00478101,31630.70
1621994358815000,1,0.46428000,31628.96
1621994372038000,1,0.48800000,31642.19
1621994378700000,0,0.00174000,31635.13
1621994382167000,1,0.00252518,31610.22
1621994411724000,1,0.06000000,31686.71
1621994411724000,1,0.11587542,31685.09
1621994412743000,1,0.02355394,31692.89
1621994413636000,1,0.16029418,31685.09
1621994414528000,1,0.60000000,31682.26
1621994414548000,1,0.00100000,31682.26
1621994417898000,1,0.31200000,31663.62
1621994417984000,1,0.17600000,31663.62
1621994418539000,1,0.49000000,31652.45
1621994420096000,1,0.00666000,31639.53
1621994420441000,1,0.48800000,31639.55
1621994426446000,0,0.00265602,31672.39
1621994430174000,0,0.00121000,31678.19
1621994435631000,0,0.09455665,31670.06
1621994436505000,1,0.25790000,31650.07
1621994468243000,1,0.06456462,31676.48
1621994473208000,1,0.01976991,31711.31
1621994474844000,1,0.06985726,31705.45
1621994475743000,1,0.02833381,31691.74
1621994481837000,1,0.07023696,31689.53
1621994482716000,1,0.32204530,31672.98
1621994482716000,1,0.32203733,31672.61
1621994491745000,1,0.00251500,31657.60
1621994492648000,0,0.01907003,31673.59
1621994492758000,1,0.00251500,31651.69
1621994500904000,0,0.08009000,31655.39
1621994503792000,1,0.19340923,31643.81
1621994504232000,1,0.09889672,31643.96
1621994515039000,0,0.00155947,31669.31
1621994533731000,0,0.00152000,31643.84
1621994538819000,0,0.00062895,31639.90
1621994564421000,1,0.07416123,31637.92
1621994567738000,0,0.48800000,31637.38
1621994574522000,0,0.00678000,31689.20
1621994594529000,1,0.00103107,31693.22
1621994604064000,0,0.00153000,31695.71
1621994630867000,0,0.00186000,31695.31
1621994640245000,1,0.01629875,31652.14
1621994664464000,1,0.00521081,31660.36
1621994668219000,1,0.09749364,31655.70
1621994668223000,1,0.12759787,31655.70
1621994668311000,1,0.29990849,31655.70
1621994673471000,1,0.02715836,31678.42
1621994677992000,1,0.00370300,31684.50
1621994688349000,0,0.00073141,31725.42
1621994689720000,1,0.07559000,31710.88
1621994698726000,0,0.00173329,31724.64
1621994729119000,0,0.00181510,31685.99
1621994730568000,1,0.05985516,31667.69
1621994730570000,1,0.00178659,31667.69
1621994731264000,0,0.02992000,31663.30
1621994735975000,0,0.15000000,31673.04
1621994749802000,0,0.00187000,31676.18
1621994760264000,1,0.00104300,31652.11
1621994761093000,1,0.01891633,31661.07
1621994768096000,1,0.06850402,31647.65
1621994769944000,0,0.19349025,31662.27
1621994774614000,0,0.18796290,31677.86
1621994774616000,0,0.00543660,31677.86
1621994780639000,1,0.13635735,31667.10
1621994816800000,1,0.00133610,31627.77
1621994829514000,1,0.00161800,31635.72
1621994834020000,0,0.00909000,31643.47
1621994840476000,0,0.00356113,31648.04
1621994843513000,0,0.00127512,31645.19
1621994853073000,0,0.00316000,31679.10
1621994874228000,1,0.07998987,31678.20
1621994882107000,0,0.00100074,31684.76
1621994885176000,0,0.00175887,31690.38
1621994917188000,0,0.00399000,31671.30
1621994957977000,1,0.00126079,31666.32
1621994990679000,1,0.26353057,31663.11
1621994990751000,1,0.07003734,31663.11
1621994990763000,1,0.08615704,31663.11
1621995012340000,0,0.01700000,31677.08
1621995024384000,0,0.00784980,31688.67
1621995056787000,0,0.00298599,31710.85
1621995065426000,0,0.08273000,31726.05
1621995066482000,1,0.00155175,31719.28
1621995068051000,0,0.05987468,31770.77
1621995069243000,0,0.00750000,31777.00
1621995070229000,0,0.05987468,31783.63
1621995070234000,0,0.01692631,31783.63
1621995070234000,0,1.74448369,31786.27
1621995070268000,0,0.90000000,31786.27
1621995070948000,0,0.35000000,31786.27
1621995071299000,0,0.00500000,31786.27
1621995071310000,0,0.00051631,31786.27
1621995071310000,0,0.00130705,31792.12
1621995072289000,0,0.06800000,31799.99
1621995072517000,0,0.00093750,31799.99
1621995072521000,0,1.08483627,31799.99
1621995072521000,0,0.10000000,31800.00
1621995072943000,0,0.00207694,31803.62
1621995073138000,1,0.00087698,31814.51
1621995074009000,1,0.89700000,31824.41
1621995074350000,0,0.90000000,31824.42
1621995074479000,1,0.09197265,31814.51
1621995074603000,0,2.10000000,31824.42
1621995074603000,0,0.10704592,31835.29
1621995074617000,1,0.09665980,31816.10
1621995075323000,0,0.47900748,31847.70
1621995075431000,0,0.01000000,31850.00
1621995075431000,0,0.00128640,31852.18
1621995075431000,0,0.01155522,31854.68
1621995076651000,0,0.00150000,31862.60
1621995076651000,0,0.29868576,31862.61
1621995076657000,0,0.07988489,31862.61
1621995076805000,0,0.10316370,31862.61
1621995076961000,0,0.19192396,31862.61
1621995077668000,0,1.27937139,31862.61
1621995077837000,0,0.02993734,31862.61
1621995079717000,0,0.00090937,31851.93
1621995079717000,0,0.48800000,31855.20
1621995079717000,0,0.06000000,31856.79
1621995079717000,0,0.02993735,31856.80
1621995079717000,0,0.00095625,31860.16
1621995079717000,0,0.09937010,31860.48
1621995082951000,0,1.01703296,31862.61
1621995091190000,1,0.09000000,31838.56
1621995097034000,1,0.05038469,31836.72
1621995098173000,1,0.08485801,31836.71
1621995098185000,1,0.30300000,31836.71
1621995098254000,1,0.50914199,31836.71
1621995098268000,0,0.00952189,31844.50
1621995098996000,0,0.48800000,31827.27
1621995102596000,0,0.00099000,31858.10
1621995109970000,0,0.11366447,31852.14
1621995121480000,1,0.03000000,31796.87
1621995121480000,1,0.00445312,31790.40
1621995121508000,1,0.03445312,31790.40
1621995121511000,1,0.03445312,31790.40
1621995121901000,1,0.06661043,31788.53
1621995121901000,1,0.03000000,31787.40
1621995121929000,1,0.07398626,31777.07
1621995121929000,1,0.19241412,31776.11
1621995121929000,1,0.25655216,31772.88
1621995121929000,1,0.03000000,31767.43
1621995121929000,1,0.40000000,31767.34
1621995121929000,1,0.31435268,31767.33
1621995121929000,1,0.50000000,31767.32
1621995121929000,1,0.32069020,31766.94
1621995123972000,1,0.03000000,31789.50
1621995124067000,1,0.14300000,31789.50
1621995124441000,1,0.01368000,31789.50
1621995124706000,1,0.08343000,31777.20
1621995124954000,0,0.48800000,31798.32
1621995125126000,1,0.10653000,31799.88
1621995130004000,0,0.15277590,31814.31
1621995131511000,1,0.89700000,31809.74
1621995134461000,1,0.10247557,31813.36
1621995134650000,1,0.73006443,31813.36
1621995150885000,0,0.00417644,31847.31
1621995151599000,0,0.07152077,31847.67
1621995152304000,1,0.07380838,31827.49
1621995152454000,0,0.08476000,31832.99
1621995152574000,1,0.05167556,31827.54
1621995153911000,1,0.07117148,31827.49
1621995153936000,0,0.06138000,31828.45
1621995154655000,0,0.38563006,31852.58
1621995155346000,0,0.06089201,31836.12
1621995155346000,0,0.02283799,31846.54
1621995156803000,1,0.06601712,31836.11
1621995157181000,1,0.10961717,31836.11
1621995157952000,1,0.20136000,31836.11
1621995163279000,0,0.00197500,31844.88
1621995172234000,0,0.00090000,31840.19
1621995172467000,1,0.00360000,31820.16
1621995176345000,0,0.01176000,31850.61
1621995176741000,0,0.00024000,31850.61
1621995183991000,0,0.00099000,31850.72
1621995186951000,0,0.02933860,31853.94
1621995191018000,0,0.05496436,31856.85
1621995191956000,0,0.01806032,31856.85
1621995209285000,0,0.22000000,31877.75
1621995217133000,0,0.02993000,31861.43
1621995221235000,0,0.08198884,31885.75
1621995233066000,1,0.01026850,31855.92
1621995240262000,1,0.02865869,31855.93
1621995240262000,1,0.03133495,31854.93
1621995245585000,1,0.00129003,31878.78
1621995245844000,0,0.00257658,31888.37
1621995245844000,0,0.00437245,31889.35
1621995251485000,0,0.03898106,31882.61
1621995251987000,0,0.02979000,31882.63
1621995257180000,1,0.07365000,31878.68
1621995258963000,0,0.00063184,31898.94
1621995258963000,0,0.10000000,31900.00
1621995258963000,0,0.00000700,31900.00
1621995258963000,0,0.00500000,31900.00
1621995258963000,0,0.00071230,31900.00
1621995258963000,0,0.14577752,31900.83
1621995258963000,0,0.05787134,31900.84
1621995259278000,0,0.31000000,31900.84
1621995259349000,0,0.20000000,31900.84
1621995259360000,0,0.09000000,31900.84
1621995259537000,0,0.92009956,31900.84
1621995259930000,0,0.70000000,31900.84
1621995261287000,0,0.72000000,31900.84
1621995261607000,0,0.00202910,31900.84
1621995267955000,0,0.01000000,31921.73
1621995267955000,0,0.01000000,31926.12
1621995268263000,0,0.05000000,31932.58
1621995268936000,0,0.05638554,31928.97
1621995268936000,0,0.02361446,31934.94
1621995269170000,0,0.07349110,31939.12
1621995269212000,0,0.21191653,31939.12
1621995269272000,0,0.16090540,31939.12
1621995269735000,1,0.06335000,31927.00
1621995269897000,1,0.00258300,31927.00
1621995269966000,0,2.16000000,31939.12
1621995270289000,0,0.15680000,31939.12
1621995272364000,1,0.02151700,31906.66
1621995272519000,1,0.11490072,31903.66
1621995272519000,1,0.14354528,31903.16
1621995272699000,1,0.00799100,31903.17
1621995273688000,0,0.00474398,31925.48
1621995286634000,0,0.04000000,31939.12
1621995291438000,0,0.02264487,31939.12
1621995291488000,0,0.02264553,31939.12
1621995291667000,0,0.15159657,31939.12
1621995293277000,0,0.00161700,31944.47
1621995294861000,0,0.00003300,31944.47
1621995294861000,0,0.00100000,31950.00
1621995294861000,0,0.00025217,31953.33
1621995302924000,1,0.00549228,31950.19
1621995304317000,0,0.04728000,31962.04
1621995304473000,0,0.03567351,31962.04
1621995304620000,0,0.35944664,31962.04
1621995304620000,0,0.03600294,31975.00
1621995304620000,0,0.02899619,31975.00
1621995304620000,0,0.00646299,31975.00
1621995304620000,0,0.00130705,31976.82
1621995305003000,0,0.01000000,31998.00
1621995305313000,0,0.05740338,31992.44
1621995305313000,0,0.00556068,31998.00
1621995305313000,0,0.12562892,31999.00
1621995305313000,0,0.01065042,31999.99
1621995305313000,0,0.10000000,32000.00
1621995305313000,0,0.05645491,32000.00
1621995305313000,0,1.82430169,32000.00
1621995305866000,0,0.20008164,32000.00
1621995305876000,0,0.30012247,32000.00
1621995305882000,0,1.27451231,32000.00
1621995306012000,0,0.03445312,32000.00
1621995306015000,0,0.03445312,32000.00
1621995306055000,0,0.19116532,32000.00
1621995306286000,0,0.85281400,32000.00
1621995306286000,0,0.45000000,32000.00
1621995306286000,0,0.13000068,32000.00
1621995306286000,0,0.00350196,32000.00
1621995306286000,0,0.31857184,32000.00
1621995306286000,0,0.50000000,32000.00
1621995306286000,0,0.16367461,32000.00
1621995306286000,0,0.02000000,32000.00
1621995306286000,0,1.00000000,32000.00
1621995306286000,0,0.00700000,32007.00
1621995306286000,0,0.07500000,32010.00
1621995306286000,0,0.11153691,32015.82
1621995307053000,0,0.00093750,32015.82
1621995307249000,0,5.88752559,32015.82
1621995307249000,0,0.01000000,32016.60
1621995307249000,0,0.00710000,32023.00
1621995313474000,1,0.03630713,31979.12
1621995314943000,0,0.07290000,32009.60
1621995321719000,1,0.51100000,32006.07
1621995322398000,1,0.00078100,31997.09
1621995322464000,1,0.12985900,31997.09
1621995328967000,0,0.23600731,32008.01
1621995329289000,0,0.19600000,32009.60
1621995329963000,0,0.09082379,32012.96
1621995329963000,0,0.59917621,32017.30
1621995330266000,0,0.07335339,32006.06
1621995332761000,1,0.00261400,32002.30
1621995332864000,1,0.88938000,32002.30
1621995337691000,1,0.44874033,31997.19
1621995337707000,1,0.44325967,31997.19
1621995338177000,1,0.89200000,31986.26
1621995342695000,0,0.48800000,31992.06
1621995343148000,1,0.01350000,31973.90
1621995346419000,1,0.89200000,31994.19
1621995346662000,1,0.06390800,31993.20
1621995346991000,0,0.02719261,32003.71
1621995352100000,0,0.39004000,32004.30
1621995352441000,0,2.35200000,32004.30
1621995357346000,1,0.08292637,31996.85
1621995357519000,1,0.20000000,31996.85
1621995357785000,1,0.24207363,31996.85
1621995360249000,0,0.02993735,32012.17
1621995360249000,0,0.01948957,32017.03
1621995364289000,0,2.02111621,32007.50
1621995368941000,1,0.00099103,31988.71
1621995368955000,0,0.00311480,32000.30
1621995387278000,0,0.33000000,32020.19
1621995387604000,0,0.06740247,32021.41
1621995388678000,0,0.00313000,32016.55
1621995389015000,1,0.01299300,31999.45
1621995406279000,0,0.19125141,32010.62
1621995406279000,0,0.24874859,32010.63
1621995406353000,0,0.00626297,32010.63
1621995406512000,0,0.06000000,32016.81
1621995406583000,0,0.19000000,32016.81
1621995413578000,0,0.07242054,32013.27
1621995426094000,0,0.11519457,32008.42
1621995426141000,0,0.07608011,32008.42
1621995426141000,0,0.12184705,32009.36
1621995430505000,0,0.09689406,31999.01
1621995444375000,0,0.00197837,31999.19
1621995454301000,1,0.01432000,31972.62
1621995460993000,1,0.05983738,31978.80
1621995460993000,1,0.06705121,31973.89
1621995476749000,1,0.00960340,32005.16
1621995510205000,1,0.10001342,32005.58
1621995512889000,1,0.00686790,32019.54
1621995512949000,1,0.00304963,32014.72
1621995519861000,1,0.37700000,32019.50
1621995521373000,0,0.37000000,32032.06
1621995521470000,0,0.07657998,32032.06
1621995526604000,0,0.40000000,32054.24
1621995526699000,0,0.77000000,32054.24
1621995526708000,0,1.30000000,32054.24
1621995526801000,0,0.53000000,32054.24
1621995527768000,0,0.00062859,32064.17
1621995527768000,0,0.05857190,32076.44
1621995527900000,0,0.06209107,32076.44
1621995528702000,0,0.00383064,32082.02
1621995528702000,0,0.05000000,32091.92
1621995528702000,0,3.00000000,32092.71
1621995528702000,0,0.01500000,32093.00
1621995528702000,0,0.30000000,32098.60
1621995528702000,0,0.10236228,32100.00
1621995528702000,0,0.05000000,32110.57
1621995528702000,0,0.06385018,32111.00
1621995528702000,0,0.00064260,32112.01
1621995529922000,0,0.00153373,32131.99
1621995529922000,0,0.01159680,32132.00
1621995529922000,0,0.00901000,32132.00
1621995529922000,0,0.00000975,32132.00
1621995529922000,0,0.05627912,32133.12
1621995530251000,0,0.02889743,32133.12
1621995530521000,0,0.00093750,32133.12
1621995530690000,0,0.03000000,32133.12
1621995530747000,0,0.00508894,32133.12
1621995532084000,0,0.00130705,32162.61
1621995532084000,0,1.91091924,32169.78
1621995532674000,0,0.01554254,32169.77
1621995533793000,0,0.00112404,32169.66
1621995533840000,1,0.00345878,32123.25
1621995538860000,0,0.01456410,32158.89
1621995538976000,1,0.11708585,32118.55
1621995539253000,1,0.01927383,32120.15
1621995539339000,1,0.00661357,32120.15
1621995539371000,1,0.00388004,32120.15
1621995541933000,1,0.12054971,32116.34
1621995542103000,1,0.09078758,32121.22
1621995542275000,1,0.11828603,32121.22
1621995542858000,0,0.02960000,32110.41
1621995545576000,1,0.04617221,32098.83
1621995546597000,0,0.48800000,32130.98
1621995546597000,0,0.48800000,32132.59
1621995546597000,0,0.02960025,32134.19
1621995546597000,0,0.40000000,32140.32
1621995546597000,0,0.83372514,32140.34
1621995555896000,1,0.08565445,32126.56
1621995558077000,1,0.12182292,32135.66
1621995565345000,0,0.47000000,32169.78
1621995567538000,1,0.48900000,32153.08
1621995575837000,1,0.11591836,32148.82
1621995576150000,1,0.09492993,32148.17
1621995576283000,1,0.14945796,32148.17
1621995576383000,1,0.11469393,32148.17
1621995578524000,1,0.28821891,32160.68
1621995578612000,1,0.31056218,32160.68
1621995578688000,0,0.14000000,32169.78
1621995579380000,0,3.47908076,32169.78
1621995600518000,0,0.31103531,32169.37
1621995600518000,0,0.05114739,32169.38
1621995600523000,0,0.08015261,32169.38
1621995600541000,0,0.00094687,32171.00
1621995600541000,0,0.07400000,32172.09
1621995600622000,1,0.06346867,32166.69
1621995600653000,0,0.07128288,32156.95
1621995600706000,0,0.06668507,32156.95
1621995600761000,0,0.12689777,32160.63
1621995600761000,0,0.31729767,32165.95
1621995600761000,0,0.31732125,32165.96
1621995600761000,0,0.05114000,32169.37
1621995600761000,0,0.04678905,32180.10
1621995600766000,0,0.11485238,32180.10
1621995600840000,1,0.05000000,32177.57
1621995600841000,1,0.00049718,32177.57
1621995600864000,0,0.11382180,32180.10
1621995603403000,0,0.00081349,32182.46
1621995603403000,0,0.02960025,32182.54
1621995603616000,0,0.31086719,32190.32
1621995603636000,0,0.14337284,32190.32
1621995607661000,0,0.10000000,32200.00
1621995607661000,0,0.25000000,32200.00
1621995607661000,0,0.02480685,32200.00
1621995607661000,0,0.68519315,32200.00
1621995608672000,0,0.20000000,32200.00
1621995609208000,0,0.08840018,32200.00
1621995609221000,0,0.02640667,32200.00
1621995609221000,0,0.27362186,32200.00
1621995609225000,0,0.30002853,32200.00
1621995609227000,0,0.20001902,32200.00
1621995609234000,0,0.03598899,32200.00
1621995609294000,0,0.05000000,32200.00
1621995609339000,0,0.56570253,32200.00
1621995609417000,0,0.05920026,32208.38
1621995609629000,0,0.61426000,32208.38
1621995609735000,0,1.35000000,32208.38
1621995610293000,0,0.10000000,32208.38
1621995610545000,0,0.05000000,32208.38
1621995610676000,0,0.82653974,32208.38
1621995610676000,0,0.11720288,32219.05
1621995614563000,0,0.48800000,32215.10
1621995614563000,0,0.13213794,32216.72
1621995617948000,0,0.00551000,32221.65
1621995624264000,1,0.53400000,32182.04
1621995658004000,0,0.06348221,32201.40
1621995658004000,0,0.31070492,32202.69
1621995660082000,0,0.00089000,32223.39
1621995671753000,1,0.45600000,32196.70
1621995677618000,0,0.00062537,32229.40
1621995677618000,0,0.00406829,32247.01
1621995678297000,0,0.86953593,32247.03
1621995678399000,0,0.09982315,32247.03
1621995678415000,0,0.06947151,32247.03
1621995678435000,0,0.06654876,32247.03
1621995678629000,0,1.36200000,32247.03
1621995678713000,0,0.53262065,32247.03
1621995678926000,1,0.48800000,32239.27
1621995683923000,1,0.47613257,32222.08
1621995684051000,1,0.08586743,32222.08
1621995688443000,0,0.15607102,32221.87
1621995688489000,0,0.09733146,32221.87
1621995688489000,0,0.03102815,32221.89
1621995695234000,1,0.18997777,32203.47
1621995695234000,1,0.26990105,32200.92
1621995717892000,0,0.00073267,32206.46
1621995719001000,0,0.00001495,32206.46
1621995723290000,0,0.07602184,32215.00
1621995723302000,0,0.08027783,32215.00
1621995723351000,0,0.23768561,32215.00
1621995723378000,0,0.09205037,32215.00
1621995723394000,0,0.00196435,32215.00
1621995725639000,0,0.31047000,32229.00
1621995750994000,1,0.08071630,32186.77
1621995750994000,1,0.14300000,32183.05
1621995757502000,1,0.02700000,32190.42
1621995776490000,0,0.00098000,32188.70
1621995785525000,0,0.00301000,32193.95
1621995799743000,0,0.00785000,32194.54
1621995805647000,1,0.19800000,32180.42
1621995808054000,1,0.07933391,32169.96
1621995808063000,1,0.09595277,32169.96
1621995808098000,1,0.25356514,32166.58
1621995808184000,1,0.07229732,32162.97
1621995808591000,0,0.02941322,32159.90
1621995811497000,1,1.00000000,32140.21
1621995815817000,0,0.00220050,32164.60
1621995817567000,1,0.00139100,32135.36
1621995824179000,1,0.02513200,32116.77
1621995824269000,0,0.00218000,32136.59
1621995826436000,1,0.00278600,32111.95
1621995829555000,0,0.00162130,32123.23
1621995829567000,0,0.02941322,32133.12
1621995832225000,0,0.09392623,32149.84
1621995840287000,1,0.00153373,32148.20
1621995841145000,1,0.00427500,32148.10
1621995859622000,0,0.00349499,32144.43
1621995884588000,1,0.09435903,32100.08
1621995884588000,1,0.06552638,32098.82
1621995884588000,1,0.00153373,32097.38
1621995884588000,1,0.43858086,32094.02
1621995886236000,1,0.45041914,32094.02
1621995886236000,1,1.46180715,32092.39
1621995887509000,1,0.40107588,32090.98
1621995887553000,1,0.19292412,32090.98
1621995897429000,1,0.31768916,32082.74
1621995897429000,1,0.19065707,32081.20
1621995897429000,1,0.58200000,32078.73
1621995897429000,1,0.02941321,32076.29
1621995897429000,1,0.14300000,32073.39
1621995897429000,1,0.97656595,32073.36
1621995902513000,0,0.08375000,32096.28
1621995905235000,0,0.05164226,32112.34
1621995917017000,0,0.03452720,32128.53
1621995930499000,0,0.00254000,32114.91
1621995930741000,1,0.00155947,32102.01
1621995938445000,0,0.02941322,32094.46
1621995938522000,1,0.00174390,32095.39
1621995970024000,0,0.00196000,32085.23
1621995975292000,0,0.18503299,32101.05
1621996014056000,0,0.00295000,32090.73
1621996027521000,1,0.02000000,32083.36
1621996029594000,1,0.25416711,32086.22
1621996029812000,0,0.36400000,32080.78
1621996029931000,0,0.03245000,32080.78
1621996030358000,0,0.00000746,32080.78
1621996043104000,0,0.06408000,32140.75
1621996043324000,0,0.06983920,32135.68
1621996044274000,0,0.00000001,32135.68
1621996044992000,0,0.07591000,32149.46
1621996047382000,1,0.05289515,32154.18
1621996048293000,1,0.08025038,32144.70
1621996048603000,0,0.07804000,32137.67
1621996048708000,0,0.00000826,32137.67
1621996049346000,0,0.07379372,32140.64
1621996049425000,1,0.08223962,32135.98
1621996054842000,0,0.00596000,32139.76
1621996054876000,0,0.07081560,32139.76
1621996055288000,0,0.01679000,32144.62
1621996062802000,1,0.08000000,32201.91
1621996070836000,1,0.05074881,32180.55
1621996080325000,1,0.00672164,32175.21
1621996103982000,1,0.05120230,32169.51
1621996103982000,1,0.48800000,32161.91
1621996103982000,1,0.01400000,32161.91
1621996103982000,1,0.10467331,32160.31
1621996103982000,1,0.40000000,32157.19
1621996103982000,1,1.77500000,32157.17
1621996103982000,1,0.02941321,32156.66
1621996103982000,1,0.48800000,32155.55
1621996103982000,1,0.01400000,32155.55
1621996103982000,1,0.47900000,32154.33
1621996103982000,1,0.25361980,32153.95
1621996103982000,1,0.21178090,32153.69
1621996103982000,1,0.31081558,32150.35
1621996103982000,1,0.00092812,32150.34
1621996103982000,1,0.31703500,32149.56
1621996103982000,1,0.06193715,32148.68
1621996110298000,1,0.33900000,32169.59
1621996111501000,1,0.50000000,32165.47
1621996114848000,1,0.47410000,32154.04
1621996115132000,1,0.00000093,32154.04
1621996118093000,0,0.03000000,32160.83
1621996120259000,0,0.00098000,32172.74
1621996136358000,0,0.06000000,32179.61
1621996144614000,0,0.00100000,32183.89
1621996149869000,1,0.07924059,32170.48
1621996150595000,1,0.09929584,32170.49
1621996155854000,1,0.14522070,32158.68
1621996155876000,1,0.09030221,32158.68
1621996156521000,0,0.00092000,32162.41
1621996195706000,0,0.00345401,32143.78
1621996213688000,0,0.00089000,32176.31
1621996237816000,1,0.08400000,32133.73
1621996264390000,0,0.00128000,32153.35
1621996278801000,1,0.19025255,32152.35
1621996289093000,0,0.00098000,32154.69
1621996289659000,1,0.19035000,32141.68
1621996289752000,0,0.00284339,32152.96
1621996312506000,0,0.00127083,32137.87
1621996325899000,1,0.09000000,32108.93
1621996325934000,1,0.08673373,32108.93
1621996326020000,1,0.12058951,32108.93
1621996326071000,1,0.15547991,32108.93
1621996337495000,0,0.04792947,32095.38
1621996339219000,1,0.47842000,32071.82
1621996339945000,1,0.45000000,32071.82
1621996340024000,1,0.02842000,32071.82
1621996356344000,1,0.00425785,32058.89
1621996363275000,0,0.00311000,32083.09
1621996363811000,0,0.01537841,32088.06
1621996371496000,0,0.00090000,32081.70
1621996372007000,0,0.25446509,32075.50
1621996372862000,0,0.02598850,32088.36
1621996381417000,0,0.00092899,32131.60
1621996398535000,1,0.08163000,32103.05
1621996400969000,1,0.00630000,32086.69
1621996406499000,0,0.19066352,32108.68
1621996406643000,0,0.20807216,32113.10
1621996406795000,0,0.25418521,32114.88
1621996438474000,0,0.00136065,32088.51
1621996446933000,1,0.00096161,32096.03
1621996461409000,0,0.15707045,32110.54
1621996461436000,0,0.03358271,32110.54
1621996461436000,0,0.07739413,32111.46
1621996462201000,0,0.00263327,32119.60
1621996476589000,1,0.09302607,32088.53
1621996490405000,0,0.07873000,32089.23
1621996498428000,0,0.00126045,32087.25
1621996500458000,0,0.19075327,32091.65
1621996500458000,0,0.31793057,32095.68
1621996500458000,0,0.37443179,32096.78
1621996500458000,0,0.31791220,32098.09
1621996500458000,0,0.38154344,32099.22
1621996500458000,0,0.02946958,32102.68
1621996500458000,0,0.08094338,32103.87
1621996500458000,0,0.00090000,32104.91
1621996500458000,0,0.03000000,32106.05
1621996500458000,0,0.27611577,32106.19
1621996508669000,0,0.00209000,32091.64
1621996514070000,0,0.20000000,32079.64
1621996519036000,0,0.00350452,32095.72
1621996527759000,1,0.20000000,32070.58
1621996527884000,1,0.30000000,32070.58
1621996543854000,0,0.00277062,32069.20
1621996553970000,0,0.00200000,32067.78
1621996567777000,0,0.00295000,32082.66
1621996568965000,0,0.02990000,32081.05
1621996576075000,0,0.00173555,32067.74
1621996587144000,0,0.00525000,32062.70
1621996595535000,0,0.00589006,32062.46
1621996596065000,0,0.08620577,32062.70
1621996596074000,0,0.09947715,32062.70
1621996596095000,0,0.11975867,32065.60
1621996596112000,0,0.07601888,32065.60
1621996596126000,0,0.12246757,32065.60
1621996596130000,0,0.08918862,32065.72
1621996598088000,1,0.00316737,32056.73
1621996601813000,0,0.01146485,32074.13
1621996615014000,1,0.00090384,32051.93
1621996615014000,1,0.18575910,32051.25
1621996615014000,1,0.15961601,32042.60
1621996646783000,0,0.00529865,32088.44
1621996678236000,0,0.00154953,32106.36
1621996680691000,0,0.01699932,32112.64
1621996729997000,0,0.00268000,32142.49
1621996732898000,1,0.50000000,32119.69
1621996738358000,0,0.09232570,32113.32
1621996739577000,0,0.00100428,32113.32
1621996791873000,0,0.00436000,32132.54
1621996810902000,1,0.01250000,32115.64
1621996812141000,1,0.00206811,32104.92
1621996812620000,0,0.01250000,32103.97
1621996825738000,1,0.11391695,32097.06
1621996825843000,1,0.10006031,32097.06
1621996838761000,0,0.19079439,32086.87
1621996867288000,1,0.25744300,32073.52
1621996880107000,1,0.11030649,32078.73
1621996881835000,0,0.14781182,32083.36
1621996882952000,1,0.12701179,32078.77
1621996892584000,0,0.00173000,32082.71
1621996894461000,1,0.09269824,32069.57
1621996894508000,1,0.12713356,32069.57
1621996904954000,1,0.05491000,32074.63
1621996905911000,1,0.40324511,32074.64
1621996905988000,1,0.09675489,32074.64
1621996909981000,1,0.00304878,32041.50
1621996923668000,0,0.31820138,32067.11
1621996923750000,0,0.19089080,32068.75
1621996925850000,1,0.00114200,32056.20
1621996931022000,1,0.00895700,32066.52
1621996935777000,0,0.00090000,32096.94
1621996936149000,1,0.00127900,32076.56
1621996936684000,1,0.00390600,32076.71
1621996937373000,1,0.00154600,32078.31
1621996937713000,1,0.00784400,32076.70
1621996938368000,1,0.02513200,32076.79
1621996939323000,1,0.02603000,32078.46
1621996939498000,1,0.01124300,32080.06
1621996960511000,0,0.19076561,32093.54
1621996963358000,1,0.20708894,32086.14
1621996964866000,1,0.11853487,32084.34
1621996969276000,1,0.00880000,32086.89
1621996969968000,0,0.25437464,32090.77
1621996969968000,0,0.25437464,32090.78
1621996972042000,1,0.04713928,32073.44
1621996972042000,1,0.01954487,32071.72
1621996973544000,1,0.00168415,32071.72
1621996973878000,1,0.09067608,32074.77
1621996973979000,1,0.31808379,32074.77
1621997000061000,0,0.15394373,32091.54
1621997010954000,0,0.19077056,32091.73
1621997034256000,0,0.00099117,32116.67
1621997043348000,1,0.05977000,32102.96
1621997048053000,1,0.00809879,32098.26
1621997048053000,1,0.05800280,32090.85
1621997048053000,1,0.02161677,32089.53
1621997056971000,0,0.08100000,32124.02
1621997073067000,0,0.07893000,32154.50
1621997073178000,0,0.00000917,32154.50
1621997073178000,0,0.05805621,32164.89
1621997073257000,0,0.04235176,32164.89
1621997075336000,0,0.07817000,32164.36
1621997075349000,1,0.07471045,32163.07
1621997076010000,1,0.11736453,32163.07
1621997076016000,1,0.09138431,32163.07
1621997076028000,1,0.12327981,32163.07
1621997076029000,1,0.08126090,32163.07
1621997083621000,0,0.05000000,32252.06
1621997083982000,0,0.00063881,32255.61
1621997084099000,1,0.07494099,32251.50
1621997085051000,0,0.00093750,32277.69
1621997085091000,0,0.00033194,32277.69
1621997085091000,0,0.08963117,32282.02
1621997085091000,0,1.23053689,32285.73
1621997085145000,0,1.26255885,32285.73
1621997085158000,1,0.02951518,32277.68
1621997085158000,1,0.00092812,32277.68
1621997085158000,1,0.05690717,32271.80
1621997085625000,0,0.50690426,32285.73
1621997086358000,1,0.03445312,32299.99
1621997087892000,0,0.00080495,32274.54
1621997092668000,1,0.02573000,32250.42
1621997093692000,1,0.36800000,32246.49
1621997095567000,1,0.00448000,32230.48
1621997096297000,1,0.00448000,32216.70
1621997098351000,1,0.06580000,32231.03
1621997107034000,1,0.01856893,32235.37
1621997107034000,1,0.07102752,32230.19
1621997107048000,1,0.10238847,32230.19
1621997107102000,1,0.14034047,32230.19
1621997107215000,1,0.03824354,32230.19
1621997123425000,0,0.00101000,32184.94
1621997139001000,0,0.00092000,32174.39
1621997151500000,0,0.00100136,32100.36
1621997152426000,0,0.00184000,32111.18
1621997164840000,1,0.08724000,32096.69
1621997172249000,1,0.25427000,32072.44
1621997187861000,1,0.09790000,32033.77
1621997188142000,1,0.08469853,32047.50
1621997191503000,1,0.10014000,32021.03
1621997197763000,0,0.07830000,32006.78
1621997197766000,0,0.07544692,32006.78
1621997198012000,1,1.08991381,31983.60
1621997200033000,1,0.08100000,31983.50
1621997200033000,1,0.11021349,31983.50
1621997204608000,1,0.00063942,31958.40
1621997204608000,1,0.00062598,31957.76
1621997206415000,1,0.07232138,31938.21
1621997211009000,1,0.03445312,31952.69
1621997211010000,1,0.03445312,31952.69
1621997211010000,1,0.03445312,31952.69
1621997211582000,0,0.00090937,31976.64
1621997211582000,0,0.01328063,31978.77
1621997213310000,0,0.07830000,31987.20
1621997235461000,1,0.03445000,31988.51
1621997236655000,1,0.07606000,31978.78
1621997244168000,1,0.07833000,31969.05
1621997246648000,1,0.07386000,31964.03
1621997246772000,0,0.09826033,31970.93
1621997251220000,1,0.08879000,31953.17
1621997255766000,0,0.15000000,31980.04
1621997255766000,0,0.06420843,31980.05
1621997270689000,0,0.00090000,31989.33
1621997271634000,0,0.09688627,31990.44
1621997278911000,1,0.01123000,31974.46
1621997280276000,0,0.02956526,31982.83
1621997283984000,0,0.03000000,31990.12
1621997326214000,1,0.00259974,31986.35
1621997340161000,0,0.00600000,31985.19
1621997348233000,0,0.31900139,31988.97
1621997355936000,0,0.00306462,31988.54
1621997356356000,0,0.00100004,31976.31
1621997358352000,0,0.05071595,31994.95
1621997359529000,0,0.00650167,31989.17
1621997361243000,0,0.03000000,31997.27
1621997367900000,0,0.00090000,31986.92
1621997370121000,1,0.02226000,31982.34
1621997370189000,1,0.00000814,31982.34
1621997373464000,0,0.00091000,31995.81
1621997388507000,1,0.00124406,32004.58
1621997418700000,1,0.00444000,32000.25
1621997419108000,1,0.00000898,32000.25
1621997419108000,1,0.06470102,31995.89
1621997419313000,1,0.00001724,31995.89
1621997425767000,0,0.08659518,31998.40
1621997425767000,0,0.10469962,31998.40
1621997438100000,0,0.00090000,31988.37
1621997444141000,0,0.00091000,31991.10
1621997453879000,0,0.00262000,32001.45
1621997455364000,1,0.00796943,31979.62
1621997467121000,0,0.00100630,32024.51
1621997498607000,1,0.03308724,31967.29
1621997516576000,0,0.00307022,31976.64
1621997526008000,0,0.01500000,32000.00
1621997526062000,0,0.00045908,32000.00
1621997535139000,0,0.06976000,32003.81
1621997539382000,1,0.00809247,31989.73
1621997545562000,0,0.00092000,32007.75
1621997545590000,0,0.00546278,32007.75
1621997575423000,1,0.00808178,31999.56
1621997598668000,0,0.13298230,32028.31
1621997639860000,1,0.01033300,32036.00
1621997641865000,0,0.06368000,32041.35
1621997646541000,1,0.00495872,32003.06
1621997648892000,0,0.00099000,32009.50
1621997676652000,0,0.00312000,32071.85
1621997695639000,1,0.00288500,32075.91
1621997696315000,0,0.00770487,32091.24
1621997699434000,0,0.06359000,32079.95
1621997700460000,1,0.00814000,32064.87
1621997710629000,0,0.01384000,32094.91
1621997711516000,1,0.00387686,32073.79
1621997713319000,1,0.23823406,32064.87
1621997713439000,1,0.10339188,32064.87
1621997714636000,0,0.00226275,32083.73
1621997728694000,1,0.00157674,32073.73
1621997731458000,1,0.00377505,32070.39
1621997757191000,1,0.00100000,32042.11
1621997780703000,1,0.00071933,32036.33
1621997795835000,0,0.00200000,32040.86
1621997909819000,1,0.20396715,32018.63
1621997909833000,1,0.22603285,32018.63
1621997909970000,1,0.08228250,32014.13
1621997980213000,0,0.07377367,32060.02
1621997989108000,0,0.02906528,32057.19
1621997995228000,0,0.00176064,32052.25
1621998000314000,0,0.04879944,32049.62
1621998000314000,0,0.05272767,32052.26
1621998008571000,0,0.04700000,32097.09
1621998008682000,0,0.05122068,32092.04
1621998008682000,0,0.00058592,32097.09
1621998012315000,1,0.07201077,32120.00
1621998014132000,0,0.07436000,32108.43
1621998014251000,1,0.10241410,32092.64
1621998014715000,0,0.07731223,32101.28
1621998021363000,0,0.01210945,32114.21
1621998026909000,1,0.00524970,32066.86
1621998060910000,0,0.06378000,32076.06
1621998091626000,1,0.03907200,32044.20
1621998120261000,0,0.06724961,32041.79
1621998121370000,0,0.01140000,32031.82
1621998127755000,1,0.00336010,32012.24
1621998134889000,0,0.00739000,32036.45
1621998143134000,0,0.00264633,32040.58
1621998146940000,0,0.00092000,32040.53
1621998153861000,0,0.00340122,32035.46
1621998157629000,0,0.00107000,32031.28
1621998177889000,0,0.00760095,32028.57
1621998192805000,0,0.00898000,32025.59
1621998196267000,0,0.00090000,32025.76
1621998220452000,0,0.02403000,32031.83
1621998234174000,0,0.19112916,32022.93
1621998235704000,1,0.00329963,32002.54
1621998249055000,0,0.48800000,32004.94
1621998256807000,0,0.19128124,31999.75
1621998256839000,0,0.15624715,32001.58
1621998273865000,0,0.00296000,32011.31
1621998307717000,0,0.00091000,32002.23
1621998333588000,0,0.45298149,31975.11
1621998342625000,1,0.15379226,31956.23
1621998351161000,0,0.00384671,31976.48
1621998353863000,0,0.00099299,31969.56
1621998372938000,0,0.23090471,32009.77
1621998373163000,0,0.00150000,32013.89
1621998382859000,1,0.01255599,32021.69
1621998458172000,1,0.11261542,31960.10
1621998458173000,1,0.20631618,31960.10
1621998463753000,1,0.03148669,31956.56
1621998485875000,0,0.18898109,31987.83
1621998485935000,0,0.06619140,31987.83
1621998492470000,0,0.00173000,32003.16
1621998508549000,0,0.02779884,31969.79
1621998513752000,1,0.06597002,31951.71
1621998513752000,1,0.03445312,31950.77
1621998513752000,1,0.06868007,31947.23
1621998554645000,1,0.20267785,31984.51
1621998554731000,1,0.16342853,31984.51
1621998560513000,0,0.00941000,32000.00
1621998560837000,0,0.00000699,32000.00
1621998560837000,0,0.00311301,32011.27
1621998566884000,0,0.00090000,32015.64
1621998583813000,1,0.02500000,31990.35
1621998588095000,0,0.19126793,32005.23
1621998592284000,0,0.00276206,32029.42
1621998615363000,0,0.00597281,32016.93
1621998618503000,0,0.25498000,32009.36
1621998618531000,0,0.00000641,32009.36
1621998618531000,0,0.25498641,32009.37
1621998642536000,0,0.00296000,32031.46
1621998655341000,0,0.19107304,32036.71
1621998655465000,0,0.14170901,32041.31
1621998655674000,0,0.10511267,32041.30
1621998662201000,0,0.00223446,32071.88
1621998668688000,0,0.00548794,32107.94
1621998672946000,0,0.02956000,32131.67
1621998675159000,0,0.00090937,32126.60
1621998675159000,0,0.00008371,32128.84
1621998678151000,1,0.08065031,32080.89
1621998680498000,0,0.02956000,32096.17
1621998681462000,1,0.15000000,32095.29
1621998697243000,0,0.00100086,32077.18
1621998716417000,0,0.08141000,32051.39
1621998728610000,0,0.03000000,32044.52
1621998729672000,0,0.15000000,32054.72
1621998738324000,0,0.01140515,32042.72
1621998739042000,0,0.00498116,32042.72
1621998746426000,0,0.06977000,32027.42
1621998751001000,0,0.00986000,32030.73
1621998754884000,1,0.25470123,32022.84
1621998765329000,0,0.00151000,32039.26
1621998766149000,0,0.02421960,32044.68
1621998782851000,0,0.08871000,32049.64
1621998782959000,0,0.07377000,32045.64
1621998799874000,1,0.03142305,32022.31
1621998807999000,0,0.03114447,32031.36
1621998812219000,1,0.00300000,32028.68
1621998818964000,0,0.00150000,32045.88
1621998837898000,1,0.06464199,32017.15
1621998838140000,1,0.00200000,32017.17
1621998838164000,1,0.00180000,32017.17
1621998838288000,1,0.00431600,32018.77
1621998840305000,0,0.09320623,32047.34
1621998843962000,1,0.00200000,32015.55
1621998843962000,1,0.00563000,32015.54
1621998851630000,1,0.00244400,32009.00
1621998852317000,1,0.00518300,32009.25
1621998853352000,1,0.00079500,32009.25
1621998854962000,1,0.00253800,32009.01
1621998856655000,1,0.00237284,32009.11
1621998882934000,0,0.03000000,32021.31
1621998882934000,0,0.19114559,32021.36
1621998883088000,0,0.03000000,32024.85
1621998887253000,1,0.00759000,32019.45
1621998888431000,1,0.00099000,32024.32
1621998888770000,1,0.00272800,32031.32
1621998888964000,1,0.02799000,32049.35
1621998889058000,0,0.00529706,32050.00
1621998889123000,1,0.00135700,32037.10
1621998897355000,1,0.00353221,32013.17
1621998901102000,0,0.00377273,32035.13
1621998920225000,0,0.11942000,32089.30
1621998921224000,0,0.06623000,32089.17
1621998921344000,1,0.02956723,32088.22
1621998921939000,0,0.00000678,32089.30
1621998921939000,0,0.19068904,32092.75
1621998921939000,0,0.05953488,32094.91
1621998922214000,0,0.19068904,32092.75
1621998922214000,0,0.00402096,32094.91
1621998922431000,1,0.02956723,32081.40
1621998922503000,0,0.04099000,32080.66
1621998922702000,0,0.00213819,32094.91
1621998923749000,0,0.00706000,32100.00
1621998923771000,0,0.00000274,32100.00
1621998925146000,1,0.07490368,32091.54
1621998956884000,0,0.00306571,32068.09
1621998957195000,0,0.00496024,32075.93
1621998968000000,0,1.00000000,32047.72
1621998970477000,0,0.03000000,32083.23
1621998970477000,0,0.00371976,32091.43
1621998986648000,1,0.07784875,32050.89
1621998986648000,1,0.02781160,32044.39
1621999003395000,0,0.03120769,32044.43
1621999015475000,1,0.00062895,32029.12
1621999028016000,1,0.03445312,31999.60
1621999028016000,1,0.03445312,31999.60
1621999028016000,1,0.01172781,31999.60
1621999028017000,1,0.03445312,31999.60
1621999028018000,1,0.06100000,31999.60
1621999033950000,0,0.19116263,32019.70
1621999038173000,1,0.00227000,32026.19
1621999042320000,1,0.03445000,32027.01
1621999049150000,0,0.00599000,32026.08
1621999051643000,1,0.03445312,32005.65
1621999051643000,1,0.00382588,32000.35
1621999051828000,1,0.00281300,32005.99
1621999052513000,1,0.00281200,32005.99
1621999058566000,1,0.00126142,32023.92
1621999068973000,1,0.08945126,32018.80
1621999071340000,0,0.00498389,32025.13
1621999072790000,0,0.00240000,32023.52
1621999074467000,0,0.00596318,32023.51
1621999080276000,0,0.32514697,32042.43
1621999089764000,0,0.00316220,32032.61
1621999092125000,1,0.00426116,32014.06
1621999104794000,0,0.08242000,32056.91
1621999107857000,0,0.06912000,32056.54
1621999112897000,0,0.07250815,32060.23
1621999112897000,0,0.06719605,32066.84
1621999112897000,0,0.47704675,32070.41
1621999130035000,0,0.03000000,32063.46
1621999146812000,0,0.00150859,32079.44
1621999156324000,0,0.06362000,32073.34
1621999164499000,0,0.61161448,32100.00
1621999164509000,0,0.21510900,32100.00
1621999164509000,0,0.00794559,32100.00
1621999182345000,0,0.06600000,32088.48
1621999182508000,0,0.00017074,32088.48
1621999185965000,0,0.02400000,32109.82
1621999186724000,0,0.00395008,32109.82
1621999186786000,0,0.46004992,32109.82
1621999187232000,0,0.19061847,32115.41
1621999187648000,0,0.00197837,32116.55
1621999188159000,0,1.26936838,32116.55
1621999188371000,1,0.48800000,32114.10
1621999188481000,0,0.09854885,32116.55
1621999188485000,0,0.29982371,32116.55
1621999188860000,0,0.01900000,32116.55
1621999188982000,0,1.22728069,32116.55
1621999189461000,0,0.36126725,32117.35
1621999189721000,0,0.03445312,32125.49
1621999190236000,0,0.27839489,32134.68
1621999200265000,0,0.00397280,32150.00
1621999200265000,0,0.00937894,32150.51
1621999203938000,1,0.00500000,32158.80
1621999203956000,1,0.00077500,32158.80
1621999261312000,0,0.00609400,32121.55
1621999275748000,1,0.19062000,32085.42
1621999275975000,1,0.00000450,32085.42
1621999275975000,1,0.05597550,32081.83
1621999306071000,1,0.05229000,32085.67
1621999308766000,1,0.00000626,32085.67
1621999308858000,0,0.00279864,32084.59
1621999323996000,1,1.27066000,32055.42
1621999324214000,1,0.00000199,32055.42
1621999342794000,1,0.19082577,32051.66
1621999342840000,1,0.40572972,32052.37
1621999342918000,1,0.51927028,32052.37
1621999342918000,1,0.00775817,32051.66
1621999343013000,1,0.16009314,32045.94
1621999343968000,0,0.00897000,32060.59
1621999345323000,0,0.05980000,32060.97
1621999348337000,1,0.11979995,32052.16
1621999348346000,1,0.07098976,32052.16
1621999348366000,1,0.12292806,32050.62
1621999368302000,0,0.00898000,32054.33
1621999368445000,0,0.18191741,32054.33
1621999372194000,0,0.00610500,32063.60
1621999373750000,0,0.00200195,32063.60
1621999383878000,0,0.00197000,32047.73
1621999396048000,0,0.00225808,32046.00
1621999396568000,0,0.03000000,32046.41
1621999406487000,0,0.00311000,32085.46
1621999413344000,0,0.00626857,32088.42
1621999435591000,0,0.00284000,32079.92
1621999447838000,0,0.00515000,32100.00
1621999449773000,0,0.00000302,32100.00
1621999458035000,0,0.06425000,32125.55
1621999458487000,0,0.00000109,32125.55
1621999472670000,0,0.02006000,32105.21
1621999474825000,0,0.00725812,32105.11
1621999487058000,0,0.00092000,32115.45
1621999506413000,0,0.00311000,32086.04
1621999506646000,0,0.00311000,32084.75
1621999506882000,0,0.00311000,32084.75
1621999507271000,0,0.00311000,32084.75
1621999518879000,0,0.03117168,32081.33
1621999551228000,1,0.00126000,32092.08
1621999551582000,1,0.04834100,32096.16
1621999556901000,0,0.13249045,32120.60
1621999560848000,1,0.00118755,32109.72
1621999560965000,1,0.01130000,32109.73
1621999570663000,0,0.02338961,32143.14
1621999593145000,0,0.03000000,32109.16
1621999593145000,0,0.00073924,32110.25
1621999617117000,0,0.00186418,32105.11
1621999624520000,0,0.03000000,32104.82
1621999624520000,0,0.19059887,32104.83
1621999624648000,0,0.07284905,32104.83
1621999624684000,0,0.06855978,32104.83
1621999624703000,0,0.31770039,32109.20
1621999629420000,1,0.10582227,32103.51
1621999629420000,1,0.06113007,32102.35
1621999651402000,1,0.01118000,32107.07
1621999652301000,0,0.00721102,32123.05
1621999656373000,1,0.13576373,32102.13
1621999656383000,1,0.11823725,32102.13
1621999656386000,1,0.16076964,32097.79
1621999656391000,1,0.13005199,32097.79
1621999656404000,1,0.02668965,32097.79
1621999656426000,1,0.20072843,32095.53
1621999656428000,1,0.11680376,32095.53
1621999656435000,1,0.50781744,32093.85
1621999656488000,1,1.75000000,32088.45
1621999659507000,1,0.06284000,32069.01
1621999663018000,1,0.08275000,32074.98
1621999666037000,1,0.00520500,32062.10
1621999666560000,1,0.00314000,32071.33
1621999669050000,0,0.07000000,32102.13
1621999669072000,0,0.00225802,32102.13
1621999680348000,0,0.01497184,32135.96
1621999699508000,1,0.05753151,32120.50
1621999699568000,1,0.00311616,32120.14
1621999709447000,0,0.03000000,32131.59
1621999709447000,0,0.19044149,32131.60
1621999709460000,0,0.25392985,32132.38
1621999709460000,0,0.25392985,32132.40
1621999709745000,0,0.11504677,32132.40
1621999710781000,0,0.10598369,32144.76
1621999710790000,0,0.12483528,32144.76
1621999711933000,0,1.00000000,32144.76
1621999712050000,0,0.21218103,32144.76
1621999717000000,1,0.20084836,32136.67
1621999727311000,1,0.00105600,32140.43
1621999728911000,0,0.00300000,32150.00
1621999729282000,0,0.00086477,32150.00
1621999729282000,0,0.00252523,32150.00
1621999729358000,0,0.00001118,32150.00
1621999741236000,0,0.01150464,32181.77
1621999742370000,0,0.00894000,32181.69
1621999767115000,0,0.19012120,32188.44
1621999768630000,0,0.00397279,32200.00
1621999768706000,0,0.00000001,32200.00
1621999776666000,0,0.00273509,32202.81
1621999786937000,1,0.00075500,32193.09
1621999788835000,1,0.02436400,32186.85
1621999805138000,1,0.31678561,32172.49
1621999808373000,0,0.00310000,32170.59
1621999809279000,0,0.02638104,32170.59
1621999809279000,0,0.12711137,32180.09
1621999815577000,0,0.00099981,32159.24
1621999818571000,0,0.28400000,32169.01
1621999819857000,0,0.00173000,32175.31
1621999832140000,1,0.38600000,32156.53
1621999832356000,1,0.08219000,32156.50
1621999836632000,0,0.03000000,32165.31
1621999836632000,0,0.19024606,32167.06
1621999846101000,0,0.13955360,32176.49
1621999846149000,0,0.17751496,32176.49
1621999856393000,1,0.00312700,32165.72
1621999867411000,1,0.19009387,32171.37
1621999868247000,1,0.01703434,32163.90
1621999874405000,0,0.00101686,32183.91
1621999874405000,0,0.00077427,32187.99
1621999882875000,0,0.01344000,32184.25
1621999889975000,1,0.13865249,32167.12
1621999890061000,1,0.21069502,32167.12
1621999895415000,1,0.15000000,32165.52
1621999895415000,1,0.48800000,32165.51
1621999895649000,1,0.18478315,32161.30
1621999896315000,1,0.00500000,32161.30
1621999896647000,1,0.00036238,32161.30
1621999897001000,1,0.00000825,32156.50
1621999898340000,1,0.25000000,32151.69
1621999898935000,1,0.15000000,32151.69
1621999900155000,1,0.08161000,32150.86
1621999900253000,1,0.00000337,32150.86
1621999900253000,1,1.30057663,32150.77
1621999900314000,1,0.20000000,32150.77
1621999900681000,1,0.27342000,32150.77
1621999900771000,1,0.00000337,32150.77
1621999900771000,1,0.21115727,32148.57
1621999903502000,0,0.10166485,32156.01
1621999903515000,0,0.08861978,32156.01
1621999903515000,0,0.03917774,32156.64
1621999903597000,0,0.21455378,32156.64
1621999903597000,0,0.22060634,32158.11
1621999910601000,0,0.19030000,32155.02
1621999913949000,0,0.00514000,32159.28
1621999915524000,1,0.22100082,32148.57
1621999915530000,1,0.07390686,32148.57
1621999918422000,0,0.19029461,32158.11
1621999918422000,0,0.06956877,32159.28
1621999920313000,0,0.12548651,32163.38
1621999923102000,1,0.15721496,32148.57
1621999923138000,1,0.16177391,32148.57
1621999923215000,1,0.22774264,32148.57
1621999923617000,1,0.72120000,32148.57
1621999924044000,1,0.00000354,32148.57
1621999924044000,1,0.19999646,32146.69
1621999924109000,1,0.07587675,32146.69
1621999924136000,1,0.08500000,32146.69
1621999924142000,1,0.25000000,32146.69
1621999924152000,1,0.09143088,32146.69
1621999924176000,1,0.18469591,32146.69
1621999925598000,1,0.31088129,32133.48
1621999925598000,1,0.00094687,32133.47
1621999932968000,0,0.00240000,32134.47
1621999942122000,0,0.18872000,32133.54
1621999942123000,0,0.00311000,32133.54
1621999947681000,1,0.00092812,32127.03
1621999957138000,0,0.19060328,32105.40
1621999957138000,0,0.06351094,32109.94
1621999962388000,1,0.01248927,32088.74
1621999962498000,0,0.03000000,32111.14
1621999962498000,0,0.16056000,32111.15
1621999962537000,0,0.03000998,32111.15
1621999962603000,0,0.03000000,32112.99
1621999962636000,0,0.29567185,32115.45
1621999976945000,0,0.00152783,32105.29
1621999985589000,1,0.00253000,32078.94
1621999985790000,1,0.01746100,32078.98
1622000003592000,0,0.03000000,32108.14
1622000003670000,0,0.00411245,32112.30
1622000018637000,0,0.02943951,32118.83
1622000018637000,0,0.07128220,32118.98
1622000018637000,0,0.19051195,32124.41
1622000018637000,0,0.05367004,32126.52
1622000024316000,1,0.00244938,32102.09
1622000052651000,0,0.00211003,32151.45
1622000053426000,0,0.03427132,32151.45
1622000062518000,0,0.02982000,32156.90
1622000072375000,1,0.00127259,32113.23
1622000076005000,0,0.00311000,32130.80
1622000083318000,0,0.07090949,32116.55
1622000112064000,1,0.00847814,32073.67
1622000135526000,0,0.00155109,32080.65
1622000139308000,1,0.18287061,32058.42
1622000144304000,0,0.01174828,32068.18
1622000169370000,0,0.00181724,32073.37
1622000172141000,1,0.00424949,32054.22
1622000182389000,0,0.00471000,32063.84
1622000183586000,1,0.07248791,32053.45
1622000183621000,1,0.12766177,32053.45
1622000183631000,1,0.07083168,32053.45
1622000183632000,1,0.13756133,32053.45
1622000183636000,1,0.06696832,32053.45
1622000188906000,0,0.01199897,32073.17
1622000204129000,0,0.00805682,32108.95
1622000204230000,0,0.00875107,32108.95
1622000210035000,0,0.00311000,32089.06
1622000216603000,1,0.00938248,32050.08
1622000229085000,0,0.00449000,32054.26
1622000253660000,1,0.00099038,32058.76
1622000284375000,0,0.00188000,32060.71
1622000285119000,0,0.02737634,32059.54
1622000285223000,0,0.00785651,32059.54
1622000298453000,0,0.00197000,32054.06
1622000314632000,0,0.04811969,32069.64
1622000331512000,0,0.07400000,32090.04
1622000331512000,0,0.02943951,32091.64
1622000331512000,0,0.19072401,32093.69
1622000331512000,0,0.01149900,32095.72
1622000340056000,0,0.01483395,32094.19
1622000343941000,0,0.00312000,32100.00
1622000344857000,0,0.00122787,32100.00
1622000344857000,0,0.00289858,32100.00
1622000347995000,1,0.07821000,32111.00
1622000359420000,0,0.00746000,32126.13
1622000379733000,0,0.00288464,32134.15
1622000407816000,1,0.06440818,32092.74
1622000407824000,1,0.07387185,32092.74
1622000418062000,1,0.10342000,32081.43
1622000431689000,0,0.00097650,32084.15
1622000432160000,0,0.01201940,32084.15
1622000433528000,0,0.00387050,32073.59
1622000456236000,1,0.01095000,32058.69
1622000456371000,1,0.00000772,32058.69
1622000456702000,0,0.00306287,32067.57
1622000466144000,0,0.00341542,32073.29
1622000476747000,0,0.00157710,32072.04
1622000501794000,0,0.39846195,32087.27
1622000509387000,0,0.00369000,32101.30
1622000516547000,0,0.03000000,32098.60
1622000516547000,0,0.00060101,32098.61
1622000520293000,0,0.07828390,32082.71
1622000520293000,0,0.07095697,32094.81
1622000520293000,0,0.40000000,32097.31
1622000520293000,0,0.07410498,32097.32
1622000542532000,1,0.35000000,32094.65
1622000542596000,1,0.13800000,32094.65
1622000549927000,0,0.09000000,32107.34
1622000550242000,0,0.94736536,32107.36
1622000550380000,0,0.94232921,32107.36
1622000551428000,0,0.36666431,32107.36
1622000551447000,0,0.05392868,32107.36
1622000552530000,0,0.19051033,32107.36
1622000553766000,1,0.13800000,32104.03
1622000567008000,1,0.10828875,32098.60
1622000567010000,1,0.10308237,32098.60
1622000586757000,0,0.00334759,32117.50
1622000605883000,0,0.00369000,32115.84
1622000614766000,0,0.00152331,32116.06
1622000617813000,0,0.00149000,32115.67
1622000621521000,0,0.25078844,32117.50
1622000634101000,0,0.00095625,32118.29
1622000640330000,0,0.00649430,32135.91
1622000665862000,1,0.00330000,32108.22
1622000687774000,0,0.00149000,32121.96
1622000696503000,1,0.00625078,32114.10
1622000704100000,0,0.00305468,32127.71
1622000710934000,0,0.00189047,32132.02
1622000715114000,0,0.08763844,32132.02
1622000715157000,0,0.12326513,32132.02
1622000715192000,0,0.10911546,32132.02
1622000715200000,0,0.11320348,32132.02
1622000715436000,0,0.05288702,32132.02
1622000715436000,0,0.00617670,32133.90
1622000727653000,1,0.09072327,32129.40
1622000731969000,0,0.00267529,32143.56
1622000735116000,1,0.00339500,32129.05
1622000745686000,0,0.00311000,32148.83
1622000757475000,0,0.00434000,32150.00
1622000758017000,0,0.00000787,32150.00
1622000758017000,0,0.02999213,32153.20
1622000760295000,0,0.07653446,32166.80
1622000761596000,0,0.04042000,32166.80
1622000763972000,0,0.00000523,32166.80
1622000766642000,0,0.00099436,32185.64
1622000769052000,0,0.00143361,32188.11
1622000769724000,0,0.00768800,32188.06
1622000773404000,1,0.00406060,32172.17
1622000782533000,0,0.00311000,32187.50
1622000782533000,0,0.01302000,32187.50
1622000798489000,0,0.00309120,32188.11
1622000799475000,0,0.01860469,32188.11
1622000805211000,0,0.10654485,32188.11
1622000805338000,0,0.15000000,32188.11
1622000805407000,0,0.25000000,32188.11
1622000805507000,0,0.25000000,32188.11
1622000822926000,1,0.09049547,32171.32
1622000823003000,1,0.09963315,32171.32
1622000823005000,1,0.12169637,32169.58
1622000823021000,1,0.11598535,32169.58
1622000823032000,1,0.01582548,32169.58
1622000823639000,0,0.30000000,32172.46
1622000833603000,0,0.00386701,32175.90
1622000835812000,0,0.02013972,32188.11
1622000836518000,0,0.61918000,32188.11
1622000836709000,0,0.00000593,32188.11
1622000836709000,0,0.00088407,32200.58
1622000842319000,0,0.00062537,32229.40
1622000844248000,0,0.00063881,32255.61
1622000844355000,1,0.07422605,32237.93
1622000844530000,1,0.03445312,32257.41
1622000844793000,0,0.04517240,32246.21
1622000844838000,0,0.00785627,32246.21
1622000845096000,0,0.00154252,32252.26
1622000845109000,0,0.08462560,32252.26
1622000845312000,0,0.11433017,32275.40
1622000845849000,1,0.07703057,32274.01
1622000846879000,1,0.08080143,32272.01
1622000847976000,1,0.06156393,32275.09
1622000848113000,1,0.06377313,32275.09
1622000856470000,0,0.01503503,32256.10
1622000858773000,0,0.02953000,32233.34
1622000859917000,0,0.02953000,32240.11
1622000867810000,0,0.00361035,32229.52
1622000876764000,0,0.00302289,32234.33
1622000879646000,0,0.00310000,32237.55
1622000880289000,0,0.02387692,32231.63
1622000883604000,1,0.18985000,32209.91
1622000897403000,0,0.00722218,32206.06
1622000900886000,0,0.05000000,32206.87
1622000901958000,0,0.43800000,32206.87
1622000907598000,0,0.00149000,32189.26
1622000913424000,1,0.69223000,32206.91
1622000913494000,1,0.20000000,32206.91
1622000913685000,1,0.10777000,32206.91
1622000954321000,0,0.00163947,32205.41
1622000960337000,0,0.00217117,32195.33
1622000967056000,0,0.00110000,32183.56
1622000970695000,0,0.00077487,32191.65
1622000970813000,0,0.00081881,32183.00
1622000987823000,1,0.03013081,32157.77
1622001000406000,0,0.48800000,32169.95
1622001000406000,0,0.19024966,32170.01
1622001000406000,0,0.25367534,32170.39
1622001000406000,0,0.25366771,32171.42
1622001000406000,0,0.81440729,32175.01
1622001005056000,0,0.00723654,32162.93
1622001007425000,0,0.03798906,32153.78
1622001013069000,0,0.00310000,32145.63
1622001022144000,0,0.11029000,32147.43
1622001023754000,0,0.00000192,32147.43
1622001025147000,0,0.48800000,32150.91
1622001028389000,0,0.01859549,32158.53
1622001039785000,0,0.00784361,32158.19
1622001060291000,0,0.05964000,32158.53
1622001064008000,0,0.00000647,32158.53
1622001082406000,1,0.14398256,32149.99
1622001102132000,0,0.02706650,32162.25
1622001108091000,1,0.00565600,32151.30
1622001111292000,0,0.00311000,32151.30
1622001116489000,0,0.00000300,32151.30
1622001116489000,0,0.00305060,32164.43
1622001188244000,0,0.00180000,32230.48
1622001213061000,1,0.05079168,32200.47
1622001219411000,0,0.00590306,32210.35
1622001220381000,0,0.03929730,32210.35
1622001233431000,0,0.00506849,32198.96
1622001236526000,0,0.00305096,32198.96
