timestamp ms,type,amount,price
1627950536509000,1,20.00000000,8.8200
1627950640877000,1,20.00000000,8.8400
1627950961061000,1,20.00000000,8.8600
1627951008354000,1,5.77146169,8.8600
1627952118400000,1,25.01598943,8.7900
1627952118401000,1,0.00000001,8.7900
1627952126656000,1,112.11855237,8.7700
1627952127767000,1,0.00000001,8.7700
1627954155806000,0,28.70300000,8.5600
1627954160497000,0,16.47900000,8.5600
1627956080157000,0,28.80200000,8.5200
1627956085554000,0,6.75300000,8.5200
1627956104300000,0,6.75400000,8.5200
1627962023210000,0,45.28000000,8.5200
1627962528950000,0,25.01598944,8.5100
1627962528950000,0,3.85301056,8.5100
1627963670757000,0,45.32900000,8.5100
1627965607703000,1,3.84139446,8.5000
1627965662531000,0,5.82552692,8.5200
1627966676086000,0,45.36000000,8.5000
1627966899696000,0,140.38490000,8.4600
1627966941411000,0,29.00300000,8.4700
1627966954955000,0,29.00300000,8.4600
1627966956140000,0,16.40700000,8.4600
1627966999572000,0,29.07000000,8.4400
1627967005462000,0,29.07000000,8.4400
1627967010781000,0,29.07000000,8.4400
1627967018073000,0,16.39000000,8.4400
1627967179419000,0,29.20600000,8.4100
1627967185379000,0,29.20600000,8.4100
1627967189375000,0,29.20600000,8.4100
1627967196424000,0,2.84700000,8.4200
1627968074686000,0,59.43701720,8.4300
1627968078229000,0,59.37412852,8.4400
1627968081663000,0,59.37412852,8.4400
1627970773995000,1,21.21843003,8.4800
1627972559682000,0,9.34272299,8.5100
1627981749156000,0,58.60942135,8.5400
1627981860438000,0,58.46838407,8.5400
1627981907318000,0,0.14103728,8.5400
1627981907318000,0,55.43477027,8.9600
1627988055198000,0,58.06646413,8.6200
1627988114512000,0,9.19168589,8.6300
1627988329552000,0,5.73817760,8.6200
1627988421578000,0,22.79890287,8.6200
1627991929829000,0,9.19168589,8.6400
1627992160709000,0,5.73156680,8.5800
1627993797356000,0,9.23433873,8.5800
1627994077190000,0,5.77146169,8.5700
1627995429929000,1,41.46410000,8.6900
1627995431850000,1,41.41700000,8.6900
1627995432996000,1,5.18130000,8.7000
1627995441169000,1,41.33150000,8.7100
1627995443874000,1,4.94952510,8.7100
1627995443874000,1,5.38127490,8.7100
1627995448042000,1,5.16580000,8.7100
1627995468946000,1,5.16580000,8.7100
1627995592259000,1,24.37467833,8.7000
1628003979523000,1,45.15651991,8.5000
1628003979523000,1,112.89184811,8.5000
1628003979546000,0,98.24872000,8.4300
1628003979552000,1,195.52714615,8.4900
1628003979600000,0,58.76983387,8.4700
1628004083043000,0,84.24850000,8.4500
1628004285050000,0,59.37998332,8.4300
1628004285050000,0,3.93341668,8.4400
1628004335780000,0,5.87367177,8.4300
1628004412062000,0,6.40730000,8.4200
1628004647799000,0,54.13031914,8.4500
1628007345705000,1,51.74753018,8.4300
1628010952174000,1,43.99025474,8.5000
1628014051235000,1,59.19058757,8.4300
1628014051235000,1,6.71025071,8.4300
1628015158887000,0,58.89568145,8.5100
1628015503933000,0,58.75263589,8.5300
1628015503933000,0,15.64972565,8.5800
1628017529967000,0,58.40722483,8.5700
1628017529967000,0,138.90170065,8.5700
1628017730516000,0,58.47153063,8.5700
1628017730516000,0,24.37467833,8.5800
1628023437191000,1,46.59096046,8.4700
1628023437191000,1,58.89442746,8.4700
1628023437191000,1,8.55880370,8.4600
1628030923293000,1,24.50687737,8.5000
1628031568712000,0,24.50687737,8.5000
