timestamp ms,type,amount,price
1628125754642000,1,11.45068027,9.1700
1628128584305000,1,29.17410000,9.2500
1628130316437000,1,54.31984341,9.1900
1628130316437000,1,5.89808117,9.1900
1628131244859000,1,38.85040000,9.2600
1628131246829000,1,4.85570000,9.2600
1628131254910000,1,29.11030000,9.2700
1628131256062000,1,4.85130000,9.2700
1628131273131000,1,4.84600000,9.2800
1628131284021000,1,4.84600000,9.2800
1628131286907000,1,29.04590000,9.2900
1628131288248000,1,4.84070000,9.2900
1628131293392000,1,38.68660000,9.3000
1628131512244000,1,38.63910000,9.3100
1628131513400000,1,0.81673468,9.3100
1628131513400000,1,4.01266532,9.3100
1628131518465000,1,28.95210000,9.3200
1628131519678000,1,4.82500000,9.3200
1628132550174000,1,26.97190000,9.3500
1628132618195000,1,36.58183103,9.3600
1628132957748000,0,7.43637328,9.4300
1628132996133000,1,12.30911984,9.4400
1628133159149000,0,22.50000000,9.4800
1628133196106000,0,16.87500000,9.5500
1628133282386000,1,53.02200000,9.6100
1628133286914000,1,26.48300000,9.5800
1628133292267000,1,26.48300000,9.5800
1628133296880000,1,26.48300000,9.6000
1628133301913000,1,26.48300000,9.6000
1628133358706000,0,25.31250000,9.6600
1628133588506000,1,26.37200000,9.5500
1628133623342000,1,25.31250000,9.5200
1628135020856000,1,6.46400000,9.7000
1628135352766000,1,26.12300000,9.7400
1628135358474000,1,26.12300000,9.7300
1628135367850000,1,6.44800000,9.7400
1628135377004000,1,6.44700000,9.7300
1628136510948000,1,9.94664479,9.7200
1628138686178000,1,52.46961867,9.5100
1628138686180000,1,0.00000001,9.5100
1628141989306000,1,51.33500000,9.9300
1628141992325000,0,4.97500000,10.0000
1628141993901000,1,25.66800000,9.9300
1628142076993000,0,75.31556612,10.0000
1628142076993000,0,174.41812192,10.0000
1628142077449000,0,21.34687500,10.0000
1628142077501000,0,249.28110604,10.0000
1628142078091000,0,249.29706233,10.0000
1628142078151000,0,25.91919000,10.0000
1628142078156000,0,394.33615423,10.0000
1628142078243000,0,24.97960816,10.0000
1628142078617000,0,249.28331833,10.0000
1628142079139000,0,249.05300067,10.0000
1628142079357000,0,3.34981193,10.0000
1628142079676000,0,248.91000457,10.0000
1628142080234000,0,248.88356088,10.0000
1628142080633000,0,24.69668693,10.0000
1628142080751000,0,248.93379575,10.0000
1628142081272000,0,21.79208793,10.0000
1628142081272000,0,6.30221058,10.0100
1628142294717000,1,25.45800000,9.9900
1628142299566000,1,25.45800000,10.0000
1628142304701000,1,8.36000000,10.0000
1628142316822000,1,6.36400000,10.0000
1628142470867000,1,25.32900000,10.0400
1628142475724000,1,5.44334732,10.0400
1628142475724000,1,19.88565268,10.0300
1628142481483000,1,25.32900000,10.0300
1628142486214000,1,4.53154799,10.0300
1628142486214000,1,20.79745201,10.0100
1628142490843000,1,25.32900000,10.0300
1628142506670000,1,20.00000000,10.0400
1628142677393000,1,25.27800000,10.0800
1628142682522000,1,17.23200000,10.1000
1628142828543000,1,25.20100000,10.1000
1628142833147000,1,1.48118776,10.1000
1628142833147000,1,23.71981224,10.1000
1628142839742000,1,17.23600000,10.1000
1628143010543000,1,26.09889202,10.0500
1628143010556000,1,0.00000001,10.0500
1628143654629000,1,16.17081252,9.7800
1628143654647000,1,9.12315832,9.7800
1628143663730000,1,25.08453058,9.7600
1628144772663000,0,2.39958592,9.6600
1628146819466000,1,51.89218696,9.6100
1628146819466000,1,29.32979689,9.6100
1628146819466000,1,73.25544278,9.6100
1628148311666000,1,52.22575272,9.5500
1628148311752000,0,9.35737194,9.5500
1628149522016000,1,21.34019701,9.5100
1628153395676000,0,52.13664728,9.6000
1628153395676000,0,21.34019701,9.6000
1628153395676000,0,30.43669737,9.6000
1628153436762000,1,3.91354166,9.5600
1628153636543000,1,21.45633556,9.5100
1628153685951000,1,174.41812192,9.5000
1628153685951000,1,21.34687500,9.5000
1628153685951000,1,67.54220166,9.5000
1628153686043000,1,7.45460558,9.5000
1628153694047000,1,174.28429880,9.5000
1628153694047000,1,89.03916207,9.5000
1628153697472000,1,160.25790026,9.5000
1628153697472000,1,25.91919000,9.5000
1628153697472000,1,77.16628172,9.5000
1628153698018000,1,263.37953870,9.5000
1628153698535000,1,53.79033381,9.5000
1628153698535000,1,24.97960816,9.5000
1628153698535000,1,184.68646061,9.5000
1628153699042000,1,64.59685772,9.5000
1628153699042000,1,198.97823617,9.5000
1628153699581000,1,50.07476450,9.5000
1628153699581000,1,3.34981193,9.5000
1628153699581000,1,210.15741660,9.5000
1628153700087000,1,38.75258797,9.5000
1628153700087000,1,224.82086659,9.5000
1628153700691000,1,24.06269429,9.5000
1628153700691000,1,24.69668693,9.5000
1628153700691000,1,214.82949554,9.5000
1628153701339000,1,34.10430021,9.5000
1628153701339000,1,21.79208793,9.5000
1628154001033000,0,21.45633556,9.3900
1628154001549000,1,2.39958592,9.3800
1628154034400000,1,27.31256010,9.3500
1628154034400000,1,53.32336823,9.3400
1628154034400000,1,66.00228964,9.3400
1628154045103000,1,25.96982333,9.3400
1628154045103000,1,53.33963731,9.3400
1628154095191000,0,3.18230275,9.3600
1628154095857000,0,5.30383793,9.3600
1628155374071000,0,38.61520000,9.2000
1628156985999000,0,48.53220000,9.1500
1628156990834000,0,38.86870000,9.1400
1628156993986000,0,38.91120000,9.1300
1628156997445000,0,4.86300000,9.1300
1628157010539000,0,4.86840000,9.1200
1628157053921000,0,4.86840000,9.1200
1628157065920000,0,4.86840000,9.1200
1628157077102000,0,64.01310000,9.1000
1628157103882000,1,54.95245178,9.0800
1628157103882000,1,25.64105557,9.0700
1628157103882000,1,149.84347733,9.0600
1628157106396000,1,54.95245178,9.0800
1628157106396000,1,16.94146422,9.0600
1628157106396000,1,64.09457957,9.0600
1628157106396000,1,51.48428678,9.0500
1628162246945000,1,20.00000000,9.4300
1628166217219000,1,25.93129856,9.3400
1628166217219000,1,26.56758287,9.3400
1628173320673000,1,52.45693155,9.5100
1628173320673000,1,47.54306845,9.5000
1628174367297000,0,87.38604000,9.5700
1628174367297000,0,52.34341399,9.5700
1628174367297000,0,860.27054601,9.6400
1628175611312000,1,38.37041809,9.5600
1628175809485000,1,37.43374928,9.5200
1628175809485000,1,52.46507452,9.5100
1628175809485000,1,83.40017620,9.5100
1628176764105000,0,25.30061200,9.6300
1628176789938000,1,5.30383793,9.6100
1628176948926000,0,87.74330000,9.6100
1628176948926000,0,227.73745315,9.6200
1628176948926000,0,52.14287188,9.6200
1628176948926000,0,24.69668693,9.6500
1628176948926000,0,115.30981824,9.6600
1628176948926000,0,22.40990990,10.0000
1628176948926000,0,469.95995990,10.0000
1628177321673000,0,52.31611700,9.5800
1628177321673000,0,229.68277234,9.9700
1628177321673000,0,424.31391550,9.9800
1628177321673000,0,293.68719516,10.0000
1628177476716000,0,52.28993701,9.5800
1628177476798000,1,52.28993701,9.5800
1628177476952000,1,261.39086584,9.5800
1628177477485000,1,261.35315829,9.5800
1628177477917000,1,52.27751948,9.5800
1628177477984000,1,222.00818571,9.5800
1628178115695000,1,21.10164215,9.5100
1628185153399000,0,53.02798411,9.4400
1628185153466000,1,6.97201589,9.4400
1628185192267000,0,3.14873417,9.4500
1628190648041000,1,4.80227272,9.4600
1628194373390000,0,21.17021276,9.4000
1628194402556000,0,3.16207620,9.4000
1628194907101000,1,41.10529265,9.2300
1628194907101000,1,91.00758000,9.2300
1628194907101000,1,103.23878258,9.2300
1628194907101000,1,54.03570991,9.2300
1628194907101000,1,248.89156502,9.2200
1628194907101000,1,461.72106984,9.1900
1628195357065000,0,21.10164214,9.2600
1628195357125000,0,0.00000001,9.2600
1628195630138000,1,21.11028372,9.2200
1628198007522000,0,90.33573999,9.3300
1628198007673000,0,6.17417173,9.3400
1628200131819000,0,2.52476290,9.4900
1628200991607000,1,18.29622517,9.4700
1628200991607000,1,45.74056293,9.4700
1628200991607000,1,118.92546362,9.4700
1628200991659000,1,0.00000001,9.4700
1628201761548000,0,21.11028372,9.5300
1628201783191000,1,17.31873841,9.5900
1628201783191000,1,2.68126159,9.5800
1628201801730000,1,17.17832022,9.5700
1628201801730000,1,17.17111492,9.5700
1628201929532000,1,10.00000000,9.5600
1628205652634000,1,20.00000000,9.6100
1628205931386000,1,33.02042721,9.6200
1628205977461000,1,32.74067221,9.6000
1628207305266000,1,21.15820054,9.4700
1628210122687000,1,33.89287011,9.4300
1628210122687000,1,84.74750946,9.4300
1628210122687000,1,42.27540274,9.4300
1628210130826000,1,10.64635597,9.4300
1628210130826000,1,12.96189145,9.4200
1628210147224000,0,3.15205912,9.4600
1628211056260000,0,88.24150000,9.4800
1628213548475000,0,21.15820053,9.6400
1628213548538000,0,0.00000001,9.6400
1628215489116000,0,4.60498960,9.6200
1628218760543000,1,25.29752626,9.7900
1628230889674000,0,23.88726513,9.5800
1628230968565000,1,30.86819980,9.5600
1628231017046000,0,23.88622129,9.5800
1628233146054000,0,60.00000000,9.5700
1628239335058000,0,11.94337159,9.6800
1628239335061000,0,0.00000001,9.6800
1628239589681000,1,8.95752870,9.8300
1628239627504000,1,3.77895742,9.8500
1628239909808000,1,5.77340717,9.6900
1628241687477000,0,122.53040056,9.6400
1628241687527000,0,0.00000001,9.6400
1628242592832000,1,259.93254266,9.6300
1628242592838000,1,422.55545286,9.6300
1628242593011000,1,106.70040448,9.6300
1628252750441000,0,17.32022152,9.8900
1628252794394000,0,0.00000001,9.8900
1628260104559000,1,2.50000000,9.6600
1628260332220000,0,14.26131687,9.7200
1628261207867000,1,38.21881423,9.7700
1628261207867000,1,95.54703558,9.7700
1628264169379000,1,51.12263484,9.7500
1628264169379000,1,38.10664493,9.7500
1628264169379000,1,86.15383999,9.7500
1628264169512000,1,0.00000001,9.7500
1628264169512000,1,85.58436999,9.7200
1628265527510000,0,10.00000000,9.8700
1628266052369000,0,118.46606691,9.9400
1628266427993000,0,119.34468412,9.8600
1628268056553000,1,20.68577680,9.8200
1628268056605000,1,0.00000001,9.8200
1628269624043000,0,4.55271319,9.8900
1628271126687000,0,62.99999999,9.9900
1628271126689000,0,0.00000001,9.9900
1628271163805000,1,20.00000000,10.0300
1628271222026000,0,10.99999999,10.0800
1628272036630000,1,57.50000000,9.9400
1628276799574000,1,36.32155171,10.0600
1628276799574000,1,21.17844829,10.0600
1628276949860000,1,35.84016698,10.0700
1628276949860000,1,52.95443302,10.0700
1628276992736000,0,0.00000001,10.0800
1628277397949000,1,8.87100000,10.0800
1628277472826000,1,35.45880000,10.0900
1628277478857000,1,4.43310000,10.0900
1628277606964000,1,8.85320000,10.1000
1628277616669000,1,8.85320000,10.1000
1628277880039000,1,61.91150000,10.1100
1628277994897000,1,25.96540000,10.1900
1628280024324000,1,6.25700000,10.3300
1628280062911000,1,24.55800000,10.3300
1628280066942000,1,17.35400000,10.3400
1628280077827000,1,98.30476699,10.3200
1628280077827000,1,39.32942200,10.3200
1628280438359000,1,24.41400000,10.3800
1628280444016000,1,17.38700000,10.3800
1628280451909000,1,6.23500000,10.3800
1628281014579000,1,24.31900000,10.4600
1628281020108000,1,24.29600000,10.4600
1628281024632000,1,24.29600000,10.4600
1628281030018000,1,24.29600000,10.4700
1628281034699000,1,13.29787992,10.4700
1628281034699000,1,10.99812008,10.4700
1628281375015000,1,6.21800000,10.4800
1628281572615000,1,12.64517224,10.4600
1628281842627000,0,20.68577680,10.5100
1628286112128000,1,21.56414745,10.0600
1628290210170000,0,21.56414746,9.8900
