timestamp ms,type,amount,price
1622851749681000,1,610.24971299,16.4000
1622851749855000,1,68.30975549,16.4000
1622851750186000,1,610.90621674,16.4000
1622851750490000,1,190.01600078,16.4000
1622851750491000,1,224.70825716,16.4000
1622851750697000,1,377.95700805,16.4000
1622851832932000,0,60.92591865,16.4000
1622851833065000,0,4.52713014,16.4000
1622851833065000,0,65.45304879,16.4000
1622857332352000,0,17.40564320,16.4800
1622859677175000,1,19.40893503,16.4600
1622862528373000,0,13.00000000,16.4400
1622867886863000,0,13.40715607,16.2100
1622867977640000,1,54.95805058,16.2100
1622868212426000,0,75.23796178,16.1400
1622868212426000,0,86.14683000,16.1500
1622868212426000,0,188.05399811,16.1600
1622868212426000,0,488.43886330,16.1600
1622868212576000,1,162.12234681,16.1600
1622871571746000,1,62.12024510,16.0700
1622871571746000,1,52.30386000,16.0600
1622871571746000,1,32.29489490,16.0600
1622873141540000,1,2.00000000,16.2000
1622875778787000,1,46.94701170,16.2300
1622875805105000,1,11.36906962,16.2300
1622876372702000,0,73.27520098,16.1700
1622877635598000,0,74.70433367,16.2400
1622877635598000,0,88.91268429,16.2500
1622877635598000,0,26.65972316,16.2500
1622877648967000,0,74.65628942,16.2700
1622877648967000,0,13.00000000,16.2700
1622877648967000,0,66.64487837,16.2700
1622878775787000,0,2.00000000,16.2100
1622878775787000,0,0.00155000,16.2500
1622878937576000,1,9.61983980,16.2300
1622882923321000,0,36.09854982,16.2500
1622882923321000,0,25.42426601,16.2600
1622883187888000,1,15.38461538,16.1700
1622883307985000,1,15.46072974,16.1300
1622883427927000,1,15.49907005,16.1500
1622883548147000,1,15.46072974,16.0900
1622883668101000,1,15.52795031,16.0900
1622883763149000,0,43.00000000,16.1300
1622883763149000,0,75.30313847,16.1400
1622883763149000,0,13.00000000,16.1400
1622883763149000,0,101.81531548,16.1500
1622883788151000,1,15.53760099,16.0300
1622884692273000,0,15.57632397,16.0500
1622884869402000,1,15.57632398,16.0100
1622884989564000,1,1.89011313,15.9800
1622884989564000,1,13.00000000,15.9800
1622884989564000,1,0.72512734,15.9800
1622885229751000,1,13.00000000,15.9900
1622885229751000,1,2.62500000,15.9900
1622885350045000,1,15.61524047,16.0100
1622885590335000,1,15.62500000,15.9600
1622885950581000,1,15.68381430,15.9000
1622886139712000,0,4.94300000,15.8900
1622886175321000,0,15.46000000,15.8700
1622886260055000,0,15.49900000,15.8400
1622886290587000,1,3.87795762,15.7600
1622886290587000,1,10.08268981,15.7600
1622886290587000,1,63.30993057,15.7600
1622886290587000,1,1.55118305,15.7600
1622886290587000,1,13.00000000,15.7600
1622886290587000,1,43.00000000,15.7600
1622886290587000,1,53.29949000,15.7600
1622886290587000,1,44.99720290,15.7500
1622886290838000,1,9.61983980,15.7600
1622886380574000,0,15.57600000,15.8400
1622886414446000,0,15.62500000,15.6900
1622886445126000,0,15.58600000,15.6800
1622886448254000,1,1.50000000,15.6500
1622886479754000,0,15.64500000,15.6500
1622886514846000,0,15.68400000,15.7000
1622886550945000,1,15.92356687,15.6400
1622886588918000,0,15.64500000,15.6800
1622886649702000,0,15.68400000,15.6100
1622886684667000,0,15.73300000,15.5400
1622886696483000,1,2.00000000,15.5000
1622886719554000,0,1.91466000,15.5300
1622886719554000,0,13.81834000,15.5400
1622886754785000,0,15.76300000,15.5000
1622886789556000,0,15.79300000,15.4800
1622886824578000,0,15.78300000,15.4800
1622886862965000,0,1.77727000,15.4800
1622886862965000,0,13.00000000,15.4800
1622886862965000,0,0.99573000,15.5200
1622886898850000,0,4.99900000,15.4700
1622886954380000,0,15.83300000,15.4600
1622887994814000,0,1.61290322,15.5000
1622888878542000,0,77.70651871,15.6200
1622888878542000,0,53.81566000,15.6300
1622888878542000,0,77.88148149,15.6400
1622888878542000,0,13.00000000,15.6400
1622888878542000,0,12.53649341,15.7300
1622890058959000,0,13.28736369,15.5900
1622891148395000,1,16.06827571,15.5800
1622891652766000,1,12.63228300,15.5100
1622892613279000,1,1.50000000,15.3300
1622892613279000,1,11.15067059,15.3300
1622892949203000,0,140.36310679,15.4500
1622893257806000,1,65.30845061,15.2900
1622893257806000,1,54.97382000,15.2800
1622893257806000,1,114.65788300,15.2800
1622893396340000,0,5.04300000,15.2800
1622893439574000,1,1.50000000,15.2500
1622893486989000,0,16.09800000,15.2400
1622893691552000,0,16.12900000,15.2400
1622893762295000,0,5.05400000,15.2300
1622893898047000,0,16.18100000,15.1800
1622894487339000,0,1.32013201,15.1500
1622894638163000,0,16.20200000,15.1800
1622894684199000,0,5.06200000,15.1700
1622894936351000,0,74.42565780,15.1500
1622895306160000,0,26.10000000,15.3600
1622895388585000,0,31.28116883,15.4000
1622895445969000,1,15.64058442,15.3700
1622897355814000,0,3.24853286,15.3700
1622901268483000,0,35.00000000,15.2200
1622901693377000,1,73.32607260,15.1500
1622902535923000,1,5.61904620,15.0500
1622902569571000,0,16.28700000,15.0600
1622904542954000,0,6.59607001,15.1900
1622904542954000,0,55.07511000,15.1900
1622904542954000,0,64.96765540,15.1900
1622904542959000,0,0.00000001,15.1900
1622904544355000,0,6.58783561,15.2100
1622904544355000,0,16.46958901,15.2200
1622904887975000,1,65.16194715,15.3300
1622904887975000,1,14.07153858,15.3300
1622904887975000,1,5.62861543,15.3300
1622904887975000,1,54.79452000,15.3300
1622904887975000,1,13.00000000,15.3300
1622904887975000,1,37.62011996,15.3200
1622904925455000,0,4.08877284,15.3200
1622905268269000,1,4.94505000,15.2400
1622905457951000,0,3.28083989,15.2400
1622905699129000,1,15.30065300,15.1100
1622907942784000,0,12.93946595,15.4700
1622907942784000,0,13.56118547,15.4800
1622907943020000,0,12.93946595,15.4700
1622907943020000,0,16.84279468,15.4800
1622908344694000,0,77.34384921,15.7000
1622908344766000,0,0.00000001,15.7000
1622908477099000,0,12.73783024,15.7200
1622908477099000,0,31.84457559,15.7300
1622908477099000,0,77.08332919,15.7300
1622908477099000,0,44.58797643,15.7400
1622908477099000,0,63.68853923,15.7500
1622908477099000,0,1.50496358,15.7500
1622908477112000,0,191.07267901,15.7500
1622908477112000,0,40.37453525,15.7600
1622908477158000,0,13.00000000,15.7600
1622908477158000,0,43.00000000,15.7600
1622908813366000,1,43.00000000,15.7400
1622908813366000,1,3.59354769,15.7400
1622908905801000,0,6.41262846,15.6000
1622909599843000,1,10.76273300,15.4400
1622909787959000,0,6.46768003,15.4800
1622910260037000,1,16.11863300,15.4300
1622910747488000,0,6.44877129,15.5200
1622910908752000,0,5.95720897,15.6000
1622911937767000,0,6.43975551,15.5600
1622911937767000,0,77.92804405,15.5600
1622911937877000,1,6.43975551,15.5600
1622911937976000,1,47.55147893,15.5600
1622912360757000,1,11.78651558,15.4400
1622912360757000,1,4.40519426,15.4400
1622912480746000,1,10.16330100,15.4500
1622912721039000,1,10.58301545,15.4200
1622912721039000,1,5.59821432,15.4200
1622912841274000,1,16.18122977,15.4500
1622912961275000,1,16.18122977,15.4200
1622913081591000,1,16.18122977,15.4100
1622913321851000,1,16.22323166,15.3100
1622913441795000,1,13.16521600,15.3200
1622914569611000,0,129.13158669,15.4900
1622916400960000,0,3.22788896,15.4000
1622920854860000,0,4.85690228,15.3900
1622922951195000,0,80.09140000,15.1400
1622926512185000,1,64.64663340,15.4500
1622927320780000,0,3.23624595,15.3000
1622928428126000,1,65.53587213,15.2400
1622928428247000,0,57.15174454,15.2400
1622928838864000,0,13.28115293,15.0800
1622928886816000,0,5.07900000,15.0500
1622929013347000,0,5.08400000,15.0200
1622929047084000,0,8.24110834,15.0200
1622929047084000,0,8.09889166,15.0300
1622929199064000,0,13.32510834,15.0200
1622929199159000,1,13.32510834,15.0200
1622929199178000,1,167.52754630,15.0200
1622929456238000,0,1.50000000,15.0700
1622930185090000,0,6.66257659,15.0200
1622930185179000,1,117.82211049,15.0200
1622930187363000,1,40.00000000,15.0000
1622930187363000,1,1.33500000,15.0000
1622930187635000,1,29.78226063,14.9900
1622930559044000,1,8.00000000,15.0200
1622930581936000,1,4.00000000,15.0300
1622933017831000,1,66.40587124,15.0400
1622933017831000,1,14.54140292,15.0400
1622933017923000,0,43.53741292,15.0400
1622934004197000,0,80.47131365,15.1400
