timestamp ms,type,amount,price
1622333109949000,1,8.14877202,12.0100
1622333166916000,1,8.11073357,12.0100
1622333166916000,1,20.27589008,12.0100
1622333187288000,1,7.57299724,12.0100
1622333408191000,0,33.35327000,12.0300
1622335682537000,1,21.47766323,11.5900
1622335922710000,1,10.71635316,11.6400
1622336756681000,0,10.80598200,11.7900
1622340978828000,1,21.83081460,11.8000
1622343799953000,0,16.14205004,12.3900
1622343883802000,1,16.14205004,12.3400
1622352730340000,0,66.62573000,12.6500
1622352730340000,0,74.25031956,12.6600
1622352730340000,0,96.11031242,12.6600
1622352730340000,0,43.00000000,12.6700
1622352730340000,0,96.10664676,12.6800
1622352730340000,0,12.00000000,12.6800
1622352730340000,0,623.39599845,12.7100
1622352730340000,0,12.56105830,12.7500
1622353461227000,0,70.36464088,12.6700
1622353461643000,0,25.52977274,12.6700
1622353532120000,1,0.87694047,12.6700
1622355584976000,0,33.35327000,12.7800
1622356184007000,1,39.55700000,12.8900
1622356588078000,1,9.54789735,12.7100
1622358113295000,1,371.28220858,13.0400
1622358523639000,0,93.87621788,12.9500
1622358527278000,1,49.71914892,12.9500
1622358563685000,0,35.78829869,12.9800
1622359369021000,1,6.97000210,12.9700
1622359369021000,1,32.33799790,12.9700
1622359401254000,1,19.70100000,12.9700
1622359431451000,1,19.68500000,12.9700
1622359482911000,1,9.99139909,12.9700
1622359482911000,1,9.67760091,12.9600
1622359939133000,1,19.62300000,12.9900
1622360097502000,1,19.51600000,13.0800
1622360131580000,1,19.50100000,13.0800
1622360161624000,1,19.48500000,13.0700
1622360196332000,1,19.53100000,13.0600
1622362629727000,1,39.00200000,13.0800
1622362662566000,1,19.50100000,13.0800
1622362700000000,1,19.53100000,13.0500
1622362853027000,1,7.94300000,12.9700
1622362853578000,1,35.05700000,12.9700
1622362853578000,1,76.97245558,12.9700
1622362853578000,1,15.38748119,12.9700
1622362853578000,1,6.15485450,12.9700
1622362853578000,1,268.78371770,12.9600
1622362853578000,1,697.70040207,12.9500
1622364450993000,1,12.10146098,12.9300
1622364544839000,1,22.67923832,12.9100
1622365220136000,1,19.36427380,12.8200
1622365485669000,0,17.89333517,12.9700
1622365485669000,0,65.10073000,12.9700
1622365485669000,0,12.00000000,12.9700
1622365485863000,1,3.70138587,12.9700
1622367721649000,1,73.72555812,12.9900
1622367730661000,1,18.40295926,13.0100
1622367751696000,0,2.75333299,13.0100
1622367869658000,1,200.18013856,12.9900
1622368454082000,1,14.30287447,13.1200
1622368454082000,1,35.75718619,13.1200
1622368454082000,1,64.02439000,13.1200
1622368454082000,1,76.12632012,13.1200
1622368454208000,0,76.12632012,13.1200
1622368536772000,0,1.53069644,13.1800
1622368552363000,1,76.19385879,13.1000
1622368552363000,1,6.70657496,13.1000
1622368552363000,1,16.76643740,13.1000
1622368552363000,1,43.59273725,13.1000
1622368552468000,0,196.54885139,13.1000
1622368723775000,1,4.15736546,13.1200
1622368730637000,1,27.02493488,13.1100
1622368730637000,1,10.39341366,13.1100
1622368730637000,1,4.21431266,13.1100
1622368736565000,0,128.27156869,13.1100
1622368770947000,1,2.02941438,13.1300
1622368770947000,1,4.73501646,13.1300
1622369018463000,0,7.26469408,13.2100
1622369018463000,0,12.00000000,13.2100
1622369018463000,0,63.92376000,13.2100
1622369018463000,0,43.00000000,13.2100
1622369018643000,1,263.53372608,13.2100
1622369019259000,1,37.94280351,13.1700
1622369221582000,0,43.00000000,13.1900
1622369221582000,0,2.94946580,13.1900
1622369221582000,0,1.13317256,13.1900
1622369903048000,1,19.00615308,13.0000
1622370461121000,0,1.71999943,13.2000
1622370499879000,1,63.97562000,13.1300
1622370736968000,1,13.55840340,13.1000
1622370736968000,1,25.29159660,13.0900
1622371590657000,1,16.70300000,13.0700
1622371631747000,0,1.95333504,13.1600
1622371724300000,1,19.42500000,13.0700
1622371793266000,0,1.76999995,13.1700
1622372113711000,1,19.41000000,13.0900
1622372655843000,1,1.61226543,13.1500
1622373965945000,1,37.36400000,12.9800
1622374885841000,0,48.30144817,13.1000
1622375049444000,1,7.28576674,12.9900
1622375053871000,1,64.66512000,12.9900
1622375535514000,1,37.22400000,13.1000
1622375762893000,0,2.46666661,13.1800
1622376046916000,1,1.82811635,13.2200
1622376255991000,0,2.40333378,13.2300
1622376442503000,0,64.04681000,13.0900
1622376442672000,1,106.31845718,13.1000
1622376484444000,0,85.33753822,13.0800
1622376514482000,0,42.47374429,13.0600
1622376539848000,1,10.74846860,13.0600
1622376554147000,0,16.11055853,13.0600
1622378820281000,0,5.03193146,12.8400
1622379188679000,1,3.05482682,12.6600
1622379194565000,1,3.03982636,12.6600
1622379588161000,1,12.75833675,12.6400
1622379801437000,1,6.81973497,12.7300
1622380603693000,0,4.13520408,12.7300
1622380632555000,0,3.08991400,12.7800
1622380668914000,0,1.72116873,12.9000
1622380780633000,0,1.85508083,12.9700
1622380859614000,1,37.46500000,12.9400
1622381429478000,1,4.22333273,12.7800
1622381441101000,1,4.05801543,12.7700
1622381449464000,1,3.99690938,12.7700
1622381452848000,1,3.97669864,12.7700
1622381463299000,1,3.97758397,12.7700
1622381697247000,0,1.60998435,12.7700
1622381921268000,0,1.75333589,12.7600
1622382606862000,1,7.53633358,12.7200
1622382613446000,1,7.49423584,12.7200
1622382780863000,1,1.76999540,12.7600
1622384954061000,1,15.55547114,12.6000
1622385099317000,1,33.35327000,12.4900
1622388133237000,1,249.05551149,12.6100
1622389777412000,1,78.87318035,12.6600
1622389777412000,1,2.48137579,12.6600
1622389777412000,1,12.00000000,12.6600
1622389777484000,0,6.06595783,12.6600
1622389777518000,0,78.86095989,12.6600
1622389777665000,0,70.77403763,12.6600
1622390428026000,0,33.35327000,12.6800
1622393985318000,1,2.17767789,12.8300
1622393985318000,1,14.48898872,12.8200
1622394879462000,1,1.74099999,12.9500
1622395699288000,0,1.96666638,13.0600
1622395817892000,0,2.66666647,13.0900
1622396146839000,0,2.48260158,13.1000
1622396223677000,0,497.51739842,13.1000
1622396261511000,1,5.56000000,13.1100
1622398240752000,0,2.52333314,13.0600
1622398256295000,0,2.46666636,13.0600
1622398795452000,0,2.00999988,13.2800
1622398869737000,1,75.41086001,13.2400
1622398869848000,0,75.38030174,13.2400
1622398869913000,0,321.97037481,13.2400
1622398919135000,1,75.34865655,13.2500
1622398919280000,0,75.34865655,13.2500
1622398920459000,0,75.35360211,13.2500
1622398921613000,0,75.35360211,13.2500
1622398922756000,0,75.35360211,13.2500
1622398956916000,1,3.22480193,13.2400
1622398956916000,1,75.38248021,13.2400
1622398956916000,1,17.39613499,13.2300
1622399110152000,1,7.54771643,13.2500
1622399121506000,1,3.47696882,13.2500
1622399523476000,1,1.89431494,13.2200
1622400289237000,0,7.56052524,13.2300
1622400289237000,0,18.89913991,13.2400
1622400292790000,0,7.56052524,13.2300
1622400292790000,0,26.48668943,13.2400
1622401890634000,1,1.71871469,13.2500
1622402052969000,1,1.88887794,13.2400
1622403599102000,0,130.32306425,13.1700
1622403599242000,1,210.89637386,13.1700
1622404108534000,0,40.20855580,13.3800
1622404108570000,0,2.79144420,13.3800
1622404108570000,0,63.86739000,13.3800
1622404108570000,0,13.00000000,13.3800
1622404159196000,0,10.75274566,13.3600
1622405214638000,1,22.00000000,13.0000
1622412122097000,0,10.91852421,13.0100
1622414444084000,1,65.21739000,12.8800
1622415508320000,1,43.00000000,12.9100
1622415923400000,1,33.35327000,12.8900
1622417218658000,1,65.93406000,12.7400
