timestamp ms,type,amount,price
1628467344617000,1,4069.14412576,0.2455
1628467344617000,1,1307.95987424,0.2452
1628467360902000,1,1268.77680000,0.2452
1628467360973000,1,2806.56885446,0.2452
1628467360973000,1,801.75834554,0.2451
1628467361029000,1,500.00000000,0.2451
1628467395072000,1,4071.46359490,0.2454
1628467395332000,1,4072.32578564,0.2454
1628467484195000,1,4078.17176970,0.2450
1628467484195000,1,10196.09113030,0.2450
1628467484278000,1,0.00009617,0.2450
1628467484278000,1,16799.99990383,0.2449
1628467501111000,1,4085.46951218,0.2446
1628467569645000,1,4094.03338581,0.2440
1628467569645000,1,4092.79340419,0.2440
1628467681445000,1,4095.30764000,0.2440
1628467780249000,1,4107.04793000,0.2432
1628467780252000,1,0.00000255,0.2432
1628467780252000,1,10272.34028565,0.2432
1628467780252000,1,7577.77825743,0.2431
1628467834730000,0,8760.06851000,0.2429
1628467837304000,0,0.00000406,0.2429
1628467837304000,0,8760.06850594,0.2429
1628467841989000,0,8761.73896000,0.2429
1628467859919000,1,12000.00000000,0.2428
1628467859982000,1,26500.00000000,0.2428
1628467860050000,1,11157.51899000,0.2428
1628467861442000,1,0.00000665,0.2428
1628467886305000,1,33012.43801652,0.2420
1628467886761000,1,745.56000000,0.2419
1628467996264000,1,7000.00000000,0.2420
1628467996324000,1,3319.06550000,0.2420
1628467997179000,1,0.00000543,0.2420
1628468008673000,0,8793.95734000,0.2421
1628468008835000,0,0.00000338,0.2421
1628468008835000,0,4132.53762518,0.2422
1628468008835000,0,412.66927144,0.2422
1628468073667000,1,166.22461665,0.2413
1628468087420000,0,4141.23928000,0.2417
1628468107792000,1,7088.21223000,0.2417
1628468107861000,1,3245.69704000,0.2417
1628468107996000,0,4200.00000000,0.2419
1628468107996000,0,4136.57071099,0.2419
1628468107996000,0,8800.65158715,0.2419
1628468107996000,0,26886.87117940,0.2420
1628468107996000,0,16200.00000000,0.2420
1628468107996000,0,17597.11618263,0.2421
1628468107996000,0,26408.32754876,0.2421
1628468107996000,0,202945.07380612,0.2422
1628468112357000,1,0.00000654,0.2417
1628468112357000,1,13499.99999346,0.2417
1628468112410000,1,8500.00000000,0.2417
1628468112476000,1,4869.45747000,0.2417
1628468112890000,1,0.00000731,0.2417
1628468112890000,1,4134.42054269,0.2417
1628468113095000,1,0.00001157,0.2417
1628468119140000,0,2000.00000000,0.2417
1628468119140000,0,2200.00000000,0.2417
1628468119249000,0,2000.00000000,0.2417
1628468119249000,0,4611.44950000,0.2417
1628468120867000,0,2000.00005000,0.2417
1628468159480000,0,4146.42107000,0.2415
1628468160227000,0,4144.75253000,0.2415
1628468160379000,0,0.00000108,0.2415
1628468160379000,0,5499.99999892,0.2415
1628468160437000,0,4859.77423000,0.2415
1628468160861000,0,4143.25314171,0.2415
1628468160861000,0,1955.37403829,0.2415
1628468160921000,0,8301.37282000,0.2415
1628468162147000,0,4143.25314000,0.2415
1628468170010000,0,0.00000095,0.2417
1628468216702000,0,4121.02417000,0.2429
1628468216844000,0,0.00000924,0.2429
1628468216844000,0,4122.37952761,0.2429
1628468216850000,0,0.00000925,0.2429
1628468216850000,0,0.00000812,0.2429
1628468348783000,0,4119.33564000,0.2429
1628468349129000,0,0.00000552,0.2429
1628468349129000,0,10298.07142448,0.2430
1628468383732000,0,4117.34994000,0.2430
1628468383811000,0,0.00000237,0.2430
1628468384352000,0,4117.34994000,0.2431
1628468424436000,0,4114.61385506,0.2433
1628468424436000,0,10286.47125494,0.2433
1628468486378000,0,4119.32662000,0.2429
1628468743755000,0,13761.83119000,0.2430
1628468743809000,0,3838.16881000,0.2430
1628468874099000,0,4138.05075000,0.2419
1628468923192000,0,4127.79513000,0.2424
1628468979658000,0,4136.38419238,0.2420
1628468979658000,0,5850.04269067,0.2420
1628468979746000,0,4414.39981561,0.2420
1628468979905000,0,75.79258931,0.2420
1628469119931000,1,7000.00000000,0.2426
1628469119995000,1,56000.00000000,0.2426
1628469222643000,0,4200.00000000,0.2419
1628469222913000,0,4134.50084000,0.2420
1628469223324000,0,4134.04654000,0.2422
1628469280808000,0,4137.55160000,0.2420
1628469313157000,0,4140.78870000,0.2417
1628469313261000,0,4140.58620000,0.2417
1628469313290000,0,0.00005881,0.2417
1628469371480000,1,2000.00000000,0.2418
1628469462711000,0,4130.06354000,0.2425
1628469539867000,0,4200.00000000,0.2419
1628469666025000,0,4144.68398745,0.2415
1628469666025000,0,6098.55747255,0.2415
1628469666087000,0,4263.09166000,0.2415
1628469666106000,0,0.00001666,0.2415
1628469716979000,1,201.48479946,0.2411
1628469732830000,1,604.10788381,0.2410
1628469855853000,0,4157.99832200,0.2407
1628469855853000,0,101.41547800,0.2407
1628469860971000,1,3346.45470446,0.2407
1628469892197000,0,4156.43213000,0.2408
1628469892284000,0,0.00000884,0.2408
1628469892284000,0,4156.54525116,0.2408
1628469938846000,1,2000.00000000,0.2400
1628469938957000,1,500.00000000,0.2400
1628469938957000,1,846.45460000,0.2400
1628469951859000,1,6252.50286000,0.2400
1628469957396000,1,901.04254000,0.2400
1628469957396000,1,1652.95833333,0.2400
1628469957396000,1,4128.25000000,0.2400
1628469957396000,1,1030.90738013,0.2400
1628469957396000,1,1159.02865591,0.2400
1628469958488000,1,3840.97134409,0.2400
1628469958488000,1,221.59548752,0.2400
1628470021810000,1,1500.00000000,0.2394
1628470022445000,1,759.00000000,0.2392
1628470035023000,0,4200.00000000,0.2394
1628470072238000,0,4170.51240000,0.2400
1628470073498000,0,4167.94324000,0.2401
1628470073570000,0,0.00000578,0.2401
1628470279546000,0,4173.84829000,0.2397
1628470279687000,0,2000.00000000,0.2398
1628470279821000,0,4173.39342257,0.2398
1628470282395000,0,16200.00000000,0.2401
1628470297739000,0,1500.00000000,0.2404
1628470297918000,0,4162.78077000,0.2404
1628470331867000,0,4159.05502003,0.2407
1628470331867000,0,1939.41306997,0.2407
1628470331933000,0,2219.64195000,0.2407
1628470331979000,0,0.00000006,0.2407
1628470399839000,1,4147.55593000,0.2409
1628470607984000,0,5000.00000000,0.2409
1628470608100000,0,13400.00000000,0.2409
1628470996347000,0,4115.46774000,0.2401
1628471101800000,0,5000.00000000,0.2401
1628471101861000,0,5000.00000000,0.2401
1628471101932000,0,6500.00000000,0.2401
1628471120793000,1,4200.00000000,0.2399
1628471127948000,1,4200.00000000,0.2399
1628471140065000,1,5000.00000000,0.2397
1628471140177000,1,8370.51240000,0.2397
1628471140238000,1,9287.55376000,0.2397
1628471140295000,1,7000.00000000,0.2397
1628471141143000,1,5000.00000000,0.2397
1628471141197000,1,5500.00000000,0.2397
1628471141273000,1,6500.00000000,0.2397
1628471287265000,1,203.38660000,0.2389
1628471287352000,1,0.00003764,0.2389
1628471287931000,1,1024.00000000,0.2386
1628471462256000,1,83.88698745,0.2384
1628471462256000,1,83.88681255,0.2384
1628471464028000,1,0.00017490,0.2384
1628471464028000,1,137.25038400,0.2383
1628471609990000,0,4199.93055972,0.2383
1628471609990000,0,999.99999028,0.2383
1628471610062000,0,4202.23893000,0.2384
1628471610124000,0,0.00000085,0.2384
1628471610265000,0,4201.50173000,0.2384
1628471706420000,0,4197.45783611,0.2385
1628471706420000,0,1198.87095389,0.2385
1628471706501000,0,6500.00000000,0.2385
1628471914480000,1,4200.00000000,0.2394
1628471928377000,1,4200.00000000,0.2393
1628471929394000,1,2000.00000000,0.2393
1628471929394000,1,10440.50582163,0.2393
1628471929482000,1,4175.78680000,0.2392
1628471930033000,1,0.00005866,0.2392
1628471933048000,1,4177.70586233,0.2392
1628471947520000,1,4175.22893404,0.2393
1628471947520000,1,10437.10599925,0.2393
1628471947627000,1,1500.00000000,0.2392
1628471954592000,1,4175.92482987,0.2392
1628471954678000,1,2724.21320000,0.2392
1628471955001000,1,5300.00000000,0.2392
1628471955057000,1,2415.42066000,0.2392
1628471955097000,1,0.00000116,0.2392
1628471955637000,1,4178.15815002,0.2392
1628472007456000,1,4162.57630381,0.2399
1628472007456000,1,1422.00303619,0.2399
1628472007507000,1,4820.55496000,0.2399
1628472007957000,1,4162.57631000,0.2399
1628472043363000,1,4159.42511924,0.2402
1628472043363000,1,4357.44361076,0.2402
1628472043412000,1,6041.28523000,0.2402
1628472066515000,1,4160.87891000,0.2401
1628472067085000,1,0.00000906,0.2401
1628472067283000,1,10402.53655451,0.2400
1628472067283000,1,1097.46344549,0.2400
1628472067337000,1,25950.45409000,0.2400
1628472073209000,1,4162.95753973,0.2399
1628472073209000,1,9684.42423027,0.2399
1628472073334000,1,722.26935504,0.2399
1628472131743000,1,4154.24125000,0.2404
1628472131796000,1,0.00000983,0.2404
1628472131796000,1,10385.51012017,0.2404
1628472131818000,1,0.00001609,0.2404
1628472131830000,1,16800.00000000,0.2404
1628472131868000,1,10203.56336499,0.2404
1628472154361000,1,4155.76051000,0.2403
1628472196635000,1,4151.34393860,0.2406
1628472196635000,1,949.58081140,0.2406
1628472196693000,1,5500.00000000,0.2406
1628472197035000,1,3930.92708000,0.2406
1628472199415000,1,4153.75809000,0.2406
1628472199757000,1,0.00000214,0.2406
1628472199954000,1,5500.00000000,0.2405
1628472200139000,1,4884.56106000,0.2405
1628472200369000,1,4153.86161861,0.2405
1628472218861000,1,4155.72597793,0.2403
1628472218861000,1,10391.89930665,0.2403
1628472224085000,1,4159.63274000,0.2402
1628472224330000,1,0.00000273,0.2402
1628472275228000,1,4157.97233498,0.2402
1628472275228000,1,4157.45371502,0.2402
1628472275482000,1,0.00001435,0.2402
1628472313887000,0,4200.00000000,0.2405
1628472339956000,0,4200.00000000,0.2405
1628472393267000,1,4150.89590000,0.2406
1628472393524000,1,0.00000474,0.2406
1628472393915000,1,4153.89612858,0.2405
1628472415106000,1,4152.72311118,0.2405
1628472415106000,1,10383.87094094,0.2405
1628472431303000,1,4154.93169440,0.2404
1628472442251000,1,10394.05958706,0.2403
1628472442251000,1,4157.86860351,0.2403
1628472462736000,1,4161.77798947,0.2400
1628472462919000,0,8852.90097000,0.2400
1628472467282000,1,4163.37351310,0.2400
1628472471385000,0,8854.78261000,0.2400
1628472471463000,0,0.00000580,0.2400
1628472476188000,0,0.00000630,0.2400
1628472476188000,0,8852.46934370,0.2400
1628472476295000,0,0.00001363,0.2400
1628472476295000,0,8399.99998637,0.2401
1628472512497000,0,6135.04799000,0.2403
1628472597924000,1,4152.37823213,0.2405
1628472597924000,1,1347.62176787,0.2405
1628472597979000,1,2804.89440000,0.2405
1628472603773000,1,4155.24246000,0.2403
1628472637726000,1,4158.56162000,0.2403
1628472638657000,1,0.00000690,0.2403
1628472676062000,1,4167.44820000,0.2397
1628472856691000,0,6000.00000000,0.2408
1628472856788000,0,2826.24520000,0.2408
1628472888169000,1,4153.50480000,0.2404
1628472963184000,0,5000.00000000,0.2403
1628473146042000,1,4152.22838000,0.2405
1628473146775000,1,4155.16187000,0.2405
1628473217453000,1,4161.94620000,0.2401
1628473279510000,0,13400.00000000,0.2398
1628473283229000,0,2000.00000000,0.2399
1628473283229000,0,12200.00000000,0.2399
1628473283937000,0,2000.00000000,0.2399
1628473335006000,0,5808.98793000,0.2398
1628473368014000,0,1500.00000000,0.2415
1628473368014000,0,2700.00000000,0.2415
1628473374785000,1,4140.74643000,0.2413
1628473375330000,1,4140.33367000,0.2413
1628473385977000,1,4143.53445000,0.2412
1628473388098000,1,4143.53445246,0.2410
1628473388098000,1,1431.85099754,0.2410
1628473388160000,1,6000.00000000,0.2410
1628473388215000,1,2931.27286252,0.2410
1628473394448000,1,4151.24053759,0.2406
1628473394448000,1,10378.26706241,0.2406
1628473448073000,0,5000.00000000,0.2407
1628473448201000,0,2700.00010000,0.2407
1628473448232000,0,8500.00000000,0.2407
1628473448308000,0,2599.99990000,0.2407
1628473465829000,1,4151.64218000,0.2407
1628473607031000,0,10012.42274000,0.2403
1628473607145000,0,2987.57720000,0.2403
1628473607181000,0,0.00006000,0.2403
1628473660332000,0,6000.00000000,0.2404
1628473660407000,0,16800.00000000,0.2404
1628473742126000,1,4149.58370000,0.2408
1628473834826000,0,6849.58364000,0.2407
1628474018477000,0,6500.00000000,0.2407
1628474018553000,0,7000.00000000,0.2407
1628474106042000,0,9500.00000000,0.2403
1628474106230000,0,11300.00000000,0.2403
1628474223802000,1,4169.31082000,0.2397
1628474248677000,0,19200.00000000,0.2399
1628474253921000,0,14500.00000000,0.2401
1628474253988000,0,1900.00000000,0.2401
1628474363718000,0,14320.62165263,0.2400
1628474363805000,0,679.37834737,0.2400
1628474369206000,1,4162.29908000,0.2401
1628474433806000,0,13252.23156000,0.2401
1628474433968000,0,2747.76844000,0.2401
1628474457312000,0,8752.23156000,0.2404
1628474457381000,0,8500.00000000,0.2404
1628474457448000,0,5347.76844000,0.2404
1628474609252000,1,4154.75906000,0.2406
1628474653357000,0,6000.00000000,0.2407
1628474653415000,0,6306.99062000,0.2407
1628474653476000,0,2693.00938000,0.2407
1628474653699000,0,6000.00000000,0.2407
1628474688052000,1,4147.07431000,0.2409
1628474779121000,1,4156.65878000,0.2404
1628474794078000,1,4161.95261000,0.2401
1628474933154000,0,1500.00000000,0.2401
1628474963040000,1,4162.33373550,0.2401
1628474963040000,1,2564.98994450,0.2401
1628474963092000,1,7841.01056000,0.2401
1628474964990000,1,4162.33373550,0.2400
1628475019832000,1,4166.80846000,0.2398
1628475030960000,0,3670.15275000,0.2397
1628475178289000,0,4000.00000000,0.2403
1628475222395000,1,4159.97882000,0.2402
1628475378704000,1,4161.74475000,0.2401
1628475388261000,1,4163.09618000,0.2400
1628475427355000,1,747.14632904,0.2400
1628475432728000,1,4163.47751000,0.2400
1628475461811000,1,4160.49806000,0.2402
1628475465801000,1,4160.63654000,0.2401
1628475473298000,1,4163.54685000,0.2400
1628475473402000,1,0.00000988,0.2400
1628475505649000,1,4160.84289000,0.2402
1628475506022000,1,0.00000076,0.2402
1628475539336000,1,4156.45145000,0.2404
1628475540967000,1,4157.35002000,0.2404
1628475545918000,1,4156.48601000,0.2403
1628475546003000,1,0.00000161,0.2403
1628475549009000,1,4158.17843000,0.2403
1628475563441000,1,4160.01343000,0.2402
1628475565591000,1,4160.04805000,0.2402
1628475567560000,1,4160.53268408,0.2401
1628475567560000,1,10401.49780592,0.2401
1628475567914000,1,9195.62052000,0.2401
1628475567969000,1,1205.87729000,0.2401
1628475568276000,1,4161.25984000,0.2401
1628475568340000,1,0.00000411,0.2401
1628475814931000,1,4143.05377000,0.2411
1628476040343000,1,4149.89679000,0.2408
1628476497752000,0,12600.00000000,0.2419
1628476498163000,0,4135.60324000,0.2420
1628476529776000,0,411.30328207,0.2419
1628476985856000,0,10000.00000000,0.2420
1628476985923000,0,11000.00000000,0.2420
1628477130913000,0,4125.53174000,0.2426
1628478139165000,0,20400.00000000,0.2424
1628478149116000,1,4119.87389000,0.2425
1628478149455000,1,0.00000119,0.2425
1628478149455000,1,10300.10381881,0.2424
1628478204539000,1,2000.00000000,0.2422
1628478204539000,1,14800.00000000,0.2422
1628478205674000,1,4200.00000000,0.2419
1628478232428000,0,4130.48817000,0.2423
1628478391151000,1,4135.44643000,0.2417
1628478421002000,1,4200.00000000,0.2412
1628478927825000,0,8833.49758000,0.2407
1628479664441000,0,8803.74323000,0.2415
1628479830901000,0,4129.96850000,0.2423
1628479831146000,0,10324.26449000,0.2424
1628480280300000,1,1000.00000000,0.2429
1628480280300000,1,727.94710607,0.2428
1628480870297000,1,240.65226013,0.2429
1628481541517000,0,333.87587312,0.2434
1628481755738000,0,206.78680792,0.2435
1628481781025000,1,4117.60067000,0.2426
1628481782870000,1,4200.00000000,0.2426
1628481904230000,0,8050.01555000,0.2426
1628481993813000,1,3866.12420000,0.2424
1628482054773000,0,8808.06414000,0.2415
1628482054866000,0,0.00000478,0.2415
1628482093809000,0,8191.93586000,0.2416
1628482373358000,1,2230.30700000,0.2408
1628482779152000,1,6500.00000000,0.2409
1628482779240000,1,52000.00000000,0.2409
1628482779248000,1,2230.30700000,0.2409
1628482853144000,0,4200.00000000,0.2406
1628483360351000,0,2200.00000000,0.2409
1628483641571000,1,14200.00000000,0.2421
1628483641841000,0,4200.00000000,0.2423
1628483641841000,0,87.99570833,0.2423
1628483644960000,1,200.00000000,0.2419
1628483699046000,0,4126.41294000,0.2426
1628483699152000,0,0.00000495,0.2426
1628483699152000,0,2000.00000000,0.2427
1628483699152000,0,3999.99999505,0.2427
1628483736118000,0,4200.00000000,0.2431
1628483736118000,0,1500.00000000,0.2431
1628483736118000,0,4114.27618441,0.2432
1628483736118000,0,4494.21305391,0.2432
1628483739947000,0,4113.90382000,0.2433
1628483765145000,0,4111.02870000,0.2434
1628483765180000,0,0.00006598,0.2434
1628483766288000,0,4110.69176000,0.2436
1628483771902000,0,4102.56229000,0.2440
1628483771979000,0,0.00000388,0.2440
1628483771979000,0,16799.99999612,0.2440
1628483772484000,0,160.42424042,0.2440
1628483772484000,0,4106.33575958,0.2441
1628483772637000,0,0.00008973,0.2441
1628483773839000,0,4100.77572000,0.2445
1628483774101000,0,0.00000215,0.2445
1628483774101000,0,4098.25813785,0.2445
1628483789611000,0,4076.34045000,0.2459
1628483789857000,0,0.00000879,0.2459
1628483789857000,0,4071.22894121,0.2460
1628483791644000,1,4200.00000000,0.2458
1628483792308000,1,4066.62943000,0.2456
1628483792396000,1,2000.00000000,0.2456
1628483796510000,0,2000.00000000,0.2458
1628483808206000,0,4069.10390000,0.2461
1628483808292000,0,0.00000385,0.2461
1628483808292000,0,10166.55291615,0.2461
1628483808589000,0,4066.95718000,0.2462
1628483814691000,0,8633.76800000,0.2465
1628483814830000,0,4061.14347000,0.2465
1628483814963000,0,0.00000540,0.2465
1628483814963000,0,10152.69654460,0.2465
1628483815114000,0,0.00001161,0.2465
1628483815114000,0,16799.99998839,0.2466
1628483818957000,0,7000.00000000,0.2469
1628483837003000,1,19161.70070000,0.2461
1628483853982000,0,8000.00000000,0.2476
1628483854434000,0,83.88698745,0.2480
1628483854434000,0,83.88681255,0.2480
1628483854434000,0,0.00016000,0.2480
1628483854643000,0,0.00001490,0.2480
1628483854784000,0,18012.88253000,0.2485
1628483856713000,1,2000.00000000,0.2481
1628483858410000,1,4200.00000000,0.2477
1628483858491000,1,7502.72259000,0.2477
1628483858541000,1,1500.00000000,0.2477
1628483858541000,1,9597.27741000,0.2477
1628483859030000,1,1500.00000000,0.2477
1628483871130000,1,10000.00000000,0.2468
1628483871210000,1,9600.00000000,0.2468
1628483895505000,1,17682.28789000,0.2458
1628484054773000,1,8595.72703000,0.2471
1628484102124000,0,4049.07195000,0.2472
1628484102261000,0,0.00000340,0.2472
1628484102261000,0,10124.73674660,0.2472
1628484149314000,0,4060.96541000,0.2465
1628484149392000,0,0.00000178,0.2465
1628484284700000,0,4070.92541929,0.2458
1628484288639000,0,14600.00000000,0.2461
1628484460111000,0,4200.00000000,0.2455
1628484531873000,1,4069.17724000,0.2454
1628484586963000,1,2111.02860000,0.2449
1628484587076000,1,1969.73937000,0.2449
1628484587179000,1,0.00000451,0.2449
1628484587179000,1,4287.99570382,0.2449
1628484587712000,1,4080.56814910,0.2449
1628484797394000,0,4086.70980000,0.2449
1628484999355000,0,4095.92579000,0.2443
1628485320253000,1,124.68404685,0.2443
1628485355061000,0,4087.13622772,0.2448
1628485730286000,1,124.68400000,0.2451
1628485744251000,0,489.67599771,0.2452
1628485836624000,0,2000.00000000,0.2452
1628486161069000,0,4200.00000000,0.2450
1628486194929000,0,4200.00000000,0.2447
1628486328523000,0,386.26740764,0.2447
1628486539875000,0,8676.47010000,0.2450
1628486540021000,0,0.00000007,0.2450
1628486579374000,1,4200.00000000,0.2448
1628486866615000,0,4200.00000000,0.2449
1628486866615000,0,4086.71966456,0.2449
1628486866615000,0,12137.28262292,0.2450
1628487679141000,0,2809.41004835,0.2440
1628487679225000,0,599.47320000,0.2440
1628488013005000,0,4114.18034000,0.2432
1628488045940000,1,20000.00000000,0.2435
1628488098359000,0,133.95114033,0.2434
1628488105027000,0,13000.00000000,0.2434
1628488105217000,0,11205.12541000,0.2434
1628488105391000,0,6500.00000000,0.2434
1628488105452000,0,2307.31260000,0.2434
1628488126316000,0,0.00000652,0.2434
1628488827885000,0,4094.84736000,0.2444
1628488827974000,0,0.00000495,0.2444
1628488940742000,1,4082.50061000,0.2447
1628489263135000,1,1114.00000000,0.2430
1628489265007000,1,8736.34977000,0.2430
1628489265127000,1,4111.40452187,0.2429
1628489265127000,1,10280.95797813,0.2429
1628489265135000,1,8738.25121276,0.2430
1628489265135000,1,0.00004266,0.2429
1628489265488000,1,26726.92524000,0.2429
1628489265723000,1,4112.31753000,0.2429
1628489284246000,0,194.50074074,0.2430
1628489350255000,0,524.69344147,0.2429
1628489358153000,0,194.50070000,0.2426
1628489384092000,1,3855.14621819,0.2427
1628489398735000,1,489.67599771,0.2431
1628489759730000,1,4344.82210000,0.2424
1628489857249000,0,2000.00000000,0.2424
1628489857249000,0,4127.86250054,0.2424
1628489857249000,0,2081.23302651,0.2424
1628490019238000,0,4131.33953629,0.2423
1628490019238000,0,10328.38951371,0.2423
1628490048623000,1,500.00000000,0.2419
1628490049337000,1,1024.00000000,0.2417
1628490101245000,0,4137.84374000,0.2419
1628490101443000,0,0.00000994,0.2419
1628490101443000,0,4137.91113006,0.2419
1628490141278000,0,1232.58510199,0.2422
1628490231518000,1,2000.00000000,0.2424
1628490231518000,1,4200.00000000,0.2424
1628490231518000,1,8759.31468831,0.2424
1628490231518000,1,5464.68759916,0.2423
1628490840268000,1,541.83237859,0.2430
1628490881613000,0,4200.00000000,0.2433
1628490927288000,1,1000.00000000,0.2435
1628490927380000,1,1024.00000000,0.2434
1628490927598000,1,3081.06863984,0.2434
1628490946076000,0,4116.97491452,0.2431
1628490946685000,0,4116.86339000,0.2431
1628490960985000,0,4110.79217000,0.2434
1628490961111000,0,6169.57397552,0.2434
1628490961111000,0,4112.21212665,0.2434
1628490961111000,0,16446.35089783,0.2434
1628490961222000,0,10281.78610000,0.2434
1628490967049000,1,8717.25779000,0.2434
1628491005283000,0,4107.07238634,0.2437
1628491106690000,1,171.47045000,0.2439
1628491118964000,1,0.00000557,0.2439
1628491333960000,1,4098.02648000,0.2439
1628492035191000,0,448.31957073,0.2441
1628492035282000,0,2000.00000000,0.2443
1628492035282000,0,2277.84828263,0.2443
1628492214388000,0,448.31950000,0.2440
1628492264852000,0,2449.41224838,0.2440
1628492264852000,0,4050.58775162,0.2440
1628492264914000,0,2072.87567000,0.2440
1628492266563000,0,193.52911309,0.2442
1628492307610000,1,8693.61797000,0.2443
1628492449350000,0,4200.00000000,0.2442
1628492484317000,0,2100.00000000,0.2445
1628492484403000,0,2100.00000000,0.2446
1628492492543000,0,1000.00000000,0.2447
1628492492543000,0,223.02452082,0.2447
1628492498714000,1,4200.00000000,0.2445
1628492512704000,0,8690.20464000,0.2446
1628493037711000,0,5138.97042000,0.2470
1628493037919000,0,2120.05733000,0.2471
1628493049084000,1,4200.00000000,0.2473
1628493050568000,1,4200.00000000,0.2472
1628493075684000,0,6206.08569969,0.2476
1628493075684000,0,573.85697031,0.2476
1628493075753000,0,1908.59054000,0.2476
1628493085435000,1,2000.00000000,0.2476
1628493085435000,1,4036.16473715,0.2476
1628493085518000,1,4363.83530000,0.2475
1628493085639000,1,1500.00000000,0.2475
1628493085639000,1,5724.45743804,0.2475
1628493099443000,1,4043.24738000,0.2470
1628493101981000,1,4048.55112000,0.2467
1628493103964000,1,4200.00000000,0.2466
1628493169849000,1,4052.62010000,0.2465
1628493267660000,1,2347.37990000,0.2467
1628493267667000,1,1702.97504077,0.2467
1628493267769000,1,10126.78730000,0.2467
1628493268302000,1,4050.15808000,0.2467
1628493268483000,1,0.00000270,0.2467
1628493268483000,1,10127.77196730,0.2466
1628493334966000,0,1466.55856696,0.2465
1628493347292000,0,3983.57709000,0.2464
1628493347354000,0,0.00000795,0.2464
1628493354539000,0,302.65997485,0.2466
1628493397691000,1,4065.90130000,0.2458
1628493428460000,0,488.18192913,0.2458
1628493489293000,0,192.19128171,0.2459
1628493630081000,1,3862.90640200,0.2445
1628493656940000,0,8677.92219000,0.2450
1628493885340000,1,3045.74589828,0.2442
1628493956552000,0,3614.78977000,0.2450
1628494016516000,1,1015.24863277,0.2449
1628494091442000,0,627.26214265,0.2452
1628494570706000,0,1221.64968074,0.2463
1628494592233000,0,2095.35776141,0.2464
1628494870184000,0,4200.00000000,0.2462
1628494870184000,0,100.00000000,0.2462
1628494909696000,0,4200.00000000,0.2461
1628494923007000,0,5747.84690000,0.2464
1628494923096000,0,6666.53280000,0.2464
1628494932952000,0,0.00004916,0.2464
1628495258491000,0,10000.00000000,0.2475
1628495258569000,0,5078.18273000,0.2475
1628495258639000,0,3543.38689000,0.2475
1628495295629000,1,4041.22123000,0.2472
1628495295697000,1,0.00000865,0.2472
1628495295697000,1,10102.72449135,0.2472
1628495927312000,0,4200.00000000,0.2473
1628495927364000,1,42500.99466000,0.2473
1628495991014000,0,0.00000374,0.2475
1628495991014000,0,2000.00000000,0.2476
1628496309373000,0,500.00000000,0.2483
1628496309373000,0,1700.00000000,0.2483
1628496317916000,1,84.57170472,0.2482
1628496365593000,0,3812.04835262,0.2480
1628496604534000,0,401.77053218,0.2477
1628496610797000,0,401.77050000,0.2477
1628496650285000,1,4200.00000000,0.2479
1628497073103000,1,4024.15229000,0.2483
1628497073184000,1,0.00000293,0.2483
1628497795828000,1,100.00000000,0.2475
1628497980951000,0,320.25261506,0.2486
1628498116032000,1,3979.74740000,0.2483
1628498116124000,1,4025.66810000,0.2482
1628498319441000,0,3208.61184000,0.2491
1628498614081000,1,160.07440177,0.2485
1628498693114000,0,1411.02215431,0.2487
1628498929621000,0,799.77493770,0.2488
1628499025387000,0,1934.81381426,0.2490
1628499404614000,1,4014.26216000,0.2489
1628499404714000,1,0.00000588,0.2489
1628499404714000,1,10037.90309412,0.2488
1628500281500000,0,1232.00000000,0.2491
1628500378424000,0,16800.00000000,0.2501
1628500414752000,1,4200.00000000,0.2502
1628500535335000,0,341.87829420,0.2502
1628500612703000,0,179.08396873,0.2507
1628500625098000,0,0.00000001,0.2507
1628500650946000,0,118.75223773,0.2514
1628500678034000,1,4200.00000000,0.2510
1628500678588000,1,1100.41040000,0.2510
1628500687741000,1,0.00000761,0.2510
1628500731384000,0,138.68191790,0.2507
1628500807914000,0,8311.27101316,0.2508
1628501025268000,1,4200.00000000,0.2515
1628501042130000,1,189.98540694,0.2515
1628501246243000,0,4200.00000000,0.2519
1628501248670000,1,4200.00000000,0.2516
1628501265328000,1,9500.00000000,0.2515
1628501265383000,1,431.98544000,0.2515
1628501265424000,1,0.00000981,0.2515
1628501519117000,0,4200.00000000,0.2511
1628501519117000,0,28684.74844720,0.2512
1628501537070000,1,794.15755000,0.2506
1628501538253000,1,0.00000447,0.2506
1628501765540000,0,396.91447604,0.2507
1628501896528000,0,3222.01774710,0.2514
1628501896528000,0,8463.24431193,0.2514
1628501896576000,1,25618.05151748,0.2514
1628502437087000,0,221.59548000,0.2520
1628502545009000,0,0.00000752,0.2520
1628502546896000,0,802.67428000,0.2522
1628502547467000,0,0.00000047,0.2522
1628502585829000,1,4200.00000000,0.2519
1628502840262000,1,299.08108087,0.2518
1628503048444000,0,330.67528553,0.2522
1628503150123000,1,100.00000000,0.2519
1628503256426000,0,6119.69125000,0.2528
1628503256510000,0,9500.00000000,0.2528
1628503256532000,0,3001.87837375,0.2528
1628503485955000,1,20200.00000000,0.2530
1628503733347000,1,1223.02452082,0.2534
1628503925070000,1,102.12924415,0.2538
1628503967511000,1,9849.26599000,0.2536
1628503968271000,1,3940.94859919,0.2534
1628504040951000,0,1000.00000000,0.2531
1628504040951000,0,1500.00000000,0.2531
1628504230017000,1,2500.00000000,0.2534
1628504383343000,0,177.81078838,0.2530
1628504593305000,1,1878.39960000,0.2520
1628504610623000,1,0.00008466,0.2520
1628504695992000,1,2000.00000000,0.2521
1628504695992000,1,2277.84828263,0.2521
1628504696098000,1,2000.00000000,0.2521
1628504696098000,1,4150.26550000,0.2521
1628504712070000,1,4200.00000000,0.2520
1628504712070000,1,2368.41643696,0.2520
1628504732976000,1,4200.00000000,0.2522
1628504732976000,1,8423.37787880,0.2522
1628504732976000,1,4460.61400000,0.2522
1628504733055000,0,29617.00278000,0.2521
1628504733087000,0,0.00000120,0.2521
1628504816623000,1,8421.70070000,0.2522
1628504816668000,1,4640.22930000,0.2521
1628505390607000,0,4200.00000000,0.2537
1628505526939000,0,100.00000000,0.2539
1628505708330000,0,4300.00000000,0.2542
1628505913776000,1,217.48031000,0.2540
1628505914188000,1,0.00000496,0.2540
1628506006134000,1,3934.00316294,0.2539
1628506006134000,1,3416.25331706,0.2539
1628506006190000,1,6419.45015000,0.2539
1628506006229000,1,0.00001202,0.2539
1628506164049000,0,128.80000000,0.2541
1628506440304000,0,117.20293127,0.2542
1628506467049000,0,400.00000000,0.2544
1628506507459000,1,489.14625000,0.2543
1628506814255000,0,400.00000000,0.2553
1628506814728000,0,4202.89003759,0.2554
1628506881076000,1,3922.52233000,0.2548
1628506881103000,1,0.00000876,0.2548
1628506881151000,1,9807.07410000,0.2547
1628506881395000,1,3922.49156664,0.2547
1628506923534000,0,3076.96500000,0.2547
1628507247830000,0,3940.10592000,0.2555
1628507343794000,0,0.00000477,0.2555
1628507343794000,0,4200.00000000,0.2555
1628507658593000,0,750.00000000,0.2563
1628507926515000,0,389.80000000,0.2558
1628507927694000,0,4950.00000000,0.2558
1628507974249000,1,4200.00000000,0.2557
1628507974249000,1,1860.17907254,0.2557
1628508067990000,1,4200.00000000,0.2563
1628508156685000,0,81.13300621,0.2564
1628508156685000,0,81.13299379,0.2564
1628508156685000,0,0.00001242,0.2564
1628508156685000,0,228.12994733,0.2564
1628508196616000,0,25.87005267,0.2564
1628508283697000,0,2539.30811000,0.2569
1628508283742000,0,0.00000396,0.2569
1628508395777000,1,8285.63113000,0.2563
1628508406682000,1,104.25761200,0.2561
1628508412781000,0,2000.00000000,0.2568
1628508412781000,0,1874.78535825,0.2568
1628508540181000,0,591.29043586,0.2562
1628508540302000,0,1770.52770000,0.2562
1628508578500000,0,77.75455184,0.2559
1628508638665000,0,2000.00000000,0.2558
1628508671179000,0,1000.00000000,0.2558
1628508671268000,0,1000.00000000,0.2559
1628508789656000,1,2000.00000000,0.2546
1628508789656000,1,3925.35544094,0.2546
1628508789656000,1,9797.61920398,0.2545
1628508789656000,1,9933.10121575,0.2545
1628508790259000,1,150.00000000,0.2545
1628508790382000,1,3775.10892177,0.2545
1628508790522000,1,7500.00000000,0.2544
1628508878779000,0,928.88805471,0.2544
1628508921285000,1,4200.00000000,0.2542
1628508921285000,1,1855.90152007,0.2541
1628509293752000,0,2000.00000000,0.2555
1628509293752000,0,4200.00000000,0.2555
1628509293752000,0,61547.67698630,0.2555
1628509392015000,0,583.84341261,0.2556
1628509502181000,0,583.84340000,0.2558
1628509555227000,0,388.74234255,0.2560
1628509870130000,0,77.75151396,0.2560
1628509873715000,1,140.98993907,0.2557
1628510022205000,0,325.50390000,0.2561
1628510500387000,1,1857.13173000,0.2560
1628510500448000,1,0.00000769,0.2560
1628510500448000,1,1606.49268231,0.2560
1628510500478000,1,0.00001243,0.2560
1628510558974000,0,3410.80557781,0.2561
1628510558974000,0,3410.61898524,0.2561
1628510559623000,0,3413.33716408,0.2562
1628510579642000,1,4328.49244000,0.2568
1628510580213000,1,0.00000665,0.2568
1628510580213000,1,16372.40338335,0.2567
1628510599620000,0,140.00000000,0.2570
1628510654276000,0,500.00000000,0.2573
1628510908657000,1,4200.00000000,0.2563
1628510908657000,1,2000.00000000,0.2563
1628510987283000,1,2700.00000000,0.2563
1628510987438000,1,1199.15232428,0.2563
1628510987438000,1,300.84767572,0.2562
1628511009447000,1,1500.00000000,0.2562
1628511009535000,1,2400.24727568,0.2562
1628511009535000,1,9750.76872432,0.2562
1628511021443000,0,2899.11213000,0.2566
1628511024839000,0,0.00000657,0.2566
1628511024839000,0,7247.00549343,0.2566
1628511025187000,0,0.00000982,0.2566
1628511025187000,0,9213.88236018,0.2567
1628511025478000,0,422.95885000,0.2567
1628511025554000,0,9213.88237000,0.2567
1628511074994000,0,4200.00000000,0.2561
1628511086967000,0,1865.28680000,0.2563
1628511087090000,0,3834.71310000,0.2564
1628511087361000,0,1864.74377000,0.2564
1628511335900000,1,3910.80241000,0.2555
1628511336178000,1,3910.80241844,0.2554
1628511336178000,1,9774.86336714,0.2554
1628511336178000,1,12400.00000000,0.2553
1628511336178000,1,11217.64779093,0.2551
1628511460548000,0,4328.49244000,0.2546
1628511460828000,0,0.00000665,0.2546
1628511554823000,1,10500.00000000,0.2539
1628511554876000,1,2500.00000000,0.2539
1628511555175000,1,3937.06987512,0.2538
1628511555175000,1,265.82016247,0.2538
1628511580566000,1,1500.00000000,0.2538
1628511580566000,1,4200.00000000,0.2538
1628511580566000,1,3109.24452164,0.2537
1628511735654000,0,2346.39143012,0.2553
1628511855292000,1,3919.20173000,0.2550
1628511855324000,1,0.00000699,0.2550
1628511855381000,1,3390.04280000,0.2549
1628511878230000,0,7799.92671000,0.2550
1628511890524000,1,3919.20170000,0.2548
1628511914446000,0,147.07461000,0.2549
1628511915023000,0,0.00000084,0.2549
1628512148980000,0,6500.00000000,0.2556
1628512149043000,0,6500.00000000,0.2556
1628512149060000,0,16800.00000000,0.2556
1628512169284000,1,3910.77182993,0.2555
1628512169284000,1,2325.80623007,0.2555
1628512169346000,1,5000.00000000,0.2555
1628512169410000,1,5000.00000000,0.2555
1628512169462000,1,1563.42194000,0.2555
1628512370270000,0,4200.00000000,0.2557
1628512370270000,0,64204.52690021,0.2558
1628512506119000,0,128.43301448,0.2554
1628512641310000,1,465.00000000,0.2550
1628512687031000,0,117.12147369,0.2549
1628512759799000,1,2511.18638247,0.2549
1628512768704000,0,117.03422724,0.2551
1628512889578000,0,309.29793266,0.2554
1628512919912000,0,390.70000000,0.2551
1628512991735000,0,2517.24460000,0.2552
1628512991845000,0,2417.32375111,0.2552
1628514104918000,0,2000.00000000,0.2563
1628514104918000,0,2119.46166642,0.2563
1628514104918000,0,3666.28260570,0.2563
1628514513321000,0,1989.47313000,0.2560
1628514534313000,0,1943.67990000,0.2562
1628514534411000,0,0.00002414,0.2562
1628514534411000,0,1722.60267586,0.2562
1628514656538000,0,384.49527676,0.2561
1628514657322000,0,1880.43606882,0.2561
1628514657322000,0,62.30831791,0.2561
1628514686411000,0,384.49530000,0.2562
1628514748704000,0,1917.74555000,0.2562
1628514748973000,0,0.00000475,0.2562
1628514748973000,0,4794.92347525,0.2563
1628514749098000,0,0.00000651,0.2563
1628514749098000,0,12464.36594349,0.2563
1628515160171000,1,82.00000000,0.2560
1628515343052000,0,1265.97760000,0.2566
1628515532489000,0,1236.70983000,0.2573
1628515532619000,0,0.00000221,0.2573
1628515532619000,0,1500.00000000,0.2575
1628515532619000,0,2623.02403942,0.2575
1628515538342000,0,319.23012000,0.2576
1628515586993000,0,0.00000489,0.2576
1628515586993000,0,249.99999511,0.2577
1628515675519000,0,0.00000489,0.2577
1628515675519000,0,99.99999511,0.2577
1628515680265000,1,638.60816354,0.2573
1628515800335000,1,199.20960069,0.2573
1628515821492000,0,1059.02513000,0.2576
1628515822113000,0,1059.97991000,0.2577
1628515822186000,0,0.00000744,0.2577
1628515822186000,0,2649.94978256,0.2577
1628515830997000,0,175.31543893,0.2577
1628515953477000,1,2000.00000000,0.2583
1628515953477000,1,1327.84239300,0.2583
1628515963401000,0,1488.10638182,0.2586
1628515963401000,0,595.48229279,0.2586
1628515963401000,0,500.00000000,0.2586
1628515963401000,0,1071.31805059,0.2587
1628516055940000,1,147.66010000,0.2579
1628516056094000,1,2000.00000000,0.2579
1628516063366000,1,1136.62434694,0.2574
1628516129437000,1,1136.62430000,0.2566
1628516129507000,1,16800.00000000,0.2566
1628516136815000,0,799.07000000,0.2565
1628516136847000,0,0.00150000,0.2565
1628516225370000,0,1406.50970667,0.2570
1628516225370000,0,529.03511125,0.2570
1628516681323000,0,1382.07000000,0.2572
1628516681347000,0,0.00323655,0.2572
1628516681355000,0,2458.89493582,0.2573
1628516681698000,0,995.78858000,0.2573
1628517270124000,1,3948.77297882,0.2530
1628517270124000,1,2813.42488115,0.2530
1628517270569000,1,3026.56517267,0.2530
1628517270601000,1,4123.02404163,0.2530
1628517301824000,0,2301.75997000,0.2525
1628517303277000,0,2299.86361000,0.2527
1628517304622000,0,2089.37156000,0.2529
1628517388185000,0,1552.36786000,0.2527
1628517388327000,0,0.00000695,0.2527
1628517388327000,0,3881.21619305,0.2527
1628517388513000,0,0.00003338,0.2527
1628517575131000,0,1338.35571768,0.2532
1628517575131000,0,500.00000000,0.2533
1628517575131000,0,126.26250245,0.2533
1628517596492000,1,104.88372030,0.2532
1628517611346000,1,2000.00000000,0.2532
1628517611346000,1,4200.00000000,0.2532
1628517611346000,1,3800.00000000,0.2532
1628517616550000,1,4460.61400000,0.2533
1628517616550000,1,3539.38600000,0.2532
1628517620252000,1,4200.00000000,0.2533
1628517620252000,1,1500.00000000,0.2533
1628517620252000,1,4300.00000000,0.2533
1628517623807000,1,4610.00000000,0.2534
1628517623807000,1,4200.00000000,0.2534
1628517623807000,1,1190.00000000,0.2533
1628517627211000,1,4460.61400000,0.2534
1628517627211000,1,5539.38600000,0.2534
1628517629230000,0,1304.75187000,0.2537
1628517629308000,0,0.00000129,0.2537
1628517630455000,1,4460.61400000,0.2537
1628517630455000,1,4200.00000000,0.2536
1628517630455000,1,1339.38600000,0.2536
1628517633587000,1,5539.38600000,0.2537
1628517633587000,1,4460.61400000,0.2536
1628517636655000,1,3939.73777105,0.2536
1628517636655000,1,3908.98071297,0.2536
1628517636655000,1,2151.28151598,0.2536
1628517641284000,1,6145.00000000,0.2536
1628517641284000,1,3855.00000000,0.2536
1628517644600000,1,8371.08068339,0.2536
1628517644600000,1,1628.91931661,0.2535
1628517648153000,1,3941.13520458,0.2536
1628517648153000,1,6058.86479542,0.2536
1628517722526000,1,5110.00000000,0.2545
1628517722604000,1,3928.65560000,0.2544
1628517722704000,1,7761.34440000,0.2544
1628517723122000,0,4200.00000000,0.2545
1628517748346000,1,4282.00000000,0.2540
1628517748397000,1,20600.00000000,0.2540
1628517840442000,0,1244.78605439,0.2545
1628517840442000,0,2955.21394561,0.2545
1628517840532000,0,156.74850000,0.2545
1628517840555000,0,0.00001434,0.2545
1628517840574000,0,8089.77850000,0.2546
1628517840753000,0,0.00003120,0.2546
1628518517404000,0,151.11359034,0.2568
1628518639946000,0,2000.00000000,0.2565
1628518639946000,0,5757.95162170,0.2565
1628519047802000,1,4200.00000000,0.2573
1628519078060000,1,4200.00000000,0.2571
1628519472371000,1,3913.64920000,0.2552
1628519472439000,1,4335.23720000,0.2551
1628519727139000,0,585.53951600,0.2550
1628519824745000,1,755.06685060,0.2550
1628520131848000,0,1000.00000000,0.2564
1628520131848000,0,246.65273740,0.2564
1628520256858000,1,2000.00000000,0.2555
1628520256858000,1,4200.00000000,0.2555
1628520256858000,1,3800.44290799,0.2555
1628520256922000,1,508.41410000,0.2555
1628520257011000,1,4200.00000000,0.2555
1628520305053000,0,997.08666000,0.2558
1628520307146000,0,0.00000526,0.2558
1628520307146000,0,2493.49702474,0.2558
1628520307784000,0,975.68549643,0.2558
1628520307784000,0,2439.21374106,0.2558
1628520319565000,0,4200.00000000,0.2560
1628520353176000,0,2000.00000000,0.2562
1628520353176000,0,8304.34519897,0.2562
1628520409819000,1,4200.00000000,0.2556
1628520409819000,1,3800.06482610,0.2556
1628520410892000,0,2682.21940327,0.2558
1628520410892000,0,1072.88775673,0.2558
1628520412510000,0,0.00000458,0.2558
1628520412510000,0,6974.00056542,0.2559
1628520523980000,1,399.98794250,0.2559
1628520533029000,0,395.57016242,0.2561
1628520604062000,1,399.98790000,0.2560
1628520604148000,1,3502.14650000,0.2560
1628520999462000,1,2000.00000000,0.2563
1628520999733000,1,9750.84615037,0.2561
1628520999733000,1,2249.15384963,0.2561
1628520999782000,1,1651.42811000,0.2561
1628521000607000,1,3903.81011000,0.2559
1628521230236000,0,4200.00000000,0.2564
1628521230236000,0,2000.00000000,0.2564
1628521230236000,0,1583.47110209,0.2564
1628521278492000,0,1504.71000000,0.2563
1628521682467000,0,1450.87730000,0.2566
1628521682532000,0,0.00007740,0.2566
1628521682541000,0,1450.94881483,0.2566
1628521682541000,0,1298.17388517,0.2567
1628521714728000,0,115.14631960,0.2568
1628521829148000,0,115.14640000,0.2567
1628521829243000,0,1129.29515262,0.2567
1628521829317000,0,3111.78890000,0.2567
1628522339215000,1,2000.00000000,0.2578
1628522339215000,1,8246.47610000,0.2578
1628522339865000,1,0.00003770,0.2578
1628522405258000,0,2000.00000000,0.2583
1628522712227000,0,444.08457800,0.2587
1628522818085000,0,444.08450000,0.2586
1628522856476000,0,1153.46758114,0.2588
1628522873415000,1,4200.00000000,0.2587
1628522873415000,1,8218.19003597,0.2586
1628522873465000,0,4200.00000000,0.2586
1628522873480000,0,3381.80996403,0.2586
1628522920549000,0,816.33503154,0.2590
1628522920589000,0,0.00000001,0.2590
1628522920931000,0,250.00000000,0.2591
1628522921202000,0,1606.49269000,0.2591
1628522926954000,0,0.00000474,0.2591
1628522946121000,1,4200.00000000,0.2592
1628522946121000,1,1639.00000000,0.2591
1628522946121000,1,3856.65581661,0.2591
1628522946121000,1,58708.87108360,0.2591
1628523137985000,1,2000.00000000,0.2584
1628523137985000,1,5783.47110209,0.2584
1628523313769000,1,8207.94784000,0.2591
1628523375176000,1,3900.00000000,0.2592
1628523426914000,0,1010.42250817,0.2595
1628523631846000,1,0.00000111,0.2591
1628523631846000,1,5499.99999889,0.2591
1628523631901000,1,7000.00000000,0.2591
1628523631927000,1,6536.11000000,0.2591
1628523631955000,1,5500.00000000,0.2591
1628523632005000,1,4500.00000000,0.2591
1628523632057000,1,5000.00000000,0.2591
1628523632106000,1,2613.85526012,0.2591
1628523847085000,0,4200.00000000,0.2590
1628523847085000,0,2000.00000000,0.2590
1628523847085000,0,1437.88073240,0.2590
1628523847085000,0,4815.00000000,0.2590
1628523847085000,0,8218.25580327,0.2591
1628523847085000,0,1437.52538685,0.2591
1628523847085000,0,18454.72388916,0.2591
1628523847085000,0,9345.93629496,0.2591
1628523847085000,0,18223.74364084,0.2592
1628523868513000,0,3682.00000000,0.2589
1628523868513000,0,1490.39523000,0.2589
1628524043450000,1,4200.00000000,0.2585
1628524043450000,1,2000.00000000,0.2585
1628524043450000,1,1644.00000000,0.2585
1628524043450000,1,7016.48247814,0.2584
1628524062244000,1,100.82556000,0.2586
1628524114958000,0,583.86264669,0.2590
1628524120219000,0,1642.00000000,0.2591
1628524269453000,0,483.03710000,0.2595
1628524313780000,0,6639.13371924,0.2595
1628524314086000,0,1056.65575127,0.2596
1628524405299000,0,815.23583664,0.2597
1628524405485000,0,2037.45813000,0.2597
1628524405771000,0,816.14636000,0.2597
1628524426357000,0,500.00000000,0.2600
1628524427311000,0,2128.39968000,0.2600
1628524427381000,0,893.58814961,0.2600
1628524427381000,0,250.00000000,0.2600
1628524427381000,0,1878.39955039,0.2600
1628524479834000,0,755.28821943,0.2599
1628524610166000,1,200.89532900,0.2597
1628524962614000,1,3860.61630000,0.2586
1628524976923000,0,119.62591347,0.2590
1628525019334000,1,3869.28023649,0.2580
1628525019334000,1,9680.54145331,0.2580
1628525418810000,1,3858.02469136,0.2590
1628525418810000,1,671.01878690,0.2590
1628525444232000,1,3857.63773000,0.2590
1628525444303000,1,0.00000696,0.2590
1628525444303000,1,3858.02468304,0.2589
1628525444341000,1,0.00000832,0.2589
1628525604355000,1,4200.00000000,0.2584
1628525604355000,1,1177.10400000,0.2583
1628526278143000,0,328.61374782,0.2590
1628526553968000,1,4200.00000000,0.2577
1628526555113000,1,49593.08350926,0.2577
1628526555178000,1,16800.00000000,0.2577
1628526555194000,1,5500.00000000,0.2577
1628527074591000,1,176.75430263,0.2573
1628527379869000,1,580.17728009,0.2572
1628527920315000,1,231.29173172,0.2581
1628528124560000,0,114.50825389,0.2580
1628528218860000,0,482.10614800,0.2581
1628528329840000,0,331.58185826,0.2583
1628528329840000,0,53.59196622,0.2583
1628528346043000,0,334.07903073,0.2583
1628528400310000,1,1178.88048809,0.2579
1628528668341000,0,96.60000000,0.2595
1628528718789000,0,1733.19118837,0.2594
1628529008244000,1,3861.06349133,0.2588
1628529008244000,1,2000.00000000,0.2588
1628529008244000,1,2580.00725229,0.2588
1628529199705000,0,2000.00000000,0.2585
1628529199705000,0,1872.27382000,0.2585
1628529199790000,0,162.70180000,0.2585
1628529304567000,0,346.64409000,0.2582
1628529314105000,0,0.00000346,0.2582
1628529502959000,0,182.88066862,0.2584
1628529772487000,0,114.33988547,0.2586
1628529819819000,1,1000.00000000,0.2578
1628529819840000,1,2875.99903875,0.2578
1628529819928000,1,8000.00000000,0.2577
1628529856308000,0,297.22040000,0.2574
1628529892353000,0,3881.95743000,0.2578
1628529955336000,1,80.00000000,0.2572
1628530389531000,0,300.00000000,0.2581
1628530440269000,1,827.84685214,0.2581
1628530680264000,1,287.58637355,0.2585
1628531256481000,0,500.00000000,0.2582
1628531256481000,0,3546.38311386,0.2582
1628531443304000,0,300.00000000,0.2584
1628531537186000,1,1647.00000000,0.2582
1628531537186000,1,3869.37006655,0.2582
1628531537186000,1,203.76233461,0.2581
1628531537186000,1,9673.57418924,0.2581
1628531537186000,1,12247.76922876,0.2581
1628531537188000,1,12904.71842897,0.2581
1628531537188000,1,2033.00000000,0.2580
1628531537188000,1,210.67591137,0.2580
1628531537188000,1,3000.00000000,0.2580
1628531537188000,1,24703.27730726,0.2580
1628531537188000,1,5275.57000000,0.2580
1628531537188000,1,6379.00000000,0.2579
1628531537188000,1,191.22227505,0.2579
1628531537305000,1,2033.00000000,0.2573
1628531537305000,1,198.60972614,0.2572
1628531537305000,1,1938.11694469,0.2572
1628531537377000,1,1207.37732917,0.2580
1628531537782000,1,1649.00000000,0.2579
1628531558310000,0,3882.19907000,0.2578
1628531808022000,0,36649.96525000,0.2573
1628531808063000,0,0.00000901,0.2573
1628532204487000,0,244.49185415,0.2577
1628532246170000,0,2595.44180000,0.2579
1628532490890000,1,483.82369830,0.2573
1628532870222000,0,347.29015744,0.2579
1628532911875000,0,131.00046535,0.2579
1628533045732000,0,131.00040000,0.2577
1628533265718000,1,3877.53202000,0.2577
1628533320271000,1,834.10480692,0.2577
1628533331403000,1,2000.00000000,0.2577
1628533467014000,0,1060.79410738,0.2580
1628533540199000,1,1200.00000000,0.2578
1628533540260000,1,2834.10480000,0.2578
1628533629110000,1,3875.06781000,0.2579
1628533629346000,1,9686.24258000,0.2578
1628533757943000,1,1700.80538000,0.2583
1628533784200000,1,0.00000991,0.2583
1628533835626000,1,4200.00000000,0.2581
1628533835626000,1,4200.00000000,0.2580
1628533835626000,1,8239.40168313,0.2580
1628533835626000,1,3872.60672904,0.2580
1628533835626000,1,4460.61400000,0.2580
1628533835626000,1,770.80071241,0.2579
1628533884869000,0,8151.00000000,0.2586
1628533884904000,0,121387.11000000,0.2586
1628533885088000,0,3868.08730000,0.2587
1628533885133000,0,0.00008938,0.2587
1628533885133000,0,9670.14906119,0.2588
1628533885133000,0,23929.85084943,0.2588
1628534160085000,1,8400.00000000,0.2590
1628534160126000,1,9774.79668077,0.2590
1628534160248000,1,104.19080002,0.2588
1628534368117000,1,4558.10447000,0.2591
1628534377235000,0,3835.19963057,0.2592
1628534401781000,0,500.00000000,0.2591
1628534404330000,0,3835.19960000,0.2592
1628534404379000,0,29165.55216485,0.2592
1628534404407000,0,16800.00000000,0.2592
1628534404464000,0,1977.24823515,0.2592
1628534551081000,0,5500.00000000,0.2600
1628534551819000,0,5000.00000000,0.2600
1628534551880000,0,8000.00000000,0.2600
1628534559804000,0,9000.00000000,0.2600
1628534559871000,0,10500.00000000,0.2600
1628534560028000,0,3278.00000000,0.2600
1628534560090000,0,10500.00000000,0.2600
1628534560331000,0,1030.90738013,0.2600
1628534560331000,0,1780.13862987,0.2600
1628534573402000,0,0.00000492,0.2600
1628534573790000,0,304.10788000,0.2601
1628534573857000,0,0.00000381,0.2601
1628534573857000,0,17830.99999619,0.2601
1628534573980000,0,0.00000381,0.2601
1628534573980000,0,499.99999619,0.2601
1628534639815000,1,550.00000000,0.2598
1628534707021000,0,500.00000000,0.2597
1628534707021000,0,3785.64381135,0.2597
1628534791523000,0,0.00000381,0.2601
1628534791523000,0,1089.73634480,0.2602
1628534801604000,0,302.80905353,0.2602
1628534880272000,1,283.57189656,0.2595
1628535021461000,1,3861.80902000,0.2587
1628535021526000,1,0.00000582,0.2587
1628535021545000,1,3858.41170000,0.2587
1628535117277000,0,384.55068599,0.2587
1628535289218000,0,8243.44069000,0.2584
1628535289294000,0,0.00000212,0.2584
1628535289294000,0,687.35959788,0.2584
1628535291081000,0,384.69936207,0.2586
1628535485087000,1,22136.89331000,0.2581
1628535510924000,0,384.69940000,0.2582
1628535560762000,1,2000.00000000,0.2581
1628535560762000,1,2625.11011528,0.2581
1628535773805000,0,1927.37163444,0.2581
1628535805227000,1,10445.29461780,0.2579
1628535812257000,1,2809.41004835,0.2579
1628535815920000,0,434.75967310,0.2582
1628535843705000,0,1927.37160000,0.2584
1628535930951000,1,607.25522100,0.2582
1628536097215000,1,3863.03232000,0.2587
1628536097278000,1,0.00000585,0.2587
1628536150767000,0,578.52338977,0.2587
1628536217579000,1,268.01281171,0.2586
1628536333182000,1,215.55254740,0.2588
1628536380898000,0,147.18478303,0.2589
1628536493151000,0,2770.26547954,0.2589
1628536493224000,0,118.45280000,0.2589
1628536510250000,1,5639.61666154,0.2588
1628536569306000,0,2000.00000000,0.2588
1628536569365000,1,9016.73365000,0.2588
1628536569426000,1,0.00000280,0.2588
1628536753982000,1,1836.82073000,0.2586
1628536760817000,1,0.00000099,0.2586
1628536907803000,1,4200.00000000,0.2586
1628536907803000,1,85.64381135,0.2586
1628537040320000,1,1954.42392847,0.2584
1628537212226000,1,83.33736221,0.2583
1628537493013000,1,397.53683100,0.2579
1628537567929000,0,699.97432123,0.2582
1628537741301000,1,3884.52090000,0.2573
1628537741423000,1,0.00006088,0.2573
1628537741469000,1,2269.90300000,0.2572
1628537741682000,1,7443.43645000,0.2572
1628537741738000,1,0.00000711,0.2572
1628537741838000,1,3884.52096088,0.2572
1628537741838000,1,9711.45283253,0.2571
1628537742458000,0,262.16089650,0.2571
1628537758330000,1,9244.00300000,0.2568
1628537758393000,1,481.95793659,0.2568
1628537758393000,1,3889.93052584,0.2568
1628537758393000,1,29228.11153757,0.2568
1628537758412000,1,16800.00000000,0.2568
1628537758757000,1,8000.00000000,0.2567
1628537821896000,1,3897.29839275,0.2560
1628537821896000,1,8602.70160725,0.2560
1628537841657000,1,196.13709988,0.2563
1628537884778000,1,2000.00000000,0.2562
1628537884778000,1,770.26547954,0.2562
1628538766943000,1,704.24160000,0.2560
1628538845322000,0,2214.00000000,0.2559
1628538845518000,0,3908.90683000,0.2560
1628538923157000,1,217.87659217,0.2550
1628538923346000,1,1500.00000000,0.2550
1628539218213000,0,2244.00000000,0.2564
1628539218213000,0,2000.00000000,0.2564
1628539218213000,0,99.91657236,0.2564
1628539462367000,1,217.87650000,0.2563
1628539622262000,0,1000.00000000,0.2566
1628539622262000,0,2873.80686700,0.2566
1628539705084000,0,2873.80680000,0.2567
1628539705170000,0,5426.65450000,0.2567
1628539935833000,0,116.29105146,0.2567
1628539993325000,0,193.62979683,0.2569
1628540119787000,0,309.92070000,0.2569
1628540119902000,0,7982.58150000,0.2569
1628540326610000,0,463.77297444,0.2575
1628540400784000,0,382.58370232,0.2575
1628540416638000,1,1500.00000000,0.2575
1628540417296000,1,500.00000000,0.2575
1628540430011000,1,388.99999999,0.2574
1628540459908000,0,382.58370000,0.2576
1628540876537000,1,0.00000001,0.2574
1628541040800000,0,1000.00000000,0.2564
1628541065405000,1,639.21568627,0.2550
1628541065429000,1,3902.19224283,0.2550
1628541076526000,0,5344.00000000,0.2544
1628541148732000,1,500.00000000,0.2535
1628541186912000,0,3179.00000000,0.2534
1628541186992000,0,1000.00000000,0.2534
1628541223213000,1,641.85770750,0.2530
1628541239145000,0,1375.78253000,0.2532
1628541239625000,0,3952.43455000,0.2532
1628541239895000,0,1682.00000000,0.2533
1628541324426000,1,3946.70000000,0.2530
1628541353818000,0,3956.22763000,0.2530
1628541490509000,1,500.00000000,0.2539
1628541725478000,1,4200.00000000,0.2547
1628541725478000,1,2000.00000000,0.2545
1628541725478000,1,204.90901231,0.2545
1628541725478000,1,9808.38342148,0.2545
1628541725478000,1,25502.63226405,0.2545
1628541725478000,1,3924.77016849,0.2545
1628541725478000,1,18253.62967885,0.2545
1628541725478000,1,4238.74120230,0.2545
1628541725880000,0,117.01043055,0.2550
1628541733865000,1,3924.52370000,0.2546
1628541733881000,1,0.00001897,0.2546
1628541734019000,1,158.46590000,0.2545
1628541748280000,0,140.00000000,0.2547
1628541766726000,1,612.35154000,0.2543
1628541915847000,1,286.25399593,0.2538
1628542371092000,0,4200.00000000,0.2537
1628542371092000,0,7087.00000000,0.2537
1628542371092000,0,8397.10261417,0.2537
1628542371092000,0,1417.05601185,0.2538
1628542371092000,0,18795.27433283,0.2539
1628542371092000,0,16790.57963754,0.2539
1628542371092000,0,2310.68683258,0.2539
1628542440262000,1,360.47115558,0.2535
1628542451866000,1,4200.00000000,0.2534
1628542451866000,1,3942.96934565,0.2534
1628542451866000,1,8397.30511132,0.2534
1628542451866000,1,4460.61400000,0.2533
1628542451866000,1,9857.65545523,0.2533
1628542451866000,1,16793.14403227,0.2533
1628542451866000,1,3942.50298330,0.2533
1628542451866000,1,7403.50850120,0.2532
1628542733385000,1,500.00000000,0.2525
1628542747749000,1,146.72500000,0.2520
1628542748903000,1,1481.80618000,0.2520
1628542750412000,0,1509.54110990,0.2520
1628542751042000,0,6000.00000000,0.2521
1628542751151000,0,1509.54110000,0.2521
1628542772301000,1,0.00000552,0.2520
1628542772906000,1,147.93879000,0.2520
1628542773814000,1,0.00000900,0.2520
1628542819032000,0,3961.56206000,0.2526
1628542890682000,0,3951.55877000,0.2532
1628542890753000,0,0.00000712,0.2532
1628542890753000,0,1500.00000000,0.2533
1628542890753000,0,1771.32001481,0.2533
1628542891304000,0,9877.36266000,0.2535
1628542923442000,1,236.80008510,0.2541
1628543106256000,0,215.76395678,0.2536
1628543280266000,1,770.29306778,0.2538
1628543280320000,1,236.80000000,0.2538
1628543709633000,0,201.34480702,0.2517
1628543710175000,1,2000.00000000,0.2517
1628543710175000,1,1691.00000000,0.2517
1628543710175000,1,1909.00000000,0.2517
1628543839587000,1,26325.14000000,0.2512
1628543839602000,1,0.00629194,0.2512
1628543844559000,0,265.33200090,0.2507
1628543845408000,1,500.00000000,0.2504
1628543865371000,0,1643.80904663,0.2505
1628543912572000,0,1909.14100000,0.2505
1628543912643000,0,2086.89620000,0.2505
1628543958431000,0,3986.31780000,0.2512
1628543965017000,1,4200.00000000,0.2513
1628543965017000,1,500.00000000,0.2513
1628543965017000,1,300.00000000,0.2513
1628544228251000,1,4200.00000000,0.2507
1628544632329000,1,1999.99999999,0.2515
1628545027806000,1,236.80008520,0.2525
1628545154713000,0,186.52543510,0.2534
1628545188568000,1,177.81078838,0.2530
1628545236998000,1,33500.00000000,0.2543
1628545237048000,1,7500.00000000,0.2543
1628545237105000,1,9000.00000000,0.2543
1628545237163000,1,5000.00000000,0.2543
1628545239682000,0,2444.00000000,0.2546
1628545801087000,0,3930.35388000,0.2546
1628545940286000,0,8386.14466000,0.2541
1628546101536000,0,0.00000222,0.2541
1628546101536000,0,2000.00000000,0.2543
1628546101536000,0,8382.54135127,0.2543
1628546101536000,0,162.38628788,0.2544
1628546232328000,0,1680.00000000,0.2536
1628546461421000,0,3946.95244000,0.2536
1628546461549000,0,0.00000119,0.2536
1628546461549000,0,1680.99999881,0.2536
1628546461946000,0,3946.26711000,0.2537
1628546483145000,0,98.58044164,0.2544
1628546783061000,0,392.59256400,0.2533
1628546800382000,1,953.06944000,0.2531
1628546815984000,1,0.00000773,0.2531
1628547658125000,1,3941.16626000,0.2535
1628547753673000,1,9851.36248935,0.2535
1628547753673000,1,3940.48294559,0.2535
1628547768243000,1,3941.41481026,0.2534
1628547824207000,0,5902.40374753,0.2535
1628547949982000,1,3940.51400065,0.2535
1628547949982000,1,3559.48599935,0.2535
1628547950035000,1,5620.48239000,0.2535
1628547960282000,1,145.16035669,0.2532
1628547970122000,1,3797.00026270,0.2532
1628547970122000,1,5202.99973730,0.2532
1628547970245000,1,4660.87866000,0.2532
1628548296822000,1,3944.11971000,0.2533
1628548297089000,1,0.00000192,0.2533
1628548297089000,1,3944.11970808,0.2533
1628548297484000,1,0.00000384,0.2533
1628548302638000,1,3946.39220824,0.2531
1628548302638000,1,553.60779176,0.2531
1628548302692000,1,9311.51616812,0.2531
1628548411829000,1,3940.23452000,0.2535
1628548422367000,1,3942.12953000,0.2534
1628548510489000,1,3943.21766000,0.2534
1628548615419000,0,4500.00000000,0.2535
1628548632836000,0,5186.21595000,0.2536
1628548632905000,0,3206.90693000,0.2536
1628548677589000,1,9851.67305900,0.2535
1628548677589000,1,3940.60716875,0.2535
1628548704438000,1,3943.52866000,0.2534
1628548743794000,1,3937.10087000,0.2538
1628548743869000,1,0.00000640,0.2538
1628548782268000,1,3938.37234000,0.2537
1628548782334000,1,0.00000948,0.2537
1628548993950000,0,4112.09494000,0.2538
1628548994029000,0,4000.00000000,0.2538
1628549029928000,0,4000.00000000,0.2538
1628549030188000,0,4384.59305000,0.2538
1628549038873000,0,0.00000849,0.2538
1628549058110000,1,3929.73631000,0.2541
1628549119968000,1,3936.82188000,0.2538
1628549120031000,1,0.00000243,0.2538
1628549197385000,1,3926.52682000,0.2544
1628549197446000,1,0.00000996,0.2544
1628549197446000,1,9817.01055009,0.2544
1628549197446000,1,3926.74268841,0.2543
1628549206561000,1,3930.81761000,0.2541
1628549241365000,1,3929.55100950,0.2542
1628549241365000,1,1731.13942050,0.2542
1628549241435000,1,5000.00000000,0.2542
1628549241505000,1,3092.12015000,0.2542
1628549241646000,1,0.00000987,0.2542
1628549291266000,0,4100.00000000,0.2546
1628549402685000,0,1500.00000000,0.2551
1628549402861000,0,2600.00000000,0.2553
1628549437249000,1,3918.77170019,0.2550
1628549437265000,1,0.00000001,0.2550
1628549437334000,1,5377.10396322,0.2549
1628549437562000,1,3918.77170020,0.2548
1628549437562000,1,9795.54683582,0.2548
1628549466970000,0,8360.51770000,0.2547
1628549468925000,0,0.00000726,0.2547
1628549468925000,0,819.07377609,0.2547
1628549492778000,0,8360.16107000,0.2547
1628549494480000,0,0.00000561,0.2547
1628549494480000,0,5999.99999439,0.2547
1628549496210000,0,2360.16108000,0.2547
1628549498957000,0,0.00000122,0.2547
1628549500096000,0,4100.00000000,0.2550
1628549881817000,0,4100.00000000,0.2553
1628549881890000,0,4236.77491375,0.2553
1628549881890000,0,12163.22508625,0.2553
1628549937871000,1,49998.89942140,0.2554
1628549938400000,1,2000.00000000,0.2553
1628549938400000,1,3909.97669654,0.2553
1628549975596000,1,3903.13968000,0.2559
1628549975900000,1,0.00000556,0.2559
1628549975949000,1,3903.13968000,0.2559
1628549976396000,1,0.00000556,0.2559
1628549986580000,1,3908.02082000,0.2556
1628549986629000,1,0.00000193,0.2556
1628549986629000,1,9771.96084807,0.2556
1628549986643000,1,0.00001174,0.2556
1628550002996000,1,3910.16016016,0.2555
1628550608283000,0,2033.00000000,0.2559
1628551048833000,1,3902.65224000,0.2561
1628551048888000,1,0.00000246,0.2561
1628551280159000,1,231.78320323,0.2553
1628551688656000,0,4100.00000000,0.2554
1628551969550000,0,3781.51210000,0.2547
1628551969625000,0,3868.21680000,0.2547
1628551969699000,0,2185.78320000,0.2547
1628551971422000,0,3927.93440000,0.2548
1628551971505000,0,0.00000739,0.2548
1628551971666000,0,3927.51380521,0.2548
1628551986494000,0,5000.00000000,0.2548
1628551986575000,0,821.51316316,0.2549
1628551986585000,0,2592.99900000,0.2549
1628551991489000,0,5367.00000000,0.2549
1628552172386000,0,5555.00000000,0.2547
1628552172587000,0,3927.97662000,0.2547
1628552299000000,0,4087.00000000,0.2543
1628552299075000,0,367.00000000,0.2544
1628552352711000,1,738.77666381,0.2544
1628552423506000,0,3129.00000000,0.2546
1628552423686000,0,3929.95987000,0.2547
1628552423785000,0,0.00000778,0.2547
1628552423785000,0,9499.99999222,0.2547
1628552423849000,0,7000.00000000,0.2547
1628552639575000,1,738.77660000,0.2542
1628552772286000,0,437.14449117,0.2544
1628552813844000,0,437.14440000,0.2545
1628553995659000,0,2000.00000000,0.2559
1628553996157000,0,25409.06542000,0.2561
1628553996219000,0,1664.00000000,0.2561
1628554000966000,1,3902.25628000,0.2560
1628554113117000,1,3911.29189000,0.2555
1628554208206000,1,3933.38420000,0.2540
1628554210647000,0,237.55740050,0.2541
1628554219817000,0,237.57876890,0.2541
1628554297727000,0,475.13610000,0.2533
1628554378511000,1,3945.80048000,0.2532
1628554629475000,1,3948.10609000,0.2531
1628554632955000,1,3948.10609000,0.2528
1628554647764000,1,3954.78892000,0.2526
1628554647824000,1,0.00000845,0.2526
1628554647824000,1,3955.69629154,0.2525
1628554647824000,1,3955.47710001,0.2525
1628554648347000,1,0.00013473,0.2525
1628554748271000,1,3952.25670000,0.2528
1628554748275000,1,0.00009043,0.2528
1628554748284000,1,16400.00000000,0.2527
1628554764382000,0,7000.00000000,0.2527
1628554872734000,1,3955.28949000,0.2526
1628554881046000,0,8427.19914000,0.2527
1628554936026000,1,3947.48269029,0.2530
1628554941674000,1,3950.60168000,0.2529
1628554944973000,1,3953.72565000,0.2527
1628554989480000,1,3949.50947000,0.2530
1628555008639000,1,2000.00000000,0.2528
1628555044010000,0,7500.00000000,0.2528
1628555063451000,1,3945.36459114,0.2531
1628555063451000,1,3291.72483886,0.2531
1628555142438000,1,3500.00000000,0.2534
1628555143552000,1,441.78767955,0.2534
1628555157970000,1,3947.57618822,0.2531
1628555205342000,0,6000.00000000,0.2538
1628555213223000,1,3934.83906508,0.2539
1628555213223000,1,2565.16093492,0.2539
1628555213402000,1,771.39460000,0.2539
1628555235401000,1,3934.52943028,0.2538
1628555235401000,1,1065.47056972,0.2538
1628555262408000,1,3933.72460781,0.2540
1628555262408000,1,9834.46600663,0.2540
1628555332157000,1,3931.86858122,0.2540
1628555440507000,0,3922.95319000,0.2552
1628555462106000,1,3914.75235277,0.2549
1628555462106000,1,2585.24764723,0.2549
1628555512998000,1,3918.15752561,0.2549
1628555512998000,1,9795.54683582,0.2549
1628555589925000,0,8386.89820000,0.2539
1628555590180000,0,0.00003535,0.2539
1628555590180000,0,16399.99996465,0.2541
1628555683851000,1,2500.00000000,0.2541
1628555683908000,1,1430.19960000,0.2541
1628555684331000,1,0.00005414,0.2541
1628555723429000,1,1151.55859000,0.2542
1628555896229000,1,500.00000000,0.2530
1628555914416000,0,238.06167290,0.2528
1628557057604000,1,238.55438230,0.2539
1628557068310000,1,238.53290400,0.2539
1628557092438000,1,1083.58998249,0.2537
1628557129836000,1,238.37308040,0.2542
1628557133225000,1,238.35162960,0.2543
1628557154223000,1,238.33017880,0.2543
1628557156352000,1,238.53290000,0.2542
1628557156752000,1,3691.35784000,0.2542
1628557415055000,0,1680.00000000,0.2536
1628557524727000,0,3947.77741000,0.2535
1628557524798000,0,0.00000079,0.2535
1628557651999000,0,1680.00000000,0.2535
1628557662839000,0,3948.84819000,0.2536
1628557979272000,1,972.00000000,0.2528
1628558015285000,1,972.00000000,0.2526
1628558321224000,0,238.40543510,0.2523
1628558326607000,0,792.98999620,0.2522
1628558389381000,0,1031.39530000,0.2529
1628558462969000,0,4491.63494369,0.2530
1628558481618000,0,7000.00000000,0.2530
1628558481691000,0,1413.37830000,0.2530
1628558486177000,1,3950.22714000,0.2529
1628558486178000,1,0.00000052,0.2529
1628558493755000,1,3951.75697779,0.2528
1628558511627000,0,6000.00000000,0.2527
1628558512128000,0,2423.47596000,0.2527
1628558519993000,1,3955.94667187,0.2525
1628558520655000,1,9891.66646883,0.2525
1628558521278000,1,3956.85456634,0.2524
1628558522646000,0,8429.32573000,0.2524
1628558543829000,0,8433.59728000,0.2523
1628558566551000,0,0.00000196,0.2523
1628558566551000,0,8433.83108804,0.2523
1628558571784000,0,0.00000548,0.2523
1628558571784000,0,0.00000043,0.2524
1628558571784000,0,12664.72931409,0.2524
1628558608055000,1,3958.76563000,0.2524
1628558644927000,1,3957.44961000,0.2524
1628558662020000,0,16000.00000000,0.2525
1628558714749000,1,3955.88407000,0.2525
1628558714818000,1,0.00000381,0.2525
1628558714818000,1,9889.31869619,0.2525
1628558714852000,1,0.00004842,0.2525
1628558723149000,1,3955.88407000,0.2524
1628558723912000,1,3959.51803000,0.2524
1628558724014000,1,0.00000872,0.2524
1628558732637000,1,3962.18509000,0.2522
1628558779355000,1,3962.97021000,0.2521
1628558803997000,1,3963.78706000,0.2520
1628558958352000,0,0.00000659,0.2527
1628558958352000,0,35176.44380341,0.2527
1628559002708000,1,3951.06996000,0.2528
1628559002867000,1,0.00000553,0.2528
1628559002867000,1,9878.37740447,0.2528
1628559002980000,1,0.00001277,0.2528
1628559010641000,1,3953.28800000,0.2527
1628559010855000,1,0.00000046,0.2527
1628559010855000,1,3952.28801456,0.2527
1628559010855000,1,3952.66293498,0.2527
1628559011042000,1,0.00001500,0.2527
1628559011157000,1,1683.00000000,0.2526
1628559041205000,1,3956.82325000,0.2525
1628559126967000,1,3945.52025000,0.2532
1628559138086000,1,3947.60735518,0.2530
1628559138086000,1,6552.39264482,0.2530
1628559185857000,1,3947.38919000,0.2531
1628559191306000,1,3949.01037000,0.2530
1628559191802000,1,0.00000800,0.2530
1628559192086000,1,3043.74903000,0.2529
1628559192312000,1,907.10239000,0.2529
1628559217334000,1,3952.69419000,0.2527
1628559265420000,0,4113.76035781,0.2534
1628559269989000,0,8402.96710093,0.2534
1628559269989000,0,1757.27382586,0.2534
1628559277013000,1,3946.48565000,0.2532
1628559283079000,0,224245.23000000,0.2531
1628559313005000,1,3941.60123000,0.2534
1628559313587000,1,5038.93813000,0.2533
1628559313641000,1,4818.09533000,0.2533
1628559328880000,1,3945.73820000,0.2532
1628559331592000,1,3946.85948000,0.2531
1628559359241000,1,3947.57618000,0.2531
1628559359432000,1,2868.62877000,0.2531
1628559515460000,1,133.44226052,0.2531
1628559520704000,0,4100.00000000,0.2535
1628559895485000,0,996.00389486,0.2536
1628559913021000,0,4100.00000000,0.2534
1628559913021000,0,1500.00000000,0.2534
1628559913021000,0,2494.01334257,0.2534
1628559913505000,0,3994.01334257,0.2534
1628559926871000,1,3945.80048454,0.2532
1628559926871000,1,127.30155546,0.2532
1628559926934000,1,8000.00000000,0.2532
1628559926991000,1,1737.82239000,0.2532
1628559927080000,1,0.00001442,0.2532
1628560142852000,0,2033.00000000,0.2542
1628560142922000,0,11918.28710000,0.2543
1628560158003000,1,238.40540770,0.2542
1628560169433000,1,238.38395690,0.2542
1628560257620000,1,3933.44609000,0.2540
1628560257684000,1,0.00000212,0.2540
1628560356016000,0,5171.26848000,0.2543
1628560356122000,0,3202.60270000,0.2543
1628560757606000,1,238.06461180,0.2549
1628561122871000,0,8393.59809736,0.2538
1628561256216000,0,8387.65842534,0.2540
1628561256216000,0,8012.34157466,0.2540
1628561256222000,0,4500.00000000,0.2540
1628561454347000,0,7500.00000000,0.2542
1628561659607000,1,238.06461180,0.2549
1628562353498000,1,3905.70076000,0.2558
1628562494257000,1,714.85390000,0.2554
1628563994556000,0,3896.54747000,0.2568
1628563994930000,0,0.00000502,0.2568
1628564001749000,0,3894.02034000,0.2570
1628564003270000,0,3891.23318000,0.2572
1628564149499000,1,3892.74703000,0.2567
1628564152793000,1,4100.00000000,0.2564
1628564246444000,0,4383.00000000,0.2566
1628564485034000,1,4100.00000000,0.2572
1628564807122000,0,6852.00000000,0.2575
1628565260436000,0,4012.99590371,0.2563
1628565368356000,0,3897.51130000,0.2568
1628565368369000,0,0.00005326,0.2568
1628565368369000,0,115.48454674,0.2568
1628565376736000,1,4100.00000000,0.2569
1628565380746000,0,3896.49673000,0.2570
1628565544810000,1,200.00000000,0.2561
1628565677728000,1,4012.99590371,0.2556
1628566392806000,1,4100.00000000,0.2552
1628566406441000,1,3918.83310000,0.2550
1628566560224000,0,1000.00000000,0.2551
1628566560224000,0,454.56996608,0.2552
1628566648379000,1,8294.16270000,0.2548
1628567520615000,0,237.50060110,0.2543
1628568176811000,0,237.72875970,0.2538
1628568480284000,0,194.76610362,0.2541
1628568921989000,0,8365.00130000,0.2547
1628568922475000,0,194.76610000,0.2549
1628568922508000,0,3732.75585861,0.2549
1628571149759000,1,500.00000000,0.2539
1628571382425000,0,237.75427550,0.2537
1628571455921000,0,4100.00000000,0.2538
1628572069237000,0,97.66251815,0.2547
1628572758955000,0,97.35482861,0.2556
1628573040251000,0,445.46653530,0.2555
1628573148298000,0,4100.00000000,0.2554
1628573148298000,0,4803.37391413,0.2554
1628573175290000,0,2034.03243247,0.2555
1628573633747000,0,8688.53314545,0.2561
1628573633824000,0,10471.78660000,0.2561
1628574076186000,0,284.46713624,0.2555
1628574740913000,0,3920.67821000,0.2553
1628574935890000,0,3924.03402878,0.2551
1628574935890000,0,2575.96597122,0.2551
1628574936166000,0,6566.71471000,0.2551
1628574936232000,0,667.33117000,0.2551
1628574981967000,1,4100.00000000,0.2553
1628575221337000,1,4100.00000000,0.2550
1628575221360000,1,4247.08020000,0.2550
1628575901525000,1,8370.93000000,0.2544
1628575985629000,1,0.00520366,0.2544
1628576005673000,1,589.89430581,0.2542
1628576018174000,0,404.83932778,0.2547
1628576262255000,0,2000.00000000,0.2549
1628576262330000,0,404.83930000,0.2550
1628576350571000,1,2512.37750000,0.2549
1628576840352000,0,4100.00000000,0.2543
1628577170279000,0,219.00479503,0.2544
1628577283816000,0,1411.70934473,0.2550
1628577866878000,0,1865.66860000,0.2555
1628577866942000,0,0.00000457,0.2555
1628577866956000,0,2234.33140000,0.2556
1628577867029000,0,2430.36820000,0.2556
1628577867079000,0,0.00000427,0.2556
1628577867092000,0,12123.28203000,0.2556
1628577900417000,1,237.73276970,0.2556
1628577938527000,0,1466.35977682,0.2558
1628577938527000,0,399.30882318,0.2558
1628577938744000,0,3266.65408000,0.2558
1628578140731000,1,4378.00000000,0.2557
1628578189227000,1,237.55209960,0.2560
1628578440958000,0,467.81043376,0.2559
1628578522603000,0,4100.00000000,0.2561
1628578522603000,0,8315.76226770,0.2562
1628578522603000,0,1178.09125161,0.2562
1628578522603000,0,1406.14648069,0.2562
1628578590402000,1,1880.00000000,0.2559
1628578590644000,1,1950.00000000,0.2559
1628578613326000,0,4567.81050000,0.2560
1628578617166000,1,4100.00000000,0.2559
1628578618660000,1,6445.30408000,0.2559
1628578618715000,1,4100.00000000,0.2559
1628578618718000,1,6000.00000000,0.2559
1628578618785000,1,5500.00000000,0.2559
1628578618847000,1,1669.67581000,0.2559
1628578618914000,1,9830.32419000,0.2559
1628578619051000,1,1669.67581000,0.2559
1628578681971000,1,4100.00000000,0.2559
1628578735560000,0,976.55000000,0.2559
1628578743270000,1,786.33181525,0.2559
1628578751553000,1,4100.00000000,0.2559
1628578858018000,0,500.00000000,0.2553
1628578858018000,0,538.13592400,0.2553
1628579109458000,1,3933.84000000,0.2540
1628579109537000,1,0.00840522,0.2540
1628579109537000,1,8986.32339478,0.2539
1628579113135000,1,74600.00000000,0.2539
1628579231447000,0,1893.69407000,0.2540
1628579237064000,0,1678.00000000,0.2542
1628579448184000,0,1829.65034000,0.2546
1628579448301000,0,0.00000053,0.2546
1628579448301000,0,4574.08727947,0.2547
1628579895838000,1,144.11885830,0.2553
1628579896195000,1,144.11885830,0.2553
1628580030257000,0,394.16798023,0.2550
1628580052701000,0,1772.88840000,0.2552
1628580052781000,0,0.00000162,0.2552
1628580052781000,0,394.16779838,0.2552
1628580101988000,0,386.48779400,0.2552
1628580179011000,0,1716.21237000,0.2551
1628580474362000,0,1677.07303453,0.2553
1628580474362000,0,271.51086019,0.2553
1628580568024000,0,4100.00000000,0.2554
1628580568024000,0,1639.89619000,0.2554
1628580568094000,0,0.00000633,0.2554
1628580568207000,0,4099.48757000,0.2555
1628580568358000,0,1640.10746686,0.2556
1628580568358000,0,10660.64057314,0.2556
1628580568460000,0,1640.23580000,0.2555
1628580568691000,0,1640.23585000,0.2556
1628580627104000,1,5658.00000000,0.2552
1628580627161000,1,7000.00000000,0.2552
1628580627178000,1,1345.03408702,0.2552
1628580635197000,1,6317.22430000,0.2553
1628580649437000,1,4972.00000000,0.2554
1628580830498000,0,500.00000000,0.2563
1628581008839000,0,8082.98780821,0.2559
1628581642308000,1,2000.00000000,0.2561
1628581642361000,1,5924.00000000,0.2561
1628581642367000,1,2000.00000000,0.2561
1628581670260000,1,8500.00000000,0.2561
1628581670314000,1,9009.52820000,0.2561
1628582053003000,0,978.62460000,0.2567
1628582053078000,0,0.00003867,0.2567
1628582053078000,0,1752.65046133,0.2568
1628582076934000,0,5680.00000000,0.2568
1628582113474000,0,1500.00000000,0.2570
1628582113773000,0,2000.00000000,0.2572
1628582113773000,0,1968.66617424,0.2572
1628582124448000,1,540.10601200,0.2569
1628582150295000,0,956.21180000,0.2572
1628582161218000,0,472.34840000,0.2574
1628582437243000,0,924.31784984,0.2573
1628582437243000,0,1966.68215016,0.2573
1628582532781000,0,923.16615599,0.2574
1628582532781000,0,2308.11287893,0.2574
1628582532781000,0,83881.19096508,0.2574
1628582533029000,0,6000.27022981,0.2575
1628582533206000,0,923.16615599,0.2575
1628582533206000,0,2308.11287893,0.2575
1628582557850000,0,157613.68000000,0.2580
1628582563943000,1,5837.39238000,0.2579
1628582573839000,0,401.46750017,0.2580
1628582573839000,0,1003.74308983,0.2580
1628582573906000,0,0.00000194,0.2580
1628582592291000,1,0.00000346,0.2579
1628582679346000,1,1651.00000000,0.2580
1628582742791000,0,4100.00000000,0.2581
1628582742791000,0,15282.85005427,0.2581
1628583378178000,1,4100.00000000,0.2570
1628583421321000,0,2900.83440876,0.2573
1628583466991000,0,2900.83440000,0.2572
1628583534630000,1,172.34528172,0.2572
1628583630254000,0,154.15906000,0.2581
1628583632843000,0,0.00000030,0.2581
1628583889395000,1,2276.14571400,0.2591
1628584125215000,1,461.36012000,0.2588
1628584128457000,1,0.00000364,0.2588
1628584128457000,1,2452.10756814,0.2586
1628584295034000,0,4555.38285000,0.2585
1628584425465000,0,333.33000000,0.2585
1628584425572000,0,0.00858242,0.2585
1628584480038000,1,2276.14570000,0.2585
1628584480315000,1,1590.20237000,0.2585
1628584776033000,0,964.59428306,0.2585
1628584873491000,0,964.59420000,0.2584
1628584958065000,1,106.16054492,0.2584
1628585046871000,1,4100.00000000,0.2588
1628585046935000,0,9090.20237000,0.2588
1628585047385000,0,5500.00000000,0.2588
1628585047456000,0,790.56603000,0.2588
1628585047460000,0,0.00000311,0.2588
1628585066803000,1,2000.00000000,0.2590
1628585095415000,0,2000.00000000,0.2591
1628585095415000,0,3685.00000000,0.2591
1628585432909000,0,500.00000000,0.2589
1628585432909000,0,6271.37184241,0.2589
1628585981127000,0,500.00000000,0.2595
1628586018144000,1,3846.36095790,0.2598
1628586018144000,1,359.79954210,0.2598
1628586040743000,0,1346.46456875,0.2599
1628586088403000,1,3927.39832642,0.2595
1628586109258000,1,2000.00000000,0.2596
1628586109258000,1,580.93390000,0.2596
1628586142548000,0,641.85770750,0.2600
1628586142548000,0,3753.93749250,0.2600
1628586142654000,0,0.00000750,0.2600
1628586185453000,0,2000.00000000,0.2598
1628586185453000,0,5686.83232634,0.2599
1628586254475000,0,619.03112855,0.2598
1628586259819000,0,5500.00000000,0.2596
1628586259890000,0,185.00000000,0.2596
1628586542714000,1,3172.41019057,0.2591
1628586574434000,1,2000.00000000,0.2593
1628586574434000,1,4100.00000000,0.2593
1628586574434000,1,8218.55622310,0.2592
1628586574434000,1,3855.46628009,0.2592
1628586574434000,1,4460.61400000,0.2592
1628586574434000,1,2375.25742844,0.2591
1628586935380000,1,1445.40353906,0.2590
1628586935440000,1,1500.00000000,0.2590
1628586935440000,1,3857.78655639,0.2590
1628586999299000,1,6686.36123000,0.2590
1628586999353000,1,3313.63870000,0.2590
1628587004744000,1,0.00007000,0.2590
1628587005266000,1,3859.51370127,0.2587
1628587005266000,1,3849.59945127,0.2586
1628587166939000,0,190.79257684,0.2587
1628587310139000,1,197.88239642,0.2583
1628587330240000,1,3869.22035210,0.2583
1628587330240000,1,2902.15149031,0.2582
1628587750442000,1,2757.74730000,0.2580
1628587750583000,1,1115.27939290,0.2580
1628587791041000,1,3873.20670000,0.2580
1628588508259000,0,1000.00000000,0.2589
1628588521179000,0,3956.65189677,0.2589
1628588683562000,0,577.36622332,0.2587
1628588799311000,1,228.31125828,0.2583
1628589210539000,1,479.69562000,0.2591
1628589374721000,0,4100.00000000,0.2593
1628589374721000,0,2000.00000000,0.2594
1628589374721000,0,8226.39652257,0.2594
1628589374721000,0,4853.97162271,0.2594
1628589499493000,1,2900.83440876,0.2591
1628589546703000,1,303.78299158,0.2591
1628589800429000,0,3623.00335169,0.2596
1628589966071000,0,1326.98100339,0.2595
1628590220137000,0,8233.90730000,0.2592
1628590220217000,0,0.00007566,0.2592
1628590220217000,0,1426.63451792,0.2593
1628590220217000,0,1859.88590642,0.2593
1628590260755000,0,153.41710673,0.2594
1628590420270000,0,4100.00000000,0.2596
1628590420586000,0,4100.00000000,0.2597
1628590432051000,0,191.13038801,0.2603
1628590489610000,0,1000.00000000,0.2599
1628590544184000,1,2000.00000000,0.2598
1628590667921000,1,9608.80463000,0.2599
1628590668196000,1,3843.69979000,0.2599
1628590668248000,1,3843.69979000,0.2599
1628590714289000,0,4100.00000000,0.2601
1628590714689000,0,2000.00000000,0.2602
1628590750592000,1,3843.69979000,0.2599
1628590750805000,1,0.00000167,0.2599
1628590750805000,1,6171.60990833,0.2599
1628590750857000,1,3439.25765000,0.2599
1628590751790000,1,4560.74235000,0.2598
1628590752406000,1,5500.00000000,0.2598
1628590807922000,1,4100.00000000,0.2594
1628590810689000,0,2646.90150000,0.2597
1628590810732000,0,0.00001678,0.2597
1628590810732000,0,6616.50818322,0.2597
1628590810776000,0,0.00009614,0.2597
1628590810776000,0,16399.99990386,0.2597
1628590810853000,0,2000.16490000,0.2597
1628590810903000,0,646.36927462,0.2597
1628590819510000,1,1641.00000000,0.2598
1628590834663000,0,2318.93000000,0.2598
1628590899020000,0,207.20115200,0.2590
1628590935519000,1,2000.00000000,0.2583
1628590935577000,1,16400.00000000,0.2583
1628590935634000,1,49596.32195218,0.2583
1628590935668000,1,3369.78534522,0.2583
1628590935747000,1,5377.10400000,0.2583
1628590936122000,1,22456.78870260,0.2583
1628591177472000,0,6775.70073000,0.2583
1628591177541000,0,207.20120000,0.2583
1628591182230000,0,1277.74044000,0.2583
1628591262625000,1,2000.00000000,0.2580
1628591262625000,1,3447.93665158,0.2580
1628591297845000,0,0.00000112,0.2583
1628591297845000,0,4099.99999888,0.2583
1628591329052000,0,4100.00000000,0.2582
1628591361702000,1,1013.28306287,0.2580
1628591434505000,0,8199.99990000,0.2578
1628591452667000,0,1150.54691314,0.2580
1628591507419000,0,114.52156726,0.2584
1628591616094000,1,4100.00000000,0.2568
1628591616094000,1,2000.00000000,0.2567
1628591616094000,1,9728.38261688,0.2567
1628591616094000,1,1681.14558312,0.2567
1628591626606000,0,236.22926330,0.2570
1628591627049000,0,236.22926330,0.2570
1628591627116000,0,5722.25956000,0.2570
1628591627191000,0,2112.15243560,0.2570
1628591627191000,0,14287.84756440,0.2570
1628591664665000,0,1232.62258997,0.2571
1628591664887000,0,8305.10862000,0.2571
1628591665313000,0,1232.52744000,0.2571
1628591767200000,1,118.80638780,0.2571
1628591823399000,0,8300.91780959,0.2571
1628591823399000,0,1659.99999041,0.2571
1628591918491000,0,633.44489414,0.2569
1628591924841000,1,3585.36150000,0.2567
1628591924908000,1,306.74910000,0.2567
1628591936408000,1,3894.77865000,0.2565
1628591951832000,0,663.55833880,0.2564
1628591996470000,0,1945.27012076,0.2567
1628592016734000,1,1411.02215431,0.2562
1628592033509000,0,193.96986500,0.2564
1628592035263000,1,99.70000000,0.2561
1628592120909000,0,8331.26193000,0.2561
1628592160644000,1,99.70000000,0.2560
1628592257052000,1,4100.00000000,0.2563
1628592517792000,1,4100.00000000,0.2571
1628592550022000,1,4100.00000000,0.2574
1628592713830000,1,3889.80940000,0.2569
1628592713907000,1,0.00007713,0.2569
1628592713907000,1,8410.19052287,0.2568
1628592777269000,0,387.24456119,0.2570
1628592793260000,0,215.82492800,0.2570
1628593135015000,0,1826.67377713,0.2568
1628593135015000,0,4099.99999287,0.2568
1628593203747000,0,1668.91558000,0.2565
1628593203830000,0,0.00000728,0.2565
1628593241052000,0,96.91296556,0.2567
1628593242155000,1,1346.46456875,0.2564
1628593258011000,0,5314.78000000,0.2565
1628593504529000,0,4100.00000000,0.2562
1628593734696000,0,2000.00000000,0.2568
1628593867030000,0,469.22228500,0.2571
1628594000028000,1,236.76685180,0.2577
1628594076562000,0,500.00000000,0.2582
1628594076562000,0,6822.75750000,0.2582
1628594288556000,0,4100.00000000,0.2587
1628594482979000,0,4100.00000000,0.2590
1628594483930000,0,28.25000000,0.2590
1628594498231000,1,4100.00000000,0.2592
1628594718209000,0,500.00000000,0.2601
1628594736361000,1,2000.00000000,0.2600
1628594736361000,1,3459.34250620,0.2600
1628594822417000,0,4100.00000000,0.2604
1628594824390000,0,97.26076443,0.2604
1628594825157000,0,3334.78000000,0.2604
1628594825189000,0,0.00370516,0.2604
1628594825856000,0,3337.73000000,0.2605
1628594830988000,0,4100.00000000,0.2604
1628594831800000,0,3337.34000000,0.2604
1628594832059000,0,0.00655768,0.2604
1628594832059000,0,8341.96344232,0.2605
1628594833049000,0,3187.71000000,0.2605
1628594840592000,0,4100.00000000,0.2604
1628594842059000,0,2853.01408116,0.2605
1628594842059000,0,2852.02591884,0.2605
1628594842214000,0,0.00247607,0.2605
1628594849041000,0,2725.05124711,0.2606
1628594849041000,0,6491.27305830,0.2606
1628594849041000,0,17711.30569459,0.2606
1628594849086000,0,0.00121026,0.2606
1628594849993000,0,2597.23840259,0.2606
1628594849993000,0,6491.27305830,0.2606
1628594849993000,0,16880.92853911,0.2606
1628594852795000,0,1990.43361327,0.2606
1628594856257000,0,7811.02281556,0.2608
1628594856257000,0,1201.71428751,0.2608
1628594856257000,0,3004.28178527,0.2608
1628594856257000,0,999.99111166,0.2608
1628594856341000,0,0.00888834,0.2608
1628594857245000,0,3004.28178527,0.2608
1628594857245000,0,1201.71428751,0.2608
1628594857245000,0,7811.01392722,0.2608
1628594857331000,0,0.00888834,0.2608
1628594887224000,0,582.75000000,0.2608
1628594891492000,0,0.00448834,0.2608
1628594891492000,0,1456.88622086,0.2609
1628594891492000,0,3787.87531842,0.2609
1628594906015000,0,332.90884386,0.2607
1628594906015000,0,832.39980770,0.2607
1628594906015000,0,2164.23134844,0.2607
1628594906992000,0,451.18000000,0.2607
1628594910646000,0,0.00843474,0.2607
1628594910646000,0,4099.99156526,0.2607
1628594910988000,0,1127.97000000,0.2607
1628594912250000,0,940.33327963,0.2607
1628594912250000,0,376.13331185,0.2607
1628594922097000,0,255.83490972,0.2608
1628594922097000,0,125.64933427,0.2609
1628594925118000,0,255.86433633,0.2609
1628594925118000,0,639.65566367,0.2609
1628594943984000,1,235.41204520,0.2607
1628594962674000,0,261.83000000,0.2607
1628594965643000,0,0.00191806,0.2607
1628594965643000,0,639.82808194,0.2607
1628594965726000,0,639.82808000,0.2607
1628594965726000,0,0.00012064,0.2607
1628594970401000,0,255.95000000,0.2607
1628594970429000,0,0.00091745,0.2607
1628594972751000,0,250.17447844,0.2608
1628594972751000,0,625.43552156,0.2608
1628594974164000,0,0.00067454,0.2608
1628594974164000,0,1532.34932546,0.2608
1628594974165000,0,0.00568262,0.2608
1628594995310000,0,181.72821965,0.2610
1628594995310000,0,454.31178035,0.2610
1628594995310000,0,0.00876878,0.2610
1628594995405000,0,1181.32393332,0.2611
1628595017039000,0,140.73126651,0.2611
1628595017039000,0,351.82816628,0.2611
1628595017039000,0,914.75323233,0.2611
1628595026287000,0,108.98094543,0.2611
1628595026287000,0,272.45905457,0.2611
1628595026324000,0,0.00374419,0.2611
1628595026381000,0,708.40327677,0.2611
1628595036217000,0,3323.23000000,0.2611
1628595037153000,0,84.39658838,0.2611
1628595037153000,0,210.98341162,0.2611
1628595037185000,0,0.00805932,0.2611
1628595039041000,0,84.40305208,0.2612
1628595039041000,0,84.39658838,0.2612
1628595039041000,0,210.99035954,0.2612
1628595039128000,0,0.00111140,0.2612
1628595051475000,0,4100.00000000,0.2612
1628595084986000,0,135.23136758,0.2610
1628595084986000,0,351.60143242,0.2610
1628595094026000,0,1000.00000000,0.2612
1628595151171000,1,1000.00000000,0.2604
1628595179928000,1,1000.00000000,0.2602
1628595305807000,0,3258.44500000,0.2601
1628595305808000,0,0.00004021,0.2601
1628595500160000,1,388.74234255,0.2601
1628596088371000,1,1500.00000000,0.2603
1628596088371000,1,4100.00000000,0.2602
1628596088371000,1,1800.00000000,0.2602
1628596218308000,0,597.52000000,0.2603
1628596218313000,0,0.00152000,0.2603
1628596372515000,0,80.33822392,0.2614
1628596372515000,0,10227.53057608,0.2615
1628596372670000,0,1374.19817309,0.2615
1628596373461000,0,106000.00000000,0.2615
1628596467897000,0,2000.00000000,0.2611
1628596467897000,0,8174.24639647,0.2611
1628596467946000,0,2000.00000000,0.2611
1628596534131000,0,8183.03632000,0.2608
1628596552103000,0,0.00000438,0.2608
1628596552103000,0,7204.56295562,0.2609
1628596558914000,0,8172.77423000,0.2612
1628596819832000,0,0.00000636,0.2612
1628596819832000,0,3334.21341662,0.2612
1628596939532000,1,13000.00000000,0.2607
1628596939591000,1,6143.18634000,0.2607
1628596939605000,1,0.00000916,0.2607
1628597106972000,1,191.39000000,0.2600
1628597107091000,1,0.00197661,0.2600
1628597117926000,1,17440.50000000,0.2597
1628597118138000,1,0.00468100,0.2597
1628597160275000,0,341.38943951,0.2596
1628597172674000,0,7000.00000000,0.2597
1628597232749000,0,206.93797413,0.2598
1628597473278000,0,8192.55584216,0.2605
1628597473278000,0,1876.06178698,0.2605
1628597622214000,1,235.16946710,0.2612
1628597639224000,1,235.14831840,0.2613
1628597837118000,0,1000.00000000,0.2622
1628597838461000,0,195.13000000,0.2621
1628597869811000,0,4100.00000000,0.2620
1628597869811000,0,686.78885391,0.2621
1628597888109000,0,18264.38797357,0.2621
1628597953213000,0,1000.00000000,0.2623
1628597992341000,0,1952.22000000,0.2627
1628597998180000,0,0.00580003,0.2627
1628598020859000,0,4100.00000000,0.2629
1628598020859000,0,1505.00000000,0.2629
1628598043044000,0,79.10290972,0.2630
1628598043044000,0,79.10289028,0.2630
1628598043164000,0,0.00001944,0.2630
1628598048387000,0,500.00000000,0.2633
1628598059529000,0,300.00000000,0.2635
1628598085507000,0,8082.39036963,0.2641
1628598088792000,1,1000.00000000,0.2636
1628598089873000,1,1000.00000000,0.2634
1628598133787000,0,8074.00000000,0.2643
1628598178067000,0,4100.00000000,0.2640
1628598208023000,0,5473.53840000,0.2641
1628598229510000,0,4100.00000000,0.2642
1628598229510000,0,2493.18938046,0.2642
1628598261543000,0,4100.00000000,0.2641
1628598290231000,1,538.00000000,0.2639
1628598292041000,1,96.00000000,0.2639
1628598292540000,1,97.00000000,0.2639
1628598328221000,0,150.67630000,0.2646
1628598328269000,0,0.00007119,0.2646
1628598328269000,0,999.99992881,0.2646
1628598329687000,0,338.96300211,0.2649
1628598353967000,0,4100.00000000,0.2646
1628598418589000,1,250.00000000,0.2644
1628598422463000,1,2000.00000000,0.2644
1628598422541000,1,2000.00000000,0.2644
1628598429088000,0,4100.00000000,0.2646
1628598491466000,1,762.12323252,0.2645
1628598593139000,1,378.10000000,0.2648
1628598593508000,1,121.90000000,0.2648
1628598600368000,1,304.77459657,0.2646
1628598614363000,0,400.00000000,0.2650
1628598614363000,0,483.25319201,0.2650
1628598614433000,0,2616.74680799,0.2650
1628598614433000,0,2702.60875000,0.2650
1628598634440000,0,1000.00000000,0.2652
1628598659235000,1,16400.00000000,0.2650
1628598686140000,0,4100.00000000,0.2652
1628598702067000,0,371.41779789,0.2651
1628598722773000,1,1000.00000000,0.2648
1628598742457000,1,1972.79315811,0.2641
1628598770470000,0,2000.00000000,0.2641
1628598770470000,0,8082.42750000,0.2641
1628598770547000,0,0.00006569,0.2641
1628598770547000,0,1046.04213431,0.2641
1628598772450000,1,4100.00000000,0.2638
1628598840279000,1,179.68834834,0.2641
1628598866280000,0,1500.00000000,0.2643
1628598866280000,0,6119.67121940,0.2643
1628599029309000,1,4100.00000000,0.2654
1628599041406000,0,1000.00000000,0.2654
1628599050172000,1,4100.00000000,0.2655
1628599064551000,1,2000.00000000,0.2659
1628599064551000,1,2100.00000000,0.2659
1628599064834000,1,4100.00000000,0.2659
1628599080309000,1,439.93135363,0.2659
1628599081393000,0,1684.00000000,0.2661
1628599081393000,0,8023.08450000,0.2661
1628599081592000,0,0.00005287,0.2661
1628599081728000,0,1000.00000000,0.2663
1628599089130000,0,2000.00000000,0.2666
1628599090537000,1,80.80000000,0.2665
1628599095143000,1,213541.03960000,0.2663
1628599107549000,0,112.42616482,0.2663
1628599132589000,0,3744.06361418,0.2665
1628599132878000,0,1577.53076322,0.2665
1628599192635000,1,18760.48820000,0.2666
1628599192699000,1,16400.00000000,0.2666
1628599201059000,0,77.99533000,0.2667
1628599202681000,0,0.00000276,0.2667
1628599203219000,0,1457.81267000,0.2669
1628599203291000,0,0.00000696,0.2669
1628599207128000,0,2704.31567000,0.2673
1628599207128000,0,500.00000000,0.2673
1628599207128000,0,2715.00000000,0.2673
1628599207128000,0,2000.00000000,0.2674
1628599207128000,0,8480.68433000,0.2674
1628599207324000,0,24000.00000000,0.2674
1628599207427000,1,4100.00000000,0.2673
1628599207565000,1,7315.00000000,0.2674
1628599207567000,1,7315.00000000,0.2674
1628599207578000,1,7315.00000000,0.2674
1628599207699000,1,2000.00000000,0.2674
1628599223195000,1,1000.00000000,0.2673
1628599223256000,1,2000.00000000,0.2672
1628599249939000,1,2100.00000000,0.2670
1628599249974000,1,1500.00000000,0.2671
1628599251219000,1,600.00000000,0.2665
1628599255944000,0,1000.00000000,0.2667
1628599322003000,0,1000.00000000,0.2671
1628599354463000,0,368.73432411,0.2672
1628599369320000,0,4100.00000000,0.2668
1628599371344000,0,1000.00000000,0.2669
1628599425437000,1,18510.39594000,0.2665
1628599425491000,1,7500.00000000,0.2665
1628599425500000,1,16400.00000000,0.2665
1628599425543000,1,7000.00000000,0.2665
1628599502623000,1,1756.36000000,0.2663
1628599513644000,0,4100.00000000,0.2666
1628599528376000,0,279.95224518,0.2666
1628599604812000,0,2000.00000000,0.2666
1628599604813000,0,2748.68650000,0.2666
1628599636856000,0,1000.00000000,0.2666
1628599720776000,1,142.10000000,0.2654
1628599721232000,1,1100.41040761,0.2654
1628599729579000,0,1910.66941371,0.2657
1628599790586000,0,1000.00000000,0.2655
1628599792419000,0,1000.00000000,0.2656
1628599843294000,1,378.31355400,0.2657
1628599969166000,0,93.55253854,0.2659
1628600052992000,0,1000.00000000,0.2654
1628600067013000,1,2000.00000000,0.2654
1628600067013000,1,4100.00000000,0.2654
1628600067013000,1,493.18938046,0.2653
1628600113628000,1,378.76922700,0.2653
1628600165870000,1,500.00000000,0.2656
1628600177798000,1,3600.00000000,0.2656
1628600177798000,1,6594.45654610,0.2656
1628600196065000,0,4343.91000000,0.2659
1628600227543000,0,0.00657236,0.2659
1628600253988000,0,1000.00000000,0.2663
1628600255267000,0,2000.00000000,0.2664
1628600255267000,0,2000.00000000,0.2665
1628600255267000,0,3000.00000000,0.2665
1628600255267000,0,5000.00000000,0.2666
1628600255267000,0,8013.71286958,0.2666
1628600255267000,0,2165.91612722,0.2666
1628600263761000,1,1000.00000000,0.2664
1628600295605000,1,2000.00000000,0.2666
1628600295605000,1,338.28850000,0.2666
1628600295610000,1,2000.00000000,0.2666
1628600295610000,1,661.71150000,0.2666
1628600312053000,1,1000.00000000,0.2665
1628600369262000,0,186.67682263,0.2665
1628600400400000,1,244.63436146,0.2662
1628600460855000,1,232.73294670,0.2670
1628600470249000,1,1000.00000000,0.2667
1628600481393000,1,405.24762452,0.2668
1628600519142000,0,186.29934469,0.2671
1628600568156000,1,1000.00000000,0.2660
1628600670390000,1,249.99999999,0.2666
1628600670391000,1,0.00000001,0.2666
1628600731450000,1,1000.00000000,0.2666
1628600731450000,1,4100.00000000,0.2666
1628600731450000,1,5103.98827004,0.2665
1628600732135000,1,9203.98827000,0.2666
1628600732135000,1,0.00000004,0.2665
1628600835798000,0,202.19660300,0.2668
1628600835798000,0,1848.76215041,0.2668
1628601181709000,0,2998.09900469,0.2662
1628601185032000,1,4100.00000000,0.2658
1628601185312000,1,7603.98827000,0.2657
1628601185364000,1,12000.00000000,0.2657
1628601185427000,1,4500.00000000,0.2657
1628601185535000,1,9351.61170000,0.2657
1628601185547000,1,8000.00000000,0.2657
1628601185598000,1,4500.00000000,0.2657
1628601185647000,1,6500.00000000,0.2657
1628601185749000,1,11344.40002999,0.2657
1628601185755000,1,0.00000001,0.2657
1628601186210000,1,4100.00000000,0.2656
1628601186263000,1,1000.00000000,0.2655
1628601202637000,0,716.06868150,0.2656
1628601202637000,0,1790.17170376,0.2656
1628601202637000,0,3364.18961474,0.2656
1628601238167000,0,4121.75145835,0.2657
1628601284688000,0,8033.88340722,0.2657
1628601284688000,0,2033.00000000,0.2658
1628601284688000,0,1000.00000000,0.2658
1628601284688000,0,166.96290055,0.2659
1628601308616000,0,11819.75217157,0.2659
1628601323104000,0,582.54936443,0.2662
1628601323104000,0,1456.37340557,0.2662
1628601323177000,0,0.00000552,0.2662
1628601323177000,0,1583.91053724,0.2662
1628601325397000,0,644.38118973,0.2663
1628601325397000,0,499.41022615,0.2663
1628601325397000,0,1248.51858412,0.2663
1628601325493000,0,0.00698125,0.2663
1628601378705000,0,739.82274298,0.2666
1628601387996000,0,8012.43000000,0.2664
1628601473092000,0,1108.83843573,0.2658
1628601473092000,0,973.86810184,0.2658
1628601473092000,0,443.53537429,0.2658
1628601477256000,0,8028.53312813,0.2658
1628601477264000,0,1500.00000000,0.2658
1628601477647000,0,8028.53000000,0.2658
1628601480046000,0,0.00312813,0.2658
1628601480046000,0,4061.07410187,0.2658
1628601480122000,0,3967.45901000,0.2658
1628601480169000,0,0.00001626,0.2658
1628601485644000,0,8026.81000000,0.2659
1628601490209000,0,0.00461386,0.2659
1628601490209000,0,8025.46538614,0.2660
1628601490231000,0,0.00803633,0.2660
1628601496888000,0,377.22154989,0.2659
1628601538624000,0,8035.10000000,0.2656
1628601572942000,0,8036.66000000,0.2655
1628601573144000,0,0.00856759,0.2655
1628601598055000,0,118.75000000,0.2654
1628601598055000,0,376.24773356,0.2654
1628601598055000,0,940.61933391,0.2654
1628601598055000,0,940.72293253,0.2654
1628601598751000,0,0.00272610,0.2654
1628601598751000,0,376.27608682,0.2654
1628601598751000,0,940.61118708,0.2654
1628601598891000,0,0.00814683,0.2654
1628601599028000,0,8040.41826000,0.2654
1628601599168000,0,346.07124274,0.2654
1628601599168000,0,865.17810684,0.2654
1628601599168000,0,940.72565863,0.2654
1628601602269000,1,441.82588500,0.2653
1628601612274000,0,8037.17000000,0.2656
1628601644581000,0,213.64000000,0.2655
1628601685525000,0,0.00064203,0.2656
1628601685525000,0,8030.72935797,0.2658
1628601689991000,0,0.00884274,0.2658
1628601695970000,0,8028.63000000,0.2658
1628601696121000,0,0.00573346,0.2658
1628601698166000,0,831.11000000,0.2658
1628601736639000,0,4100.00000000,0.2654
1628601799219000,1,4100.00000000,0.2647
1628601799219000,1,4460.61400000,0.2646
1628601799219000,1,8054.09214380,0.2646
1628601799219000,1,3385.29385620,0.2645
1628601855348000,1,115.98241620,0.2649
1628601905344000,0,4100.00000000,0.2652
1628601917243000,0,17651.35000000,0.2653
1628601917253000,0,0.00425475,0.2653
1628602036529000,0,297.99690000,0.2657
1628602056743000,0,23400.37000000,0.2657
1628602056790000,0,23400.37000000,0.2657
1628602057010000,0,69495.24000000,0.2657
1628602158120000,1,475.01505000,0.2658
1628602166467000,1,0.00000117,0.2658
1628602226780000,0,1000.00000000,0.2663
1628602242941000,1,4100.00000000,0.2661
1628602310675000,0,100.00000000,0.2668
1628602401568000,0,74797.05686972,0.2667
1628602440292000,1,551.25161919,0.2663
1628602466500000,1,80.00000000,0.2666
1628602471821000,1,1001.98509565,0.2667
1628602482606000,1,1432.86222000,0.2667
1628602482638000,1,165.13778000,0.2667
1628602482757000,1,1000.00000000,0.2666
1628602482919000,1,1599.00000000,0.2666
1628602507872000,0,772.85211399,0.2670
1628602650600000,0,137.57243445,0.2670
1628602687560000,1,1000.00000000,0.2671
1628602889432000,1,1000.00000000,0.2657
1628602889500000,1,749.54150000,0.2657
1628602912012000,0,1000.00000000,0.2651
1628602920031000,0,2648.97281604,0.2652
1628602924267000,1,1000.00000000,0.2645
1628602937968000,0,1000.00000000,0.2638
1628602939037000,0,98.85290000,0.2638
1628602939376000,0,0.00001469,0.2638
1628602939376000,0,1999.99998531,0.2639
1628602939496000,0,550.11990000,0.2640
1628602939878000,0,1000.00000000,0.2639
1628602947232000,0,1000.00000000,0.2643
1628602962984000,1,1000.00000000,0.2639
1628602983314000,0,1000.00000000,0.2639
1628603102112000,0,1000.00000000,0.2625
1628603104928000,0,1000.00000000,0.2627
1628603107671000,0,2000.00000000,0.2629
1628603107773000,0,1000.00000000,0.2629
1628603107773000,0,15400.00000000,0.2629
1628603107879000,0,28500.00000000,0.2629
1628603107988000,0,8000.00000000,0.2629
1628603108062000,0,13000.00000000,0.2629
1628603108142000,0,6600.00000000,0.2629
1628603108280000,0,19000.00000000,0.2629
1628603108667000,0,2900.00000000,0.2629
1628603108734000,0,6600.00000000,0.2629
1628603110052000,0,1000.00000000,0.2630
1628603116305000,1,384.55068599,0.2630
1628603133546000,1,1622.00000000,0.2631
1628603133546000,1,16253.77876000,0.2630
1628603160904000,1,1627.00000000,0.2621
1628603199570000,1,1629.00000000,0.2618
1628603243429000,0,1000.00000000,0.2623
1628603270290000,0,601.91909711,0.2621
1628603270290000,0,240.76763885,0.2621
1628603270290000,0,1564.98963404,0.2621
1628603285969000,1,2000.00000000,0.2618
1628603285969000,1,1901.60160700,0.2618
1628603291036000,1,1628.00000000,0.2619
1628603291036000,1,340.55818900,0.2619
1628603358444000,1,384.55050000,0.2626
1628603358459000,1,615.44950000,0.2626
1628603435977000,0,186.52132000,0.2626
1628603436125000,0,0.00000470,0.2626
1628603436125000,0,466.17183530,0.2627
1628603475983000,1,90179.23000000,0.2625
1628603541515000,1,1000.00000000,0.2625
1628603596274000,0,586.85873000,0.2627
1628603693768000,0,6000.00000000,0.2629
1628603694051000,0,4000.00000000,0.2629
1628603697910000,0,16400.00000000,0.2632
1628603769395000,0,8323.22819000,0.2637
1628603785600000,0,0.00000576,0.2637
1628604071279000,1,3373.00000000,0.2630
1628604127352000,0,1000.00000000,0.2635
1628604236587000,1,1615.00000000,0.2640
1628604249683000,1,8080.71697000,0.2640
1628604335030000,1,8087.98358000,0.2638
1628604356414000,1,1618.00000000,0.2637
1628604381170000,1,3548.52764000,0.2635
1628604467097000,1,1622.00000000,0.2629
1628604480940000,1,1500.00000000,0.2626
1628604480964000,1,3805.35463161,0.2626
1628604480964000,1,1000.00000000,0.2626
1628604481060000,1,3805.06500876,0.2626
1628604481363000,1,500.00000000,0.2626
1628604481562000,1,608.75233195,0.2624
1628604481640000,1,391.24766805,0.2624
1628604481640000,1,648.10540367,0.2622
1628604481696000,1,2690.33071415,0.2622
1628604481765000,1,466.62889094,0.2622
1628604481765000,1,572.03899124,0.2622
1628604490366000,0,1000.00000000,0.2624
1628604516097000,1,3812.77830000,0.2621
1628604516232000,1,1378.00000000,0.2620
1628604516263000,1,1784.45657478,0.2620
1628604717185000,1,86.12847422,0.2617
1628604747951000,1,7000.00000000,0.2619
1628604795531000,1,4000.00000000,0.2624
1628604812433000,0,81.23047195,0.2623
1628604817281000,1,1500.00000000,0.2623
1628604841202000,0,1.65776473,0.2623
1628604871722000,1,500.00000000,0.2624
1628604871787000,1,7632.95670000,0.2624
1628604871849000,1,0.00001135,0.2624
1628604871849000,1,16260.75078865,0.2623
1628605013287000,0,980.00000000,0.2626
1628605033193000,0,4018.00000000,0.2627
1628605215346000,0,4100.00000000,0.2631
1628605240791000,0,2000.00000000,0.2634
1628605240791000,0,18.00000000,0.2635
1628605266279000,0,1500.00000000,0.2636
1628605266279000,0,1538.90398875,0.2636
1628605266279000,0,3061.09601125,0.2636
1628605570491000,1,500.00000000,0.2636
1628605810709000,1,499.99990000,0.2638
1628605935726000,1,2180.00000000,0.2642
1628606264372000,1,8120.96907000,0.2627
1628606283023000,0,1000.00000000,0.2628
1628606451924000,1,0.00000016,0.2627
1628606546559000,1,2000.00000000,0.2618
1628606546559000,1,4100.00000000,0.2618
1628606546559000,1,1629.00000000,0.2617
