timestamp ms,type,amount,price
1628467344617000,1,4069.14412576,0.2455
1628467344617000,1,1307.95987424,0.2452
1628467360902000,1,1268.77680000,0.2452
1628467360973000,1,2806.56885446,0.2452
1628467360973000,1,801.75834554,0.2451
1628467361029000,1,500.00000000,0.2451
1628467395072000,1,4071.46359490,0.2454
1628467395332000,1,4072.32578564,0.2454
1628467484195000,1,4078.17176970,0.2450
1628467484195000,1,10196.09113030,0.2450
1628467484278000,1,0.00009617,0.2450
1628467484278000,1,16799.99990383,0.2449
1628467501111000,1,4085.46951218,0.2446
1628467569645000,1,4094.03338581,0.2440
1628467569645000,1,4092.79340419,0.2440
1628467681445000,1,4095.30764000,0.2440
1628467780249000,1,4107.04793000,0.2432
1628467780252000,1,0.00000255,0.2432
1628467780252000,1,10272.34028565,0.2432
1628467780252000,1,7577.77825743,0.2431
1628467834730000,0,8760.06851000,0.2429
1628467837304000,0,0.00000406,0.2429
1628467837304000,0,8760.06850594,0.2429
1628467841989000,0,8761.73896000,0.2429
1628467859919000,1,12000.00000000,0.2428
1628467859982000,1,26500.00000000,0.2428
1628467860050000,1,11157.51899000,0.2428
1628467861442000,1,0.00000665,0.2428
1628467886305000,1,33012.43801652,0.2420
1628467886761000,1,745.56000000,0.2419
1628467996264000,1,7000.00000000,0.2420
1628467996324000,1,3319.06550000,0.2420
1628467997179000,1,0.00000543,0.2420
1628468008673000,0,8793.95734000,0.2421
1628468008835000,0,0.00000338,0.2421
1628468008835000,0,4132.53762518,0.2422
1628468008835000,0,412.66927144,0.2422
1628468073667000,1,166.22461665,0.2413
1628468087420000,0,4141.23928000,0.2417
1628468107792000,1,7088.21223000,0.2417
1628468107861000,1,3245.69704000,0.2417
1628468107996000,0,4200.00000000,0.2419
1628468107996000,0,4136.57071099,0.2419
1628468107996000,0,8800.65158715,0.2419
1628468107996000,0,26886.87117940,0.2420
1628468107996000,0,16200.00000000,0.2420
1628468107996000,0,17597.11618263,0.2421
1628468107996000,0,26408.32754876,0.2421
1628468107996000,0,202945.07380612,0.2422
1628468112357000,1,0.00000654,0.2417
1628468112357000,1,13499.99999346,0.2417
1628468112410000,1,8500.00000000,0.2417
1628468112476000,1,4869.45747000,0.2417
1628468112890000,1,0.00000731,0.2417
1628468112890000,1,4134.42054269,0.2417
1628468113095000,1,0.00001157,0.2417
1628468119140000,0,2000.00000000,0.2417
1628468119140000,0,2200.00000000,0.2417
1628468119249000,0,2000.00000000,0.2417
1628468119249000,0,4611.44950000,0.2417
1628468120867000,0,2000.00005000,0.2417
1628468159480000,0,4146.42107000,0.2415
1628468160227000,0,4144.75253000,0.2415
1628468160379000,0,0.00000108,0.2415
1628468160379000,0,5499.99999892,0.2415
1628468160437000,0,4859.77423000,0.2415
1628468160861000,0,4143.25314171,0.2415
1628468160861000,0,1955.37403829,0.2415
1628468160921000,0,8301.37282000,0.2415
1628468162147000,0,4143.25314000,0.2415
1628468170010000,0,0.00000095,0.2417
1628468216702000,0,4121.02417000,0.2429
1628468216844000,0,0.00000924,0.2429
1628468216844000,0,4122.37952761,0.2429
1628468216850000,0,0.00000925,0.2429
1628468216850000,0,0.00000812,0.2429
1628468348783000,0,4119.33564000,0.2429
1628468349129000,0,0.00000552,0.2429
1628468349129000,0,10298.07142448,0.2430
1628468383732000,0,4117.34994000,0.2430
1628468383811000,0,0.00000237,0.2430
1628468384352000,0,4117.34994000,0.2431
1628468424436000,0,4114.61385506,0.2433
1628468424436000,0,10286.47125494,0.2433
1628468486378000,0,4119.32662000,0.2429
1628468743755000,0,13761.83119000,0.2430
1628468743809000,0,3838.16881000,0.2430
1628468874099000,0,4138.05075000,0.2419
1628468923192000,0,4127.79513000,0.2424
1628468979658000,0,4136.38419238,0.2420
1628468979658000,0,5850.04269067,0.2420
1628468979746000,0,4414.39981561,0.2420
1628468979905000,0,75.79258931,0.2420
1628469119931000,1,7000.00000000,0.2426
1628469119995000,1,56000.00000000,0.2426
1628469222643000,0,4200.00000000,0.2419
1628469222913000,0,4134.50084000,0.2420
1628469223324000,0,4134.04654000,0.2422
1628469280808000,0,4137.55160000,0.2420
1628469313157000,0,4140.78870000,0.2417
1628469313261000,0,4140.58620000,0.2417
1628469313290000,0,0.00005881,0.2417
1628469371480000,1,2000.00000000,0.2418
1628469462711000,0,4130.06354000,0.2425
1628469539867000,0,4200.00000000,0.2419
1628469666025000,0,4144.68398745,0.2415
1628469666025000,0,6098.55747255,0.2415
1628469666087000,0,4263.09166000,0.2415
1628469666106000,0,0.00001666,0.2415
1628469716979000,1,201.48479946,0.2411
1628469732830000,1,604.10788381,0.2410
1628469855853000,0,4157.99832200,0.2407
1628469855853000,0,101.41547800,0.2407
1628469860971000,1,3346.45470446,0.2407
1628469892197000,0,4156.43213000,0.2408
1628469892284000,0,0.00000884,0.2408
1628469892284000,0,4156.54525116,0.2408
1628469938846000,1,2000.00000000,0.2400
1628469938957000,1,500.00000000,0.2400
1628469938957000,1,846.45460000,0.2400
1628469951859000,1,6252.50286000,0.2400
1628469957396000,1,901.04254000,0.2400
1628469957396000,1,1652.95833333,0.2400
1628469957396000,1,4128.25000000,0.2400
1628469957396000,1,1030.90738013,0.2400
1628469957396000,1,1159.02865591,0.2400
1628469958488000,1,3840.97134409,0.2400
1628469958488000,1,221.59548752,0.2400
1628470021810000,1,1500.00000000,0.2394
1628470022445000,1,759.00000000,0.2392
1628470035023000,0,4200.00000000,0.2394
1628470072238000,0,4170.51240000,0.2400
1628470073498000,0,4167.94324000,0.2401
1628470073570000,0,0.00000578,0.2401
1628470279546000,0,4173.84829000,0.2397
1628470279687000,0,2000.00000000,0.2398
1628470279821000,0,4173.39342257,0.2398
1628470282395000,0,16200.00000000,0.2401
1628470297739000,0,1500.00000000,0.2404
1628470297918000,0,4162.78077000,0.2404
1628470331867000,0,4159.05502003,0.2407
1628470331867000,0,1939.41306997,0.2407
1628470331933000,0,2219.64195000,0.2407
1628470331979000,0,0.00000006,0.2407
1628470399839000,1,4147.55593000,0.2409
1628470607984000,0,5000.00000000,0.2409
1628470608100000,0,13400.00000000,0.2409
1628470996347000,0,4115.46774000,0.2401
1628471101800000,0,5000.00000000,0.2401
1628471101861000,0,5000.00000000,0.2401
1628471101932000,0,6500.00000000,0.2401
1628471120793000,1,4200.00000000,0.2399
1628471127948000,1,4200.00000000,0.2399
1628471140065000,1,5000.00000000,0.2397
1628471140177000,1,8370.51240000,0.2397
1628471140238000,1,9287.55376000,0.2397
1628471140295000,1,7000.00000000,0.2397
1628471141143000,1,5000.00000000,0.2397
1628471141197000,1,5500.00000000,0.2397
1628471141273000,1,6500.00000000,0.2397
1628471287265000,1,203.38660000,0.2389
1628471287352000,1,0.00003764,0.2389
1628471287931000,1,1024.00000000,0.2386
1628471462256000,1,83.88698745,0.2384
1628471462256000,1,83.88681255,0.2384
1628471464028000,1,0.00017490,0.2384
1628471464028000,1,137.25038400,0.2383
1628471609990000,0,4199.93055972,0.2383
1628471609990000,0,999.99999028,0.2383
1628471610062000,0,4202.23893000,0.2384
1628471610124000,0,0.00000085,0.2384
1628471610265000,0,4201.50173000,0.2384
1628471706420000,0,4197.45783611,0.2385
1628471706420000,0,1198.87095389,0.2385
1628471706501000,0,6500.00000000,0.2385
1628471914480000,1,4200.00000000,0.2394
1628471928377000,1,4200.00000000,0.2393
1628471929394000,1,2000.00000000,0.2393
1628471929394000,1,10440.50582163,0.2393
1628471929482000,1,4175.78680000,0.2392
1628471930033000,1,0.00005866,0.2392
1628471933048000,1,4177.70586233,0.2392
1628471947520000,1,4175.22893404,0.2393
1628471947520000,1,10437.10599925,0.2393
1628471947627000,1,1500.00000000,0.2392
1628471954592000,1,4175.92482987,0.2392
1628471954678000,1,2724.21320000,0.2392
1628471955001000,1,5300.00000000,0.2392
1628471955057000,1,2415.42066000,0.2392
1628471955097000,1,0.00000116,0.2392
1628471955637000,1,4178.15815002,0.2392
1628472007456000,1,4162.57630381,0.2399
1628472007456000,1,1422.00303619,0.2399
1628472007507000,1,4820.55496000,0.2399
1628472007957000,1,4162.57631000,0.2399
1628472043363000,1,4159.42511924,0.2402
1628472043363000,1,4357.44361076,0.2402
1628472043412000,1,6041.28523000,0.2402
1628472066515000,1,4160.87891000,0.2401
1628472067085000,1,0.00000906,0.2401
1628472067283000,1,10402.53655451,0.2400
1628472067283000,1,1097.46344549,0.2400
1628472067337000,1,25950.45409000,0.2400
1628472073209000,1,4162.95753973,0.2399
1628472073209000,1,9684.42423027,0.2399
1628472073334000,1,722.26935504,0.2399
1628472131743000,1,4154.24125000,0.2404
1628472131796000,1,0.00000983,0.2404
1628472131796000,1,10385.51012017,0.2404
1628472131818000,1,0.00001609,0.2404
1628472131830000,1,16800.00000000,0.2404
1628472131868000,1,10203.56336499,0.2404
1628472154361000,1,4155.76051000,0.2403
1628472196635000,1,4151.34393860,0.2406
1628472196635000,1,949.58081140,0.2406
1628472196693000,1,5500.00000000,0.2406
1628472197035000,1,3930.92708000,0.2406
1628472199415000,1,4153.75809000,0.2406
1628472199757000,1,0.00000214,0.2406
1628472199954000,1,5500.00000000,0.2405
1628472200139000,1,4884.56106000,0.2405
1628472200369000,1,4153.86161861,0.2405
1628472218861000,1,4155.72597793,0.2403
1628472218861000,1,10391.89930665,0.2403
1628472224085000,1,4159.63274000,0.2402
1628472224330000,1,0.00000273,0.2402
1628472275228000,1,4157.97233498,0.2402
1628472275228000,1,4157.45371502,0.2402
1628472275482000,1,0.00001435,0.2402
1628472313887000,0,4200.00000000,0.2405
1628472339956000,0,4200.00000000,0.2405
1628472393267000,1,4150.89590000,0.2406
1628472393524000,1,0.00000474,0.2406
1628472393915000,1,4153.89612858,0.2405
1628472415106000,1,4152.72311118,0.2405
1628472415106000,1,10383.87094094,0.2405
1628472431303000,1,4154.93169440,0.2404
1628472442251000,1,10394.05958706,0.2403
1628472442251000,1,4157.86860351,0.2403
1628472462736000,1,4161.77798947,0.2400
1628472462919000,0,8852.90097000,0.2400
1628472467282000,1,4163.37351310,0.2400
1628472471385000,0,8854.78261000,0.2400
1628472471463000,0,0.00000580,0.2400
1628472476188000,0,0.00000630,0.2400
1628472476188000,0,8852.46934370,0.2400
1628472476295000,0,0.00001363,0.2400
1628472476295000,0,8399.99998637,0.2401
1628472512497000,0,6135.04799000,0.2403
1628472597924000,1,4152.37823213,0.2405
1628472597924000,1,1347.62176787,0.2405
1628472597979000,1,2804.89440000,0.2405
1628472603773000,1,4155.24246000,0.2403
1628472637726000,1,4158.56162000,0.2403
1628472638657000,1,0.00000690,0.2403
1628472676062000,1,4167.44820000,0.2397
1628472856691000,0,6000.00000000,0.2408
1628472856788000,0,2826.24520000,0.2408
1628472888169000,1,4153.50480000,0.2404
1628472963184000,0,5000.00000000,0.2403
1628473146042000,1,4152.22838000,0.2405
1628473146775000,1,4155.16187000,0.2405
1628473217453000,1,4161.94620000,0.2401
1628473279510000,0,13400.00000000,0.2398
1628473283229000,0,2000.00000000,0.2399
1628473283229000,0,12200.00000000,0.2399
1628473283937000,0,2000.00000000,0.2399
1628473335006000,0,5808.98793000,0.2398
1628473368014000,0,1500.00000000,0.2415
1628473368014000,0,2700.00000000,0.2415
1628473374785000,1,4140.74643000,0.2413
1628473375330000,1,4140.33367000,0.2413
1628473385977000,1,4143.53445000,0.2412
1628473388098000,1,4143.53445246,0.2410
1628473388098000,1,1431.85099754,0.2410
1628473388160000,1,6000.00000000,0.2410
1628473388215000,1,2931.27286252,0.2410
1628473394448000,1,4151.24053759,0.2406
1628473394448000,1,10378.26706241,0.2406
1628473448073000,0,5000.00000000,0.2407
1628473448201000,0,2700.00010000,0.2407
1628473448232000,0,8500.00000000,0.2407
1628473448308000,0,2599.99990000,0.2407
1628473465829000,1,4151.64218000,0.2407
1628473607031000,0,10012.42274000,0.2403
1628473607145000,0,2987.57720000,0.2403
1628473607181000,0,0.00006000,0.2403
1628473660332000,0,6000.00000000,0.2404
1628473660407000,0,16800.00000000,0.2404
1628473742126000,1,4149.58370000,0.2408
1628473834826000,0,6849.58364000,0.2407
1628474018477000,0,6500.00000000,0.2407
1628474018553000,0,7000.00000000,0.2407
1628474106042000,0,9500.00000000,0.2403
1628474106230000,0,11300.00000000,0.2403
1628474223802000,1,4169.31082000,0.2397
1628474248677000,0,19200.00000000,0.2399
1628474253921000,0,14500.00000000,0.2401
1628474253988000,0,1900.00000000,0.2401
1628474363718000,0,14320.62165263,0.2400
1628474363805000,0,679.37834737,0.2400
1628474369206000,1,4162.29908000,0.2401
1628474433806000,0,13252.23156000,0.2401
1628474433968000,0,2747.76844000,0.2401
1628474457312000,0,8752.23156000,0.2404
1628474457381000,0,8500.00000000,0.2404
1628474457448000,0,5347.76844000,0.2404
1628474609252000,1,4154.75906000,0.2406
1628474653357000,0,6000.00000000,0.2407
1628474653415000,0,6306.99062000,0.2407
1628474653476000,0,2693.00938000,0.2407
1628474653699000,0,6000.00000000,0.2407
1628474688052000,1,4147.07431000,0.2409
1628474779121000,1,4156.65878000,0.2404
1628474794078000,1,4161.95261000,0.2401
1628474933154000,0,1500.00000000,0.2401
1628474963040000,1,4162.33373550,0.2401
1628474963040000,1,2564.98994450,0.2401
1628474963092000,1,7841.01056000,0.2401
1628474964990000,1,4162.33373550,0.2400
1628475019832000,1,4166.80846000,0.2398
1628475030960000,0,3670.15275000,0.2397
1628475178289000,0,4000.00000000,0.2403
1628475222395000,1,4159.97882000,0.2402
1628475378704000,1,4161.74475000,0.2401
1628475388261000,1,4163.09618000,0.2400
1628475427355000,1,747.14632904,0.2400
1628475432728000,1,4163.47751000,0.2400
1628475461811000,1,4160.49806000,0.2402
1628475465801000,1,4160.63654000,0.2401
1628475473298000,1,4163.54685000,0.2400
1628475473402000,1,0.00000988,0.2400
1628475505649000,1,4160.84289000,0.2402
1628475506022000,1,0.00000076,0.2402
1628475539336000,1,4156.45145000,0.2404
1628475540967000,1,4157.35002000,0.2404
1628475545918000,1,4156.48601000,0.2403
1628475546003000,1,0.00000161,0.2403
1628475549009000,1,4158.17843000,0.2403
1628475563441000,1,4160.01343000,0.2402
1628475565591000,1,4160.04805000,0.2402
1628475567560000,1,4160.53268408,0.2401
1628475567560000,1,10401.49780592,0.2401
1628475567914000,1,9195.62052000,0.2401
1628475567969000,1,1205.87729000,0.2401
1628475568276000,1,4161.25984000,0.2401
1628475568340000,1,0.00000411,0.2401
1628475814931000,1,4143.05377000,0.2411
1628476040343000,1,4149.89679000,0.2408
1628476497752000,0,12600.00000000,0.2419
1628476498163000,0,4135.60324000,0.2420
1628476529776000,0,411.30328207,0.2419
1628476985856000,0,10000.00000000,0.2420
1628476985923000,0,11000.00000000,0.2420
1628477130913000,0,4125.53174000,0.2426
1628478139165000,0,20400.00000000,0.2424
1628478149116000,1,4119.87389000,0.2425
1628478149455000,1,0.00000119,0.2425
1628478149455000,1,10300.10381881,0.2424
1628478204539000,1,2000.00000000,0.2422
1628478204539000,1,14800.00000000,0.2422
1628478205674000,1,4200.00000000,0.2419
1628478232428000,0,4130.48817000,0.2423
1628478391151000,1,4135.44643000,0.2417
1628478421002000,1,4200.00000000,0.2412
1628478927825000,0,8833.49758000,0.2407
1628479664441000,0,8803.74323000,0.2415
1628479830901000,0,4129.96850000,0.2423
1628479831146000,0,10324.26449000,0.2424
1628480280300000,1,1000.00000000,0.2429
1628480280300000,1,727.94710607,0.2428
1628480870297000,1,240.65226013,0.2429
1628481541517000,0,333.87587312,0.2434
1628481755738000,0,206.78680792,0.2435
1628481781025000,1,4117.60067000,0.2426
1628481782870000,1,4200.00000000,0.2426
1628481904230000,0,8050.01555000,0.2426
1628481993813000,1,3866.12420000,0.2424
1628482054773000,0,8808.06414000,0.2415
1628482054866000,0,0.00000478,0.2415
1628482093809000,0,8191.93586000,0.2416
1628482373358000,1,2230.30700000,0.2408
1628482779152000,1,6500.00000000,0.2409
1628482779240000,1,52000.00000000,0.2409
1628482779248000,1,2230.30700000,0.2409
1628482853144000,0,4200.00000000,0.2406
1628483360351000,0,2200.00000000,0.2409
1628483641571000,1,14200.00000000,0.2421
1628483641841000,0,4200.00000000,0.2423
1628483641841000,0,87.99570833,0.2423
1628483644960000,1,200.00000000,0.2419
1628483699046000,0,4126.41294000,0.2426
1628483699152000,0,0.00000495,0.2426
1628483699152000,0,2000.00000000,0.2427
1628483699152000,0,3999.99999505,0.2427
1628483736118000,0,4200.00000000,0.2431
1628483736118000,0,1500.00000000,0.2431
1628483736118000,0,4114.27618441,0.2432
1628483736118000,0,4494.21305391,0.2432
1628483739947000,0,4113.90382000,0.2433
1628483765145000,0,4111.02870000,0.2434
1628483765180000,0,0.00006598,0.2434
1628483766288000,0,4110.69176000,0.2436
1628483771902000,0,4102.56229000,0.2440
1628483771979000,0,0.00000388,0.2440
1628483771979000,0,16799.99999612,0.2440
1628483772484000,0,160.42424042,0.2440
1628483772484000,0,4106.33575958,0.2441
1628483772637000,0,0.00008973,0.2441
1628483773839000,0,4100.77572000,0.2445
1628483774101000,0,0.00000215,0.2445
1628483774101000,0,4098.25813785,0.2445
1628483789611000,0,4076.34045000,0.2459
1628483789857000,0,0.00000879,0.2459
1628483789857000,0,4071.22894121,0.2460
1628483791644000,1,4200.00000000,0.2458
1628483792308000,1,4066.62943000,0.2456
1628483792396000,1,2000.00000000,0.2456
1628483796510000,0,2000.00000000,0.2458
1628483808206000,0,4069.10390000,0.2461
1628483808292000,0,0.00000385,0.2461
1628483808292000,0,10166.55291615,0.2461
1628483808589000,0,4066.95718000,0.2462
1628483814691000,0,8633.76800000,0.2465
1628483814830000,0,4061.14347000,0.2465
1628483814963000,0,0.00000540,0.2465
1628483814963000,0,10152.69654460,0.2465
1628483815114000,0,0.00001161,0.2465
1628483815114000,0,16799.99998839,0.2466
1628483818957000,0,7000.00000000,0.2469
1628483837003000,1,19161.70070000,0.2461
1628483853982000,0,8000.00000000,0.2476
1628483854434000,0,83.88698745,0.2480
1628483854434000,0,83.88681255,0.2480
1628483854434000,0,0.00016000,0.2480
1628483854643000,0,0.00001490,0.2480
1628483854784000,0,18012.88253000,0.2485
1628483856713000,1,2000.00000000,0.2481
1628483858410000,1,4200.00000000,0.2477
1628483858491000,1,7502.72259000,0.2477
1628483858541000,1,1500.00000000,0.2477
1628483858541000,1,9597.27741000,0.2477
1628483859030000,1,1500.00000000,0.2477
1628483871130000,1,10000.00000000,0.2468
1628483871210000,1,9600.00000000,0.2468
1628483895505000,1,17682.28789000,0.2458
1628484054773000,1,8595.72703000,0.2471
1628484102124000,0,4049.07195000,0.2472
1628484102261000,0,0.00000340,0.2472
1628484102261000,0,10124.73674660,0.2472
1628484149314000,0,4060.96541000,0.2465
1628484149392000,0,0.00000178,0.2465
1628484284700000,0,4070.92541929,0.2458
1628484288639000,0,14600.00000000,0.2461
1628484460111000,0,4200.00000000,0.2455
1628484531873000,1,4069.17724000,0.2454
1628484586963000,1,2111.02860000,0.2449
1628484587076000,1,1969.73937000,0.2449
1628484587179000,1,0.00000451,0.2449
1628484587179000,1,4287.99570382,0.2449
1628484587712000,1,4080.56814910,0.2449
1628484797394000,0,4086.70980000,0.2449
1628484999355000,0,4095.92579000,0.2443
1628485320253000,1,124.68404685,0.2443
1628485355061000,0,4087.13622772,0.2448
1628485730286000,1,124.68400000,0.2451
1628485744251000,0,489.67599771,0.2452
1628485836624000,0,2000.00000000,0.2452
1628486161069000,0,4200.00000000,0.2450
1628486194929000,0,4200.00000000,0.2447
1628486328523000,0,386.26740764,0.2447
1628486539875000,0,8676.47010000,0.2450
1628486540021000,0,0.00000007,0.2450
1628486579374000,1,4200.00000000,0.2448
1628486866615000,0,4200.00000000,0.2449
1628486866615000,0,4086.71966456,0.2449
1628486866615000,0,12137.28262292,0.2450
1628487679141000,0,2809.41004835,0.2440
1628487679225000,0,599.47320000,0.2440
1628488013005000,0,4114.18034000,0.2432
1628488045940000,1,20000.00000000,0.2435
1628488098359000,0,133.95114033,0.2434
1628488105027000,0,13000.00000000,0.2434
1628488105217000,0,11205.12541000,0.2434
1628488105391000,0,6500.00000000,0.2434
1628488105452000,0,2307.31260000,0.2434
1628488126316000,0,0.00000652,0.2434
1628488827885000,0,4094.84736000,0.2444
1628488827974000,0,0.00000495,0.2444
1628488940742000,1,4082.50061000,0.2447
1628489263135000,1,1114.00000000,0.2430
1628489265007000,1,8736.34977000,0.2430
1628489265127000,1,4111.40452187,0.2429
1628489265127000,1,10280.95797813,0.2429
1628489265135000,1,8738.25121276,0.2430
1628489265135000,1,0.00004266,0.2429
1628489265488000,1,26726.92524000,0.2429
1628489265723000,1,4112.31753000,0.2429
1628489284246000,0,194.50074074,0.2430
1628489350255000,0,524.69344147,0.2429
1628489358153000,0,194.50070000,0.2426
1628489384092000,1,3855.14621819,0.2427
1628489398735000,1,489.67599771,0.2431
1628489759730000,1,4344.82210000,0.2424
1628489857249000,0,2000.00000000,0.2424
1628489857249000,0,4127.86250054,0.2424
1628489857249000,0,2081.23302651,0.2424
1628490019238000,0,4131.33953629,0.2423
1628490019238000,0,10328.38951371,0.2423
1628490048623000,1,500.00000000,0.2419
1628490049337000,1,1024.00000000,0.2417
1628490101245000,0,4137.84374000,0.2419
1628490101443000,0,0.00000994,0.2419
1628490101443000,0,4137.91113006,0.2419
1628490141278000,0,1232.58510199,0.2422
1628490231518000,1,2000.00000000,0.2424
1628490231518000,1,4200.00000000,0.2424
1628490231518000,1,8759.31468831,0.2424
1628490231518000,1,5464.68759916,0.2423
1628490840268000,1,541.83237859,0.2430
1628490881613000,0,4200.00000000,0.2433
1628490927288000,1,1000.00000000,0.2435
1628490927380000,1,1024.00000000,0.2434
1628490927598000,1,3081.06863984,0.2434
1628490946076000,0,4116.97491452,0.2431
1628490946685000,0,4116.86339000,0.2431
1628490960985000,0,4110.79217000,0.2434
1628490961111000,0,6169.57397552,0.2434
1628490961111000,0,4112.21212665,0.2434
1628490961111000,0,16446.35089783,0.2434
1628490961222000,0,10281.78610000,0.2434
1628490967049000,1,8717.25779000,0.2434
1628491005283000,0,4107.07238634,0.2437
1628491106690000,1,171.47045000,0.2439
1628491118964000,1,0.00000557,0.2439
1628491333960000,1,4098.02648000,0.2439
1628492035191000,0,448.31957073,0.2441
1628492035282000,0,2000.00000000,0.2443
1628492035282000,0,2277.84828263,0.2443
1628492214388000,0,448.31950000,0.2440
1628492264852000,0,2449.41224838,0.2440
1628492264852000,0,4050.58775162,0.2440
1628492264914000,0,2072.87567000,0.2440
1628492266563000,0,193.52911309,0.2442
1628492307610000,1,8693.61797000,0.2443
1628492449350000,0,4200.00000000,0.2442
1628492484317000,0,2100.00000000,0.2445
1628492484403000,0,2100.00000000,0.2446
1628492492543000,0,1000.00000000,0.2447
1628492492543000,0,223.02452082,0.2447
1628492498714000,1,4200.00000000,0.2445
1628492512704000,0,8690.20464000,0.2446
1628493037711000,0,5138.97042000,0.2470
1628493037919000,0,2120.05733000,0.2471
1628493049084000,1,4200.00000000,0.2473
1628493050568000,1,4200.00000000,0.2472
1628493075684000,0,6206.08569969,0.2476
1628493075684000,0,573.85697031,0.2476
1628493075753000,0,1908.59054000,0.2476
1628493085435000,1,2000.00000000,0.2476
1628493085435000,1,4036.16473715,0.2476
1628493085518000,1,4363.83530000,0.2475
1628493085639000,1,1500.00000000,0.2475
1628493085639000,1,5724.45743804,0.2475
1628493099443000,1,4043.24738000,0.2470
1628493101981000,1,4048.55112000,0.2467
1628493103964000,1,4200.00000000,0.2466
1628493169849000,1,4052.62010000,0.2465
1628493267660000,1,2347.37990000,0.2467
1628493267667000,1,1702.97504077,0.2467
1628493267769000,1,10126.78730000,0.2467
1628493268302000,1,4050.15808000,0.2467
1628493268483000,1,0.00000270,0.2467
1628493268483000,1,10127.77196730,0.2466
1628493334966000,0,1466.55856696,0.2465
1628493347292000,0,3983.57709000,0.2464
1628493347354000,0,0.00000795,0.2464
1628493354539000,0,302.65997485,0.2466
1628493397691000,1,4065.90130000,0.2458
1628493428460000,0,488.18192913,0.2458
1628493489293000,0,192.19128171,0.2459
1628493630081000,1,3862.90640200,0.2445
1628493656940000,0,8677.92219000,0.2450
1628493885340000,1,3045.74589828,0.2442
1628493956552000,0,3614.78977000,0.2450
1628494016516000,1,1015.24863277,0.2449
1628494091442000,0,627.26214265,0.2452
1628494570706000,0,1221.64968074,0.2463
1628494592233000,0,2095.35776141,0.2464
1628494870184000,0,4200.00000000,0.2462
1628494870184000,0,100.00000000,0.2462
1628494909696000,0,4200.00000000,0.2461
1628494923007000,0,5747.84690000,0.2464
1628494923096000,0,6666.53280000,0.2464
1628494932952000,0,0.00004916,0.2464
1628495258491000,0,10000.00000000,0.2475
1628495258569000,0,5078.18273000,0.2475
1628495258639000,0,3543.38689000,0.2475
1628495295629000,1,4041.22123000,0.2472
1628495295697000,1,0.00000865,0.2472
1628495295697000,1,10102.72449135,0.2472
1628495927312000,0,4200.00000000,0.2473
1628495927364000,1,42500.99466000,0.2473
1628495991014000,0,0.00000374,0.2475
1628495991014000,0,2000.00000000,0.2476
1628496309373000,0,500.00000000,0.2483
1628496309373000,0,1700.00000000,0.2483
1628496317916000,1,84.57170472,0.2482
1628496365593000,0,3812.04835262,0.2480
1628496604534000,0,401.77053218,0.2477
1628496610797000,0,401.77050000,0.2477
1628496650285000,1,4200.00000000,0.2479
1628497073103000,1,4024.15229000,0.2483
1628497073184000,1,0.00000293,0.2483
1628497795828000,1,100.00000000,0.2475
1628497980951000,0,320.25261506,0.2486
1628498116032000,1,3979.74740000,0.2483
1628498116124000,1,4025.66810000,0.2482
1628498319441000,0,3208.61184000,0.2491
1628498614081000,1,160.07440177,0.2485
1628498693114000,0,1411.02215431,0.2487
1628498929621000,0,799.77493770,0.2488
1628499025387000,0,1934.81381426,0.2490
1628499404614000,1,4014.26216000,0.2489
1628499404714000,1,0.00000588,0.2489
1628499404714000,1,10037.90309412,0.2488
1628500281500000,0,1232.00000000,0.2491
1628500378424000,0,16800.00000000,0.2501
1628500414752000,1,4200.00000000,0.2502
1628500535335000,0,341.87829420,0.2502
1628500612703000,0,179.08396873,0.2507
1628500625098000,0,0.00000001,0.2507
1628500650946000,0,118.75223773,0.2514
1628500678034000,1,4200.00000000,0.2510
1628500678588000,1,1100.41040000,0.2510
1628500687741000,1,0.00000761,0.2510
1628500731384000,0,138.68191790,0.2507
1628500807914000,0,8311.27101316,0.2508
1628501025268000,1,4200.00000000,0.2515
1628501042130000,1,189.98540694,0.2515
1628501246243000,0,4200.00000000,0.2519
1628501248670000,1,4200.00000000,0.2516
1628501265328000,1,9500.00000000,0.2515
1628501265383000,1,431.98544000,0.2515
1628501265424000,1,0.00000981,0.2515
1628501519117000,0,4200.00000000,0.2511
1628501519117000,0,28684.74844720,0.2512
1628501537070000,1,794.15755000,0.2506
1628501538253000,1,0.00000447,0.2506
1628501765540000,0,396.91447604,0.2507
1628501896528000,0,3222.01774710,0.2514
1628501896528000,0,8463.24431193,0.2514
1628501896576000,1,25618.05151748,0.2514
1628502437087000,0,221.59548000,0.2520
1628502545009000,0,0.00000752,0.2520
1628502546896000,0,802.67428000,0.2522
1628502547467000,0,0.00000047,0.2522
1628502585829000,1,4200.00000000,0.2519
1628502840262000,1,299.08108087,0.2518
1628503048444000,0,330.67528553,0.2522
1628503150123000,1,100.00000000,0.2519
1628503256426000,0,6119.69125000,0.2528
1628503256510000,0,9500.00000000,0.2528
1628503256532000,0,3001.87837375,0.2528
1628503485955000,1,20200.00000000,0.2530
1628503733347000,1,1223.02452082,0.2534
1628503925070000,1,102.12924415,0.2538
1628503967511000,1,9849.26599000,0.2536
1628503968271000,1,3940.94859919,0.2534
1628504040951000,0,1000.00000000,0.2531
1628504040951000,0,1500.00000000,0.2531
1628504230017000,1,2500.00000000,0.2534
1628504383343000,0,177.81078838,0.2530
1628504593305000,1,1878.39960000,0.2520
1628504610623000,1,0.00008466,0.2520
1628504695992000,1,2000.00000000,0.2521
1628504695992000,1,2277.84828263,0.2521
1628504696098000,1,2000.00000000,0.2521
1628504696098000,1,4150.26550000,0.2521
1628504712070000,1,4200.00000000,0.2520
1628504712070000,1,2368.41643696,0.2520
1628504732976000,1,4200.00000000,0.2522
1628504732976000,1,8423.37787880,0.2522
1628504732976000,1,4460.61400000,0.2522
1628504733055000,0,29617.00278000,0.2521
1628504733087000,0,0.00000120,0.2521
1628504816623000,1,8421.70070000,0.2522
1628504816668000,1,4640.22930000,0.2521
1628505390607000,0,4200.00000000,0.2537
1628505526939000,0,100.00000000,0.2539
1628505708330000,0,4300.00000000,0.2542
1628505913776000,1,217.48031000,0.2540
1628505914188000,1,0.00000496,0.2540
1628506006134000,1,3934.00316294,0.2539
1628506006134000,1,3416.25331706,0.2539
1628506006190000,1,6419.45015000,0.2539
1628506006229000,1,0.00001202,0.2539
1628506164049000,0,128.80000000,0.2541
1628506440304000,0,117.20293127,0.2542
1628506467049000,0,400.00000000,0.2544
1628506507459000,1,489.14625000,0.2543
1628506814255000,0,400.00000000,0.2553
1628506814728000,0,4202.89003759,0.2554
1628506881076000,1,3922.52233000,0.2548
1628506881103000,1,0.00000876,0.2548
1628506881151000,1,9807.07410000,0.2547
1628506881395000,1,3922.49156664,0.2547
1628506923534000,0,3076.96500000,0.2547
1628507247830000,0,3940.10592000,0.2555
1628507343794000,0,0.00000477,0.2555
1628507343794000,0,4200.00000000,0.2555
1628507658593000,0,750.00000000,0.2563
1628507926515000,0,389.80000000,0.2558
1628507927694000,0,4950.00000000,0.2558
1628507974249000,1,4200.00000000,0.2557
1628507974249000,1,1860.17907254,0.2557
1628508067990000,1,4200.00000000,0.2563
1628508156685000,0,81.13300621,0.2564
1628508156685000,0,81.13299379,0.2564
1628508156685000,0,0.00001242,0.2564
1628508156685000,0,228.12994733,0.2564
1628508196616000,0,25.87005267,0.2564
1628508283697000,0,2539.30811000,0.2569
1628508283742000,0,0.00000396,0.2569
1628508395777000,1,8285.63113000,0.2563
1628508406682000,1,104.25761200,0.2561
1628508412781000,0,2000.00000000,0.2568
1628508412781000,0,1874.78535825,0.2568
1628508540181000,0,591.29043586,0.2562
1628508540302000,0,1770.52770000,0.2562
1628508578500000,0,77.75455184,0.2559
1628508638665000,0,2000.00000000,0.2558
1628508671179000,0,1000.00000000,0.2558
1628508671268000,0,1000.00000000,0.2559
1628508789656000,1,2000.00000000,0.2546
1628508789656000,1,3925.35544094,0.2546
1628508789656000,1,9797.61920398,0.2545
1628508789656000,1,9933.10121575,0.2545
1628508790259000,1,150.00000000,0.2545
1628508790382000,1,3775.10892177,0.2545
1628508790522000,1,7500.00000000,0.2544
1628508878779000,0,928.88805471,0.2544
1628508921285000,1,4200.00000000,0.2542
1628508921285000,1,1855.90152007,0.2541
1628509293752000,0,2000.00000000,0.2555
1628509293752000,0,4200.00000000,0.2555
1628509293752000,0,61547.67698630,0.2555
1628509392015000,0,583.84341261,0.2556
1628509502181000,0,583.84340000,0.2558
1628509555227000,0,388.74234255,0.2560
1628509870130000,0,77.75151396,0.2560
1628509873715000,1,140.98993907,0.2557
1628510022205000,0,325.50390000,0.2561
1628510500387000,1,1857.13173000,0.2560
1628510500448000,1,0.00000769,0.2560
1628510500448000,1,1606.49268231,0.2560
1628510500478000,1,0.00001243,0.2560
1628510558974000,0,3410.80557781,0.2561
1628510558974000,0,3410.61898524,0.2561
1628510559623000,0,3413.33716408,0.2562
1628510579642000,1,4328.49244000,0.2568
1628510580213000,1,0.00000665,0.2568
1628510580213000,1,16372.40338335,0.2567
1628510599620000,0,140.00000000,0.2570
1628510654276000,0,500.00000000,0.2573
1628510908657000,1,4200.00000000,0.2563
1628510908657000,1,2000.00000000,0.2563
1628510987283000,1,2700.00000000,0.2563
1628510987438000,1,1199.15232428,0.2563
1628510987438000,1,300.84767572,0.2562
1628511009447000,1,1500.00000000,0.2562
1628511009535000,1,2400.24727568,0.2562
1628511009535000,1,9750.76872432,0.2562
1628511021443000,0,2899.11213000,0.2566
1628511024839000,0,0.00000657,0.2566
1628511024839000,0,7247.00549343,0.2566
1628511025187000,0,0.00000982,0.2566
1628511025187000,0,9213.88236018,0.2567
1628511025478000,0,422.95885000,0.2567
1628511025554000,0,9213.88237000,0.2567
1628511074994000,0,4200.00000000,0.2561
1628511086967000,0,1865.28680000,0.2563
1628511087090000,0,3834.71310000,0.2564
1628511087361000,0,1864.74377000,0.2564
1628511335900000,1,3910.80241000,0.2555
1628511336178000,1,3910.80241844,0.2554
1628511336178000,1,9774.86336714,0.2554
1628511336178000,1,12400.00000000,0.2553
1628511336178000,1,11217.64779093,0.2551
1628511460548000,0,4328.49244000,0.2546
1628511460828000,0,0.00000665,0.2546
1628511554823000,1,10500.00000000,0.2539
1628511554876000,1,2500.00000000,0.2539
1628511555175000,1,3937.06987512,0.2538
1628511555175000,1,265.82016247,0.2538
1628511580566000,1,1500.00000000,0.2538
1628511580566000,1,4200.00000000,0.2538
1628511580566000,1,3109.24452164,0.2537
1628511735654000,0,2346.39143012,0.2553
1628511855292000,1,3919.20173000,0.2550
1628511855324000,1,0.00000699,0.2550
1628511855381000,1,3390.04280000,0.2549
1628511878230000,0,7799.92671000,0.2550
1628511890524000,1,3919.20170000,0.2548
1628511914446000,0,147.07461000,0.2549
1628511915023000,0,0.00000084,0.2549
1628512148980000,0,6500.00000000,0.2556
1628512149043000,0,6500.00000000,0.2556
1628512149060000,0,16800.00000000,0.2556
1628512169284000,1,3910.77182993,0.2555
1628512169284000,1,2325.80623007,0.2555
1628512169346000,1,5000.00000000,0.2555
1628512169410000,1,5000.00000000,0.2555
1628512169462000,1,1563.42194000,0.2555
1628512370270000,0,4200.00000000,0.2557
1628512370270000,0,64204.52690021,0.2558
1628512506119000,0,128.43301448,0.2554
1628512641310000,1,465.00000000,0.2550
1628512687031000,0,117.12147369,0.2549
1628512759799000,1,2511.18638247,0.2549
1628512768704000,0,117.03422724,0.2551
1628512889578000,0,309.29793266,0.2554
1628512919912000,0,390.70000000,0.2551
1628512991735000,0,2517.24460000,0.2552
1628512991845000,0,2417.32375111,0.2552
1628514104918000,0,2000.00000000,0.2563
1628514104918000,0,2119.46166642,0.2563
1628514104918000,0,3666.28260570,0.2563
1628514513321000,0,1989.47313000,0.2560
1628514534313000,0,1943.67990000,0.2562
1628514534411000,0,0.00002414,0.2562
1628514534411000,0,1722.60267586,0.2562
1628514656538000,0,384.49527676,0.2561
1628514657322000,0,1880.43606882,0.2561
1628514657322000,0,62.30831791,0.2561
1628514686411000,0,384.49530000,0.2562
1628514748704000,0,1917.74555000,0.2562
1628514748973000,0,0.00000475,0.2562
1628514748973000,0,4794.92347525,0.2563
1628514749098000,0,0.00000651,0.2563
1628514749098000,0,12464.36594349,0.2563
1628515160171000,1,82.00000000,0.2560
1628515343052000,0,1265.97760000,0.2566
1628515532489000,0,1236.70983000,0.2573
1628515532619000,0,0.00000221,0.2573
1628515532619000,0,1500.00000000,0.2575
1628515532619000,0,2623.02403942,0.2575
1628515538342000,0,319.23012000,0.2576
1628515586993000,0,0.00000489,0.2576
1628515586993000,0,249.99999511,0.2577
1628515675519000,0,0.00000489,0.2577
1628515675519000,0,99.99999511,0.2577
1628515680265000,1,638.60816354,0.2573
1628515800335000,1,199.20960069,0.2573
1628515821492000,0,1059.02513000,0.2576
1628515822113000,0,1059.97991000,0.2577
1628515822186000,0,0.00000744,0.2577
1628515822186000,0,2649.94978256,0.2577
1628515830997000,0,175.31543893,0.2577
1628515953477000,1,2000.00000000,0.2583
1628515953477000,1,1327.84239300,0.2583
1628515963401000,0,1488.10638182,0.2586
1628515963401000,0,595.48229279,0.2586
1628515963401000,0,500.00000000,0.2586
1628515963401000,0,1071.31805059,0.2587
1628516055940000,1,147.66010000,0.2579
1628516056094000,1,2000.00000000,0.2579
1628516063366000,1,1136.62434694,0.2574
1628516129437000,1,1136.62430000,0.2566
1628516129507000,1,16800.00000000,0.2566
1628516136815000,0,799.07000000,0.2565
1628516136847000,0,0.00150000,0.2565
1628516225370000,0,1406.50970667,0.2570
1628516225370000,0,529.03511125,0.2570
1628516681323000,0,1382.07000000,0.2572
1628516681347000,0,0.00323655,0.2572
1628516681355000,0,2458.89493582,0.2573
1628516681698000,0,995.78858000,0.2573
1628517270124000,1,3948.77297882,0.2530
1628517270124000,1,2813.42488115,0.2530
1628517270569000,1,3026.56517267,0.2530
1628517270601000,1,4123.02404163,0.2530
1628517301824000,0,2301.75997000,0.2525
1628517303277000,0,2299.86361000,0.2527
1628517304622000,0,2089.37156000,0.2529
1628517388185000,0,1552.36786000,0.2527
1628517388327000,0,0.00000695,0.2527
1628517388327000,0,3881.21619305,0.2527
1628517388513000,0,0.00003338,0.2527
1628517575131000,0,1338.35571768,0.2532
1628517575131000,0,500.00000000,0.2533
1628517575131000,0,126.26250245,0.2533
1628517596492000,1,104.88372030,0.2532
1628517611346000,1,2000.00000000,0.2532
1628517611346000,1,4200.00000000,0.2532
1628517611346000,1,3800.00000000,0.2532
1628517616550000,1,4460.61400000,0.2533
1628517616550000,1,3539.38600000,0.2532
1628517620252000,1,4200.00000000,0.2533
1628517620252000,1,1500.00000000,0.2533
1628517620252000,1,4300.00000000,0.2533
1628517623807000,1,4610.00000000,0.2534
1628517623807000,1,4200.00000000,0.2534
1628517623807000,1,1190.00000000,0.2533
1628517627211000,1,4460.61400000,0.2534
1628517627211000,1,5539.38600000,0.2534
1628517629230000,0,1304.75187000,0.2537
1628517629308000,0,0.00000129,0.2537
1628517630455000,1,4460.61400000,0.2537
1628517630455000,1,4200.00000000,0.2536
1628517630455000,1,1339.38600000,0.2536
1628517633587000,1,5539.38600000,0.2537
1628517633587000,1,4460.61400000,0.2536
1628517636655000,1,3939.73777105,0.2536
1628517636655000,1,3908.98071297,0.2536
1628517636655000,1,2151.28151598,0.2536
1628517641284000,1,6145.00000000,0.2536
1628517641284000,1,3855.00000000,0.2536
1628517644600000,1,8371.08068339,0.2536
1628517644600000,1,1628.91931661,0.2535
1628517648153000,1,3941.13520458,0.2536
1628517648153000,1,6058.86479542,0.2536
1628517722526000,1,5110.00000000,0.2545
1628517722604000,1,3928.65560000,0.2544
1628517722704000,1,7761.34440000,0.2544
1628517723122000,0,4200.00000000,0.2545
1628517748346000,1,4282.00000000,0.2540
1628517748397000,1,20600.00000000,0.2540
1628517840442000,0,1244.78605439,0.2545
1628517840442000,0,2955.21394561,0.2545
1628517840532000,0,156.74850000,0.2545
1628517840555000,0,0.00001434,0.2545
1628517840574000,0,8089.77850000,0.2546
1628517840753000,0,0.00003120,0.2546
1628518517404000,0,151.11359034,0.2568
1628518639946000,0,2000.00000000,0.2565
1628518639946000,0,5757.95162170,0.2565
1628519047802000,1,4200.00000000,0.2573
1628519078060000,1,4200.00000000,0.2571
1628519472371000,1,3913.64920000,0.2552
1628519472439000,1,4335.23720000,0.2551
1628519727139000,0,585.53951600,0.2550
1628519824745000,1,755.06685060,0.2550
1628520131848000,0,1000.00000000,0.2564
1628520131848000,0,246.65273740,0.2564
1628520256858000,1,2000.00000000,0.2555
1628520256858000,1,4200.00000000,0.2555
1628520256858000,1,3800.44290799,0.2555
1628520256922000,1,508.41410000,0.2555
1628520257011000,1,4200.00000000,0.2555
1628520305053000,0,997.08666000,0.2558
1628520307146000,0,0.00000526,0.2558
1628520307146000,0,2493.49702474,0.2558
1628520307784000,0,975.68549643,0.2558
1628520307784000,0,2439.21374106,0.2558
1628520319565000,0,4200.00000000,0.2560
1628520353176000,0,2000.00000000,0.2562
1628520353176000,0,8304.34519897,0.2562
1628520409819000,1,4200.00000000,0.2556
1628520409819000,1,3800.06482610,0.2556
1628520410892000,0,2682.21940327,0.2558
1628520410892000,0,1072.88775673,0.2558
1628520412510000,0,0.00000458,0.2558
1628520412510000,0,6974.00056542,0.2559
1628520523980000,1,399.98794250,0.2559
1628520533029000,0,395.57016242,0.2561
1628520604062000,1,399.98790000,0.2560
1628520604148000,1,3502.14650000,0.2560
1628520999462000,1,2000.00000000,0.2563
1628520999733000,1,9750.84615037,0.2561
1628520999733000,1,2249.15384963,0.2561
1628520999782000,1,1651.42811000,0.2561
1628521000607000,1,3903.81011000,0.2559
1628521230236000,0,4200.00000000,0.2564
1628521230236000,0,2000.00000000,0.2564
1628521230236000,0,1583.47110209,0.2564
1628521278492000,0,1504.71000000,0.2563
1628521682467000,0,1450.87730000,0.2566
1628521682532000,0,0.00007740,0.2566
1628521682541000,0,1450.94881483,0.2566
1628521682541000,0,1298.17388517,0.2567
1628521714728000,0,115.14631960,0.2568
1628521829148000,0,115.14640000,0.2567
1628521829243000,0,1129.29515262,0.2567
1628521829317000,0,3111.78890000,0.2567
1628522339215000,1,2000.00000000,0.2578
1628522339215000,1,8246.47610000,0.2578
1628522339865000,1,0.00003770,0.2578
1628522405258000,0,2000.00000000,0.2583
1628522712227000,0,444.08457800,0.2587
1628522818085000,0,444.08450000,0.2586
1628522856476000,0,1153.46758114,0.2588
1628522873415000,1,4200.00000000,0.2587
1628522873415000,1,8218.19003597,0.2586
1628522873465000,0,4200.00000000,0.2586
1628522873480000,0,3381.80996403,0.2586
1628522920549000,0,816.33503154,0.2590
1628522920589000,0,0.00000001,0.2590
1628522920931000,0,250.00000000,0.2591
1628522921202000,0,1606.49269000,0.2591
1628522926954000,0,0.00000474,0.2591
1628522946121000,1,4200.00000000,0.2592
1628522946121000,1,1639.00000000,0.2591
1628522946121000,1,3856.65581661,0.2591
1628522946121000,1,58708.87108360,0.2591
1628523137985000,1,2000.00000000,0.2584
1628523137985000,1,5783.47110209,0.2584
1628523313769000,1,8207.94784000,0.2591
1628523375176000,1,3900.00000000,0.2592
1628523426914000,0,1010.42250817,0.2595
1628523631846000,1,0.00000111,0.2591
1628523631846000,1,5499.99999889,0.2591
1628523631901000,1,7000.00000000,0.2591
1628523631927000,1,6536.11000000,0.2591
1628523631955000,1,5500.00000000,0.2591
1628523632005000,1,4500.00000000,0.2591
1628523632057000,1,5000.00000000,0.2591
1628523632106000,1,2613.85526012,0.2591
1628523847085000,0,4200.00000000,0.2590
1628523847085000,0,2000.00000000,0.2590
1628523847085000,0,1437.88073240,0.2590
1628523847085000,0,4815.00000000,0.2590
1628523847085000,0,8218.25580327,0.2591
1628523847085000,0,1437.52538685,0.2591
1628523847085000,0,18454.72388916,0.2591
1628523847085000,0,9345.93629496,0.2591
1628523847085000,0,18223.74364084,0.2592
1628523868513000,0,3682.00000000,0.2589
1628523868513000,0,1490.39523000,0.2589
1628524043450000,1,4200.00000000,0.2585
1628524043450000,1,2000.00000000,0.2585
1628524043450000,1,1644.00000000,0.2585
1628524043450000,1,7016.48247814,0.2584
1628524062244000,1,100.82556000,0.2586
1628524114958000,0,583.86264669,0.2590
1628524120219000,0,1642.00000000,0.2591
1628524269453000,0,483.03710000,0.2595
1628524313780000,0,6639.13371924,0.2595
1628524314086000,0,1056.65575127,0.2596
1628524405299000,0,815.23583664,0.2597
1628524405485000,0,2037.45813000,0.2597
1628524405771000,0,816.14636000,0.2597
1628524426357000,0,500.00000000,0.2600
1628524427311000,0,2128.39968000,0.2600
1628524427381000,0,893.58814961,0.2600
1628524427381000,0,250.00000000,0.2600
1628524427381000,0,1878.39955039,0.2600
1628524479834000,0,755.28821943,0.2599
1628524610166000,1,200.89532900,0.2597
1628524962614000,1,3860.61630000,0.2586
1628524976923000,0,119.62591347,0.2590
1628525019334000,1,3869.28023649,0.2580
1628525019334000,1,9680.54145331,0.2580
1628525418810000,1,3858.02469136,0.2590
1628525418810000,1,671.01878690,0.2590
1628525444232000,1,3857.63773000,0.2590
1628525444303000,1,0.00000696,0.2590
1628525444303000,1,3858.02468304,0.2589
1628525444341000,1,0.00000832,0.2589
1628525604355000,1,4200.00000000,0.2584
1628525604355000,1,1177.10400000,0.2583
1628526278143000,0,328.61374782,0.2590
1628526553968000,1,4200.00000000,0.2577
1628526555113000,1,49593.08350926,0.2577
1628526555178000,1,16800.00000000,0.2577
1628526555194000,1,5500.00000000,0.2577
1628527074591000,1,176.75430263,0.2573
1628527379869000,1,580.17728009,0.2572
1628527920315000,1,231.29173172,0.2581
1628528124560000,0,114.50825389,0.2580
1628528218860000,0,482.10614800,0.2581
1628528329840000,0,331.58185826,0.2583
1628528329840000,0,53.59196622,0.2583
1628528346043000,0,334.07903073,0.2583
1628528400310000,1,1178.88048809,0.2579
1628528668341000,0,96.60000000,0.2595
1628528718789000,0,1733.19118837,0.2594
1628529008244000,1,3861.06349133,0.2588
1628529008244000,1,2000.00000000,0.2588
1628529008244000,1,2580.00725229,0.2588
1628529199705000,0,2000.00000000,0.2585
1628529199705000,0,1872.27382000,0.2585
1628529199790000,0,162.70180000,0.2585
1628529304567000,0,346.64409000,0.2582
1628529314105000,0,0.00000346,0.2582
1628529502959000,0,182.88066862,0.2584
1628529772487000,0,114.33988547,0.2586
1628529819819000,1,1000.00000000,0.2578
1628529819840000,1,2875.99903875,0.2578
1628529819928000,1,8000.00000000,0.2577
1628529856308000,0,297.22040000,0.2574
1628529892353000,0,3881.95743000,0.2578
1628529955336000,1,80.00000000,0.2572
1628530389531000,0,300.00000000,0.2581
1628530440269000,1,827.84685214,0.2581
1628530680264000,1,287.58637355,0.2585
1628531256481000,0,500.00000000,0.2582
1628531256481000,0,3546.38311386,0.2582
1628531443304000,0,300.00000000,0.2584
1628531537186000,1,1647.00000000,0.2582
1628531537186000,1,3869.37006655,0.2582
1628531537186000,1,203.76233461,0.2581
1628531537186000,1,9673.57418924,0.2581
1628531537186000,1,12247.76922876,0.2581
1628531537188000,1,12904.71842897,0.2581
1628531537188000,1,2033.00000000,0.2580
1628531537188000,1,210.67591137,0.2580
1628531537188000,1,3000.00000000,0.2580
1628531537188000,1,24703.27730726,0.2580
1628531537188000,1,5275.57000000,0.2580
1628531537188000,1,6379.00000000,0.2579
1628531537188000,1,191.22227505,0.2579
1628531537305000,1,2033.00000000,0.2573
1628531537305000,1,198.60972614,0.2572
1628531537305000,1,1938.11694469,0.2572
1628531537377000,1,1207.37732917,0.2580
1628531537782000,1,1649.00000000,0.2579
1628531558310000,0,3882.19907000,0.2578
1628531808022000,0,36649.96525000,0.2573
1628531808063000,0,0.00000901,0.2573
1628532204487000,0,244.49185415,0.2577
1628532246170000,0,2595.44180000,0.2579
1628532490890000,1,483.82369830,0.2573
1628532870222000,0,347.29015744,0.2579
1628532911875000,0,131.00046535,0.2579
1628533045732000,0,131.00040000,0.2577
1628533265718000,1,3877.53202000,0.2577
1628533320271000,1,834.10480692,0.2577
1628533331403000,1,2000.00000000,0.2577
1628533467014000,0,1060.79410738,0.2580
1628533540199000,1,1200.00000000,0.2578
1628533540260000,1,2834.10480000,0.2578
1628533629110000,1,3875.06781000,0.2579
1628533629346000,1,9686.24258000,0.2578
1628533757943000,1,1700.80538000,0.2583
1628533784200000,1,0.00000991,0.2583
1628533835626000,1,4200.00000000,0.2581
1628533835626000,1,4200.00000000,0.2580
1628533835626000,1,8239.40168313,0.2580
1628533835626000,1,3872.60672904,0.2580
1628533835626000,1,4460.61400000,0.2580
1628533835626000,1,770.80071241,0.2579
1628533884869000,0,8151.00000000,0.2586
1628533884904000,0,121387.11000000,0.2586
1628533885088000,0,3868.08730000,0.2587
1628533885133000,0,0.00008938,0.2587
1628533885133000,0,9670.14906119,0.2588
1628533885133000,0,23929.85084943,0.2588
1628534160085000,1,8400.00000000,0.2590
1628534160126000,1,9774.79668077,0.2590
1628534160248000,1,104.19080002,0.2588
1628534368117000,1,4558.10447000,0.2591
1628534377235000,0,3835.19963057,0.2592
1628534401781000,0,500.00000000,0.2591
1628534404330000,0,3835.19960000,0.2592
1628534404379000,0,29165.55216485,0.2592
1628534404407000,0,16800.00000000,0.2592
1628534404464000,0,1977.24823515,0.2592
1628534551081000,0,5500.00000000,0.2600
1628534551819000,0,5000.00000000,0.2600
1628534551880000,0,8000.00000000,0.2600
1628534559804000,0,9000.00000000,0.2600
1628534559871000,0,10500.00000000,0.2600
1628534560028000,0,3278.00000000,0.2600
1628534560090000,0,10500.00000000,0.2600
1628534560331000,0,1030.90738013,0.2600
1628534560331000,0,1780.13862987,0.2600
1628534573402000,0,0.00000492,0.2600
1628534573790000,0,304.10788000,0.2601
1628534573857000,0,0.00000381,0.2601
1628534573857000,0,17830.99999619,0.2601
1628534573980000,0,0.00000381,0.2601
1628534573980000,0,499.99999619,0.2601
1628534639815000,1,550.00000000,0.2598
1628534707021000,0,500.00000000,0.2597
1628534707021000,0,3785.64381135,0.2597
1628534791523000,0,0.00000381,0.2601
1628534791523000,0,1089.73634480,0.2602
1628534801604000,0,302.80905353,0.2602
1628534880272000,1,283.57189656,0.2595
1628535021461000,1,3861.80902000,0.2587
1628535021526000,1,0.00000582,0.2587
1628535021545000,1,3858.41170000,0.2587
1628535117277000,0,384.55068599,0.2587
1628535289218000,0,8243.44069000,0.2584
1628535289294000,0,0.00000212,0.2584
1628535289294000,0,687.35959788,0.2584
1628535291081000,0,384.69936207,0.2586
1628535485087000,1,22136.89331000,0.2581
1628535510924000,0,384.69940000,0.2582
1628535560762000,1,2000.00000000,0.2581
1628535560762000,1,2625.11011528,0.2581
1628535773805000,0,1927.37163444,0.2581
1628535805227000,1,10445.29461780,0.2579
1628535812257000,1,2809.41004835,0.2579
1628535815920000,0,434.75967310,0.2582
1628535843705000,0,1927.37160000,0.2584
1628535930951000,1,607.25522100,0.2582
1628536097215000,1,3863.03232000,0.2587
1628536097278000,1,0.00000585,0.2587
1628536150767000,0,578.52338977,0.2587
1628536217579000,1,268.01281171,0.2586
1628536333182000,1,215.55254740,0.2588
1628536380898000,0,147.18478303,0.2589
1628536493151000,0,2770.26547954,0.2589
1628536493224000,0,118.45280000,0.2589
1628536510250000,1,5639.61666154,0.2588
1628536569306000,0,2000.00000000,0.2588
1628536569365000,1,9016.73365000,0.2588
1628536569426000,1,0.00000280,0.2588
1628536753982000,1,1836.82073000,0.2586
1628536760817000,1,0.00000099,0.2586
1628536907803000,1,4200.00000000,0.2586
1628536907803000,1,85.64381135,0.2586
1628537040320000,1,1954.42392847,0.2584
1628537212226000,1,83.33736221,0.2583
1628537493013000,1,397.53683100,0.2579
1628537567929000,0,699.97432123,0.2582
1628537741301000,1,3884.52090000,0.2573
1628537741423000,1,0.00006088,0.2573
1628537741469000,1,2269.90300000,0.2572
1628537741682000,1,7443.43645000,0.2572
1628537741738000,1,0.00000711,0.2572
1628537741838000,1,3884.52096088,0.2572
1628537741838000,1,9711.45283253,0.2571
1628537742458000,0,262.16089650,0.2571
1628537758330000,1,9244.00300000,0.2568
1628537758393000,1,481.95793659,0.2568
1628537758393000,1,3889.93052584,0.2568
1628537758393000,1,29228.11153757,0.2568
1628537758412000,1,16800.00000000,0.2568
1628537758757000,1,8000.00000000,0.2567
1628537821896000,1,3897.29839275,0.2560
1628537821896000,1,8602.70160725,0.2560
1628537841657000,1,196.13709988,0.2563
1628537884778000,1,2000.00000000,0.2562
1628537884778000,1,770.26547954,0.2562
1628538766943000,1,704.24160000,0.2560
1628538845322000,0,2214.00000000,0.2559
1628538845518000,0,3908.90683000,0.2560
1628538923157000,1,217.87659217,0.2550
1628538923346000,1,1500.00000000,0.2550
1628539218213000,0,2244.00000000,0.2564
1628539218213000,0,2000.00000000,0.2564
1628539218213000,0,99.91657236,0.2564
1628539462367000,1,217.87650000,0.2563
1628539622262000,0,1000.00000000,0.2566
1628539622262000,0,2873.80686700,0.2566
1628539705084000,0,2873.80680000,0.2567
1628539705170000,0,5426.65450000,0.2567
1628539935833000,0,116.29105146,0.2567
1628539993325000,0,193.62979683,0.2569
1628540119787000,0,309.92070000,0.2569
1628540119902000,0,7982.58150000,0.2569
1628540326610000,0,463.77297444,0.2575
1628540400784000,0,382.58370232,0.2575
1628540416638000,1,1500.00000000,0.2575
1628540417296000,1,500.00000000,0.2575
1628540430011000,1,388.99999999,0.2574
1628540459908000,0,382.58370000,0.2576
1628540876537000,1,0.00000001,0.2574
1628541040800000,0,1000.00000000,0.2564
1628541065405000,1,639.21568627,0.2550
1628541065429000,1,3902.19224283,0.2550
1628541076526000,0,5344.00000000,0.2544
1628541148732000,1,500.00000000,0.2535
1628541186912000,0,3179.00000000,0.2534
1628541186992000,0,1000.00000000,0.2534
1628541223213000,1,641.85770750,0.2530
1628541239145000,0,1375.78253000,0.2532
1628541239625000,0,3952.43455000,0.2532
1628541239895000,0,1682.00000000,0.2533
1628541324426000,1,3946.70000000,0.2530
1628541353818000,0,3956.22763000,0.2530
1628541490509000,1,500.00000000,0.2539
1628541725478000,1,4200.00000000,0.2547
1628541725478000,1,2000.00000000,0.2545
1628541725478000,1,204.90901231,0.2545
1628541725478000,1,9808.38342148,0.2545
1628541725478000,1,25502.63226405,0.2545
1628541725478000,1,3924.77016849,0.2545
1628541725478000,1,18253.62967885,0.2545
1628541725478000,1,4238.74120230,0.2545
1628541725880000,0,117.01043055,0.2550
1628541733865000,1,3924.52370000,0.2546
1628541733881000,1,0.00001897,0.2546
1628541734019000,1,158.46590000,0.2545
1628541748280000,0,140.00000000,0.2547
1628541766726000,1,612.35154000,0.2543
1628541915847000,1,286.25399593,0.2538
1628542371092000,0,4200.00000000,0.2537
1628542371092000,0,7087.00000000,0.2537
1628542371092000,0,8397.10261417,0.2537
1628542371092000,0,1417.05601185,0.2538
1628542371092000,0,18795.27433283,0.2539
1628542371092000,0,16790.57963754,0.2539
1628542371092000,0,2310.68683258,0.2539
1628542440262000,1,360.47115558,0.2535
1628542451866000,1,4200.00000000,0.2534
1628542451866000,1,3942.96934565,0.2534
1628542451866000,1,8397.30511132,0.2534
1628542451866000,1,4460.61400000,0.2533
1628542451866000,1,9857.65545523,0.2533
1628542451866000,1,16793.14403227,0.2533
1628542451866000,1,3942.50298330,0.2533
1628542451866000,1,7403.50850120,0.2532
1628542733385000,1,500.00000000,0.2525
1628542747749000,1,146.72500000,0.2520
1628542748903000,1,1481.80618000,0.2520
1628542750412000,0,1509.54110990,0.2520
1628542751042000,0,6000.00000000,0.2521
1628542751151000,0,1509.54110000,0.2521
1628542772301000,1,0.00000552,0.2520
1628542772906000,1,147.93879000,0.2520
1628542773814000,1,0.00000900,0.2520
1628542819032000,0,3961.56206000,0.2526
1628542890682000,0,3951.55877000,0.2532
1628542890753000,0,0.00000712,0.2532
1628542890753000,0,1500.00000000,0.2533
1628542890753000,0,1771.32001481,0.2533
1628542891304000,0,9877.36266000,0.2535
1628542923442000,1,236.80008510,0.2541
1628543106256000,0,215.76395678,0.2536
1628543280266000,1,770.29306778,0.2538
1628543280320000,1,236.80000000,0.2538
1628543709633000,0,201.34480702,0.2517
1628543710175000,1,2000.00000000,0.2517
1628543710175000,1,1691.00000000,0.2517
1628543710175000,1,1909.00000000,0.2517
1628543839587000,1,26325.14000000,0.2512
1628543839602000,1,0.00629194,0.2512
1628543844559000,0,265.33200090,0.2507
1628543845408000,1,500.00000000,0.2504
1628543865371000,0,1643.80904663,0.2505
1628543912572000,0,1909.14100000,0.2505
1628543912643000,0,2086.89620000,0.2505
1628543958431000,0,3986.31780000,0.2512
1628543965017000,1,4200.00000000,0.2513
1628543965017000,1,500.00000000,0.2513
1628543965017000,1,300.00000000,0.2513
1628544228251000,1,4200.00000000,0.2507
1628544632329000,1,1999.99999999,0.2515
1628545027806000,1,236.80008520,0.2525
1628545154713000,0,186.52543510,0.2534
1628545188568000,1,177.81078838,0.2530
1628545236998000,1,33500.00000000,0.2543
1628545237048000,1,7500.00000000,0.2543
1628545237105000,1,9000.00000000,0.2543
1628545237163000,1,5000.00000000,0.2543
1628545239682000,0,2444.00000000,0.2546
1628545801087000,0,3930.35388000,0.2546
1628545940286000,0,8386.14466000,0.2541
1628546101536000,0,0.00000222,0.2541
1628546101536000,0,2000.00000000,0.2543
1628546101536000,0,8382.54135127,0.2543
1628546101536000,0,162.38628788,0.2544
1628546232328000,0,1680.00000000,0.2536
1628546461421000,0,3946.95244000,0.2536
1628546461549000,0,0.00000119,0.2536
1628546461549000,0,1680.99999881,0.2536
1628546461946000,0,3946.26711000,0.2537
1628546483145000,0,98.58044164,0.2544
1628546783061000,0,392.59256400,0.2533
1628546800382000,1,953.06944000,0.2531
1628546815984000,1,0.00000773,0.2531
1628547658125000,1,3941.16626000,0.2535
1628547753673000,1,9851.36248935,0.2535
1628547753673000,1,3940.48294559,0.2535
1628547768243000,1,3941.41481026,0.2534
1628547824207000,0,5902.40374753,0.2535
1628547949982000,1,3940.51400065,0.2535
1628547949982000,1,3559.48599935,0.2535
1628547950035000,1,5620.48239000,0.2535
1628547960282000,1,145.16035669,0.2532
1628547970122000,1,3797.00026270,0.2532
1628547970122000,1,5202.99973730,0.2532
1628547970245000,1,4660.87866000,0.2532
1628548296822000,1,3944.11971000,0.2533
1628548297089000,1,0.00000192,0.2533
1628548297089000,1,3944.11970808,0.2533
1628548297484000,1,0.00000384,0.2533
1628548302638000,1,3946.39220824,0.2531
1628548302638000,1,553.60779176,0.2531
1628548302692000,1,9311.51616812,0.2531
1628548411829000,1,3940.23452000,0.2535
1628548422367000,1,3942.12953000,0.2534
1628548510489000,1,3943.21766000,0.2534
1628548615419000,0,4500.00000000,0.2535
1628548632836000,0,5186.21595000,0.2536
1628548632905000,0,3206.90693000,0.2536
1628548677589000,1,9851.67305900,0.2535
1628548677589000,1,3940.60716875,0.2535
1628548704438000,1,3943.52866000,0.2534
1628548743794000,1,3937.10087000,0.2538
1628548743869000,1,0.00000640,0.2538
1628548782268000,1,3938.37234000,0.2537
1628548782334000,1,0.00000948,0.2537
1628548993950000,0,4112.09494000,0.2538
1628548994029000,0,4000.00000000,0.2538
1628549029928000,0,4000.00000000,0.2538
1628549030188000,0,4384.59305000,0.2538
1628549038873000,0,0.00000849,0.2538
1628549058110000,1,3929.73631000,0.2541
1628549119968000,1,3936.82188000,0.2538
1628549120031000,1,0.00000243,0.2538
1628549197385000,1,3926.52682000,0.2544
1628549197446000,1,0.00000996,0.2544
1628549197446000,1,9817.01055009,0.2544
1628549197446000,1,3926.74268841,0.2543
1628549206561000,1,3930.81761000,0.2541
1628549241365000,1,3929.55100950,0.2542
1628549241365000,1,1731.13942050,0.2542
1628549241435000,1,5000.00000000,0.2542
1628549241505000,1,3092.12015000,0.2542
1628549241646000,1,0.00000987,0.2542
1628549291266000,0,4100.00000000,0.2546
1628549402685000,0,1500.00000000,0.2551
1628549402861000,0,2600.00000000,0.2553
1628549437249000,1,3918.77170019,0.2550
1628549437265000,1,0.00000001,0.2550
1628549437334000,1,5377.10396322,0.2549
1628549437562000,1,3918.77170020,0.2548
1628549437562000,1,9795.54683582,0.2548
1628549466970000,0,8360.51770000,0.2547
1628549468925000,0,0.00000726,0.2547
1628549468925000,0,819.07377609,0.2547
1628549492778000,0,8360.16107000,0.2547
1628549494480000,0,0.00000561,0.2547
1628549494480000,0,5999.99999439,0.2547
1628549496210000,0,2360.16108000,0.2547
1628549498957000,0,0.00000122,0.2547
1628549500096000,0,4100.00000000,0.2550
1628549881817000,0,4100.00000000,0.2553
1628549881890000,0,4236.77491375,0.2553
1628549881890000,0,12163.22508625,0.2553
1628549937871000,1,49998.89942140,0.2554
1628549938400000,1,2000.00000000,0.2553
1628549938400000,1,3909.97669654,0.2553
1628549975596000,1,3903.13968000,0.2559
1628549975900000,1,0.00000556,0.2559
1628549975949000,1,3903.13968000,0.2559
1628549976396000,1,0.00000556,0.2559
1628549986580000,1,3908.02082000,0.2556
1628549986629000,1,0.00000193,0.2556
1628549986629000,1,9771.96084807,0.2556
1628549986643000,1,0.00001174,0.2556
1628550002996000,1,3910.16016016,0.2555
1628550608283000,0,2033.00000000,0.2559
1628551048833000,1,3902.65224000,0.2561
1628551048888000,1,0.00000246,0.2561
1628551280159000,1,231.78320323,0.2553
1628551688656000,0,4100.00000000,0.2554
1628551969550000,0,3781.51210000,0.2547
1628551969625000,0,3868.21680000,0.2547
1628551969699000,0,2185.78320000,0.2547
1628551971422000,0,3927.93440000,0.2548
1628551971505000,0,0.00000739,0.2548
1628551971666000,0,3927.51380521,0.2548
1628551986494000,0,5000.00000000,0.2548
1628551986575000,0,821.51316316,0.2549
1628551986585000,0,2592.99900000,0.2549
1628551991489000,0,5367.00000000,0.2549
1628552172386000,0,5555.00000000,0.2547
1628552172587000,0,3927.97662000,0.2547
1628552299000000,0,4087.00000000,0.2543
1628552299075000,0,367.00000000,0.2544
1628552352711000,1,738.77666381,0.2544
1628552423506000,0,3129.00000000,0.2546
1628552423686000,0,3929.95987000,0.2547
1628552423785000,0,0.00000778,0.2547
1628552423785000,0,9499.99999222,0.2547
1628552423849000,0,7000.00000000,0.2547
1628552639575000,1,738.77660000,0.2542
1628552772286000,0,437.14449117,0.2544
