timestamp ms,type,amount,price
1628640163172000,0,1138.69440000,0.2653
1628640163246000,0,3770.31255891,0.2654
1628640163246000,0,6790.99294109,0.2655
1628640623769000,1,3755.24795902,0.2659
1628640777757000,0,3900.00000000,0.2661
1628640935737000,0,3900.00000000,0.2668
1628641191042000,0,3742.40000000,0.2674
1628641191112000,0,0.00936465,0.2674
1628641191112000,0,7799.99073535,0.2674
1628641200316000,0,144.78527450,0.2675
1628641259152000,0,15600.00000000,0.2681
1628641259152000,0,144.78530000,0.2681
1628641478575000,1,3561.18455000,0.2694
1628641486055000,0,1586.00000000,0.2692
1628641486055000,0,2414.00000000,0.2692
1628641486119000,0,1303.52739000,0.2692
1628641502927000,1,3900.00000000,0.2695
1628641530686000,0,1582.00000000,0.2697
1628641532227000,0,51100.30000000,0.2700
1628641532227000,0,0.00917210,0.2700
1628641532227000,0,1650.00000000,0.2700
1628641532227000,0,305.59302581,0.2700
1628641532227000,0,5507.86288541,0.2700
1628641532227000,0,1000.00000000,0.2700
1628641532227000,0,2444.15000000,0.2700
1628641532227000,0,0.00384615,0.2700
1628641532227000,0,1031.11107053,0.2700
1628641532260000,0,0.00082282,0.2700
1628641569139000,1,942.24580078,0.2699
1628641614632000,1,3705.54270000,0.2697
1628641614692000,1,0.00005085,0.2697
1628641614692000,1,4697.88754915,0.2696
1628641672097000,0,3711.63000000,0.2697
1628641795470000,0,1504.75285109,0.2699
1628641795485000,0,1504.75285109,0.2699
1628641834961000,0,3009.50550000,0.2708
1628641868468000,1,1575.00000000,0.2707
1628642016133000,1,4000.00000000,0.2698
1628642016237000,1,3901.58789000,0.2698
1628642025590000,1,0.00000040,0.2698
1628642099859000,0,925.81140481,0.2694
1628642132984000,0,21358.33000000,0.2690
1628642133060000,0,925.81140000,0.2690
1628642133470000,0,97719.10000000,0.2690
1628642133556000,0,0.00860000,0.2690
1628642221811000,0,1590.00000000,0.2685
1628642221884000,0,3112.02300000,0.2686
1628642222021000,0,0.00000364,0.2686
1628642576763000,1,1098.93950000,0.2699
1628642691067000,0,2358.15408000,0.2697
1628642819294000,0,2010.00000000,0.2712
1628642838331000,1,3006.00000000,0.2711
1628642974610000,0,28887.70001181,0.2707
1628642974612000,0,28887.70001181,0.2707
1628642974690000,0,1600.42790000,0.2708
1628643033726000,0,6647.84592000,0.2715
1628643033956000,0,4500.00000000,0.2715
1628643034054000,0,6385.98833000,0.2715
1628643034208000,0,4003.75083851,0.2715
1628643036009000,1,3900.00000000,0.2716
1628643263942000,0,500.00000000,0.2709
1628643550692000,0,6114.01167000,0.2707
1628643550757000,0,36000.00000000,0.2707
1628643550830000,0,9500.00000000,0.2707
1628643550901000,0,5500.00000000,0.2707
1628643551122000,0,5000.00000000,0.2707
1628643552365000,0,5000.00000000,0.2707
1628643687519000,1,1579.00000000,0.2701
1628643723291000,1,2062.00000000,0.2701
1628643792944000,1,2062.00000000,0.2701
1628643804858000,1,3900.00000000,0.2698
1628643848526000,1,2000.00000000,0.2697
1628643848526000,1,1582.00000000,0.2697
1628643848619000,1,2062.00000000,0.2697
1628643974998000,0,1383.10051967,0.2702
1628643974998000,0,3457.67948033,0.2702
1628644006109000,0,1274.47419777,0.2698
1628644006109000,0,2000.00000000,0.2699
1628644006109000,0,17664.40425333,0.2699
1628644006109000,0,7912.33301802,0.2699
1628644006109000,0,3186.24095357,0.2699
1628644006109000,0,957.62089805,0.2700
1628644193938000,1,2263.00000000,0.2695
1628644194040000,1,3709.58408000,0.2694
1628644515226000,0,1283.15000000,0.2707
1628644525726000,1,5978.00000000,0.2709
1628644526201000,1,4192.45104000,0.2708
1628644548914000,1,3900.00000000,0.2714
1628644562468000,0,929.69268000,0.2714
1628644682878000,0,898.10273000,0.2713
1628644689302000,1,1572.00000000,0.2712
1628644928247000,1,1573.00000000,0.2711
1628644928306000,1,2911.00000000,0.2710
1628645155705000,0,607.65493812,0.2720
1628645155705000,0,418.11002837,0.2720
1628645155705000,0,999.99503351,0.2720
1628645176761000,0,0.00496649,0.2720
1628645233808000,1,4460.61400000,0.2721
1628645233808000,1,1273.18584000,0.2721
1628645297022000,1,3900.00000000,0.2715
1628645297437000,1,2000.00000000,0.2714
1628645297437000,1,3900.00000000,0.2714
1628645964017000,1,3689.24730000,0.2708
1628645964089000,1,1500.00000000,0.2707
1628646221867000,0,940.82000000,0.2710
1628646221869000,0,2959.18000000,0.2710
1628646382051000,1,1000.00000000,0.2704
1628646419602000,0,3900.00000000,0.2706
1628646655714000,0,3900.00000000,0.2710
1628646679505000,0,3900.00000000,0.2709
1628647015086000,0,3900.00000000,0.2714
1628647045929000,0,2000.00000000,0.2714
1628647046002000,0,2000.00000000,0.2714
1628647364610000,0,7092.38000000,0.2723
1628647364756000,0,0.00988273,0.2723
1628647364756000,0,1565.99011727,0.2723
1628648289974000,0,7855.10172491,0.2716
1628648289974000,0,4460.61400000,0.2716
1628648618978000,0,1578.00000000,0.2702
1628648679543000,0,183.96405857,0.2704
1628649062923000,0,3900.00000000,0.2698
1628649063251000,1,3900.00000000,0.2696
1628649063251000,1,22.11298578,0.2696
1628649337291000,1,2062.00000000,0.2686
1628649427082000,1,2062.00000000,0.2685
1628650719205000,1,140.43060419,0.2688
1628650753406000,0,109.94121586,0.2692
1628651227502000,0,539.47290000,0.2702
1628651257998000,0,3896.10228408,0.2701
1628651568636000,0,3896.10220000,0.2706
1628652095875000,1,3673.17553000,0.2720
1628652095931000,1,0.00000371,0.2720
1628652095945000,1,3671.12586087,0.2720
1628652207524000,0,1623.37230916,0.2722
1628652787870000,1,3670.55990721,0.2722
1628652787870000,1,4316.67586236,0.2721
1628653136892000,1,3671.01804000,0.2722
1628653232208000,1,3674.55225000,0.2717
1628653235107000,1,3679.09464839,0.2716
1628653235107000,1,220.90535161,0.2716
1628653445342000,1,3627.87874000,0.2718
1628653697016000,0,2720.09510000,0.2729
1628653697430000,0,161.01847000,0.2729
1628653697536000,0,0.00000363,0.2729
1628653697536000,0,6434.82280431,0.2730
1628653721377000,1,220.90530000,0.2730
1628653725764000,1,2000.00000000,0.2730
1628653725834000,1,2000.00000000,0.2730
1628653725834000,1,1659.43800000,0.2730
1628653725923000,1,2000.00005669,0.2730
1628653726084000,1,3659.43805669,0.2729
1628653731908000,1,3666.01167000,0.2725
1628653731963000,1,0.00000258,0.2725
1628653800284000,0,308.60097431,0.2729
1628653885017000,1,3664.13108000,0.2727
1628653885074000,1,0.00000795,0.2727
1628653885712000,1,3664.37276000,0.2727
1628653999672000,1,313.03515200,0.2727
1628654168439000,1,1604.49585000,0.2728
1628654168521000,1,2057.22010000,0.2728
1628654247863000,1,3659.57197000,0.2731
1628654247922000,1,0.00000646,0.2731
1628654247922000,1,9150.19009354,0.2730
1628654280258000,0,181.05653623,0.2732
1628654343328000,0,489.65740000,0.2738
1628654343903000,0,452.65439000,0.2739
1628654347518000,0,0.00000905,0.2739
1628654361299000,0,75.88174589,0.2741
1628654368647000,0,3642.66876484,0.2748
1628654369461000,0,1500.00000000,0.2750
1628654369461000,0,1000.00000000,0.2750
1628654383913000,1,3900.00000000,0.2745
1628654479366000,0,1910.66941000,0.2763
1628654506060000,1,3900.00000000,0.2755
1628654581322000,0,0.00000371,0.2763
1628654644678000,1,2890.00000000,0.2769
1628654646179000,1,75.83965330,0.2769
1628654670774000,0,200.00000000,0.2772
1628654672345000,0,3606.43676000,0.2775
1628654672469000,0,0.00000834,0.2775
1628654672469000,0,3606.43675166,0.2776
1628654696292000,1,3601.54731000,0.2774
1628654707109000,0,2000.00000000,0.2781
1628654711372000,1,3595.72450000,0.2778
1628654724708000,0,2000.00000000,0.2783
1628654724807000,0,266.19159000,0.2783
1628654736128000,1,3591.20070000,0.2782
1628654736194000,1,0.00003239,0.2782
1628654736194000,1,613.07476761,0.2782
1628654736202000,1,2977.74420000,0.2782
1628654748831000,0,0.00000650,0.2783
1628654750964000,0,2000.00000000,0.2788
1628654754537000,0,3900.00000000,0.2790
1628654766141000,0,1500.00000000,0.2795
1628654773073000,0,7000.00000000,0.2798
1628654773234000,0,3781.96820000,0.2798
1628654774280000,0,5600.00000000,0.2800
1628654774280000,0,620.54657452,0.2800
1628654774280000,0,500.00000000,0.2800
1628654774280000,0,5065.99999548,0.2800
1628654777333000,0,0.00000452,0.2800
1628654777333000,0,290.73605112,0.2804
1628654777428000,0,1709.26394000,0.2804
1628654780600000,0,0.00000888,0.2804
1628654780600000,0,3566.68995112,0.2806
1628654783865000,1,2000.00000000,0.2801
1628654783865000,1,1566.77051000,0.2801
1628654783926000,1,2000.00000000,0.2801
1628654783926000,1,2000.00000168,0.2801
1628654784221000,1,5801.63655000,0.2801
1628654794098000,1,3572.46200290,0.2796
1628654794119000,1,3571.17348761,0.2795
1628654826526000,1,3585.33129265,0.2787
1628654840449000,0,3597.50790000,0.2783
1628654840525000,0,0.00008607,0.2783
1628654840525000,0,302.49191393,0.2784
1628654840571000,0,3295.01590000,0.2784
1628654876797000,0,1784.47790530,0.2788
1628654928178000,1,3597.74043007,0.2777
1628654928178000,1,3594.33038392,0.2777
1628654928178000,1,8407.92918601,0.2776
1628654928210000,1,2062.00000000,0.2771
1628654928821000,1,3594.33038392,0.2775
1628654928821000,1,3597.74043007,0.2775
1628654931239000,0,1784.47800000,0.2777
1628654931312000,0,1820.68459283,0.2777
1628654931312000,0,2000.00000000,0.2777
1628654931312000,0,1605.37040717,0.2777
1628654931386000,0,2000.00015281,0.2777
1628655008429000,1,3597.16401000,0.2777
1628655010661000,1,3599.64486000,0.2775
1628655035391000,1,2000.00000000,0.2765
1628655157087000,1,100.00000000,0.2764
1628655317936000,1,3603.17259000,0.2773
1628655318133000,1,0.00000651,0.2773
1628655318133000,1,5499.99999349,0.2773
1628655318499000,1,2096.84595000,0.2773
1628655324192000,1,5603.17259000,0.2770
1628655325776000,1,4000.00000000,0.2770
1628655325833000,1,4000.00000000,0.2770
1628655325893000,1,1500.00000000,0.2770
1628655330392000,1,46247.97287828,0.2770
1628655330518000,1,15600.00000000,0.2770
1628655330896000,1,23048.85453172,0.2770
1628655365746000,0,3608.59712000,0.2773
1628655365809000,0,0.00000178,0.2773
1628655365872000,0,9020.51880000,0.2774
1628655384002000,0,2000.00000000,0.2780
1628655384002000,0,3599.86750000,0.2780
1628655384079000,0,0.00002488,0.2780
1628655384079000,0,8999.60799807,0.2781
1628655384079000,0,7680.83347705,0.2781
1628655384530000,0,3600.02304015,0.2781
1628655384744000,0,3599.86752488,0.2782
1628655384744000,0,8999.60798512,0.2782
1628655385304000,1,3900.00000000,0.2782
1628655497526000,1,3587.71446000,0.2786
1628655561147000,1,2062.00000000,0.2778
1628655561207000,1,1838.00000000,0.2777
1628655660297000,0,3599.91936000,0.2780
1628655818540000,0,3729.63086668,0.2778
1628655835301000,1,6000.00000000,0.2776
1628655835658000,1,3600.56519873,0.2776
1628655837809000,0,3900.00000000,0.2776
1628655841968000,1,3600.67116000,0.2775
1628655977419000,0,2000.00000000,0.2781
1628655977502000,0,1900.00000000,0.2782
1628656080248000,0,357.42385630,0.2781
1628656119521000,0,3597.30346133,0.2782
1628656269390000,0,3900.00000000,0.2782
1628656430846000,0,400.00000000,0.2772
1628656533771000,0,1500.00000000,0.2767
1628656541841000,1,1357.23500497,0.2764
1628656560298000,0,185.37798578,0.2763
1628656601395000,0,3157.42380000,0.2760
1628656601479000,0,3625.99980000,0.2760
1628656635651000,1,3625.39679248,0.2756
1628656635651000,1,8874.60320752,0.2756
1628656667073000,0,3627.97312000,0.2759
1628656667333000,0,0.00000398,0.2759
1628656667333000,0,9066.51420602,0.2760
1628656667461000,0,0.00001113,0.2760
1628656667461000,0,2432.40233207,0.2760
1628656667518000,0,21139.38259532,0.2760
1628657089934000,0,94.58590291,0.2766
1628657151794000,1,182.60566300,0.2768
1628657201091000,1,2000.00000000,0.2775
1628657277778000,1,182.60560000,0.2773
1628657305381000,0,168.92040573,0.2770
1628657375741000,0,103.16703352,0.2771
1628657565367000,0,89.96932981,0.2765
1628657576315000,1,3620.11917000,0.2761
1628657653840000,1,100.00000000,0.2759
1628657744027000,1,7731.29823000,0.2759
1628658007944000,0,239.40520000,0.2759
1628658007970000,0,0.00002452,0.2759
1628658011214000,0,122.65150000,0.2759
1628658041934000,1,1313.02521008,0.2757
1628658216444000,0,1083.72581112,0.2762
1628658601203000,0,3900.00000000,0.2762
1628658689017000,0,3900.00000000,0.2765
1628658689085000,0,4983.72580000,0.2765
1628658709790000,0,2000.00000000,0.2770
1628658710035000,0,1900.00000000,0.2771
1628658710036000,0,1711.20330000,0.2771
1628658711514000,0,288.79670000,0.2774
1628658733946000,1,206.16514600,0.2768
1628658742892000,1,3900.00000000,0.2769
1628658763952000,0,1000.00000000,0.2772
1628658763952000,0,3900.00000000,0.2772
1628658763952000,0,4659.27036970,0.2772
1628658986195000,0,5000.00000000,0.2764
1628659055350000,1,363.85070500,0.2760
1628659076789000,1,111.26169600,0.2760
1628659102351000,0,3621.82366065,0.2763
1628659102351000,0,1378.17633935,0.2763
1628659122539000,1,1960.00000000,0.2761
1628659200316000,0,110.29694926,0.2761
1628659227939000,0,3900.00000000,0.2761
1628659239044000,0,3900.00000000,0.2760
1628659408570000,0,3621.14160000,0.2763
1628659408638000,0,3608.84260000,0.2763
1628659446165000,1,96.36510800,0.2762
1628659526079000,0,3900.00000000,0.2764
1628659526079000,0,1354.01171875,0.2765
1628659663533000,1,191.88564700,0.2761
1628659746934000,1,381.62381238,0.2761
1628660033807000,1,1000.00000000,0.2773
1628660043474000,0,617.97955719,0.2774
1628660147456000,0,500.00000000,0.2782
1628660147456000,0,3348.10500000,0.2782
1628660158345000,1,3900.00000000,0.2783
1628660158577000,1,3590.12285000,0.2783
1628660178424000,0,71.42780230,0.2786
1628660317884000,1,2000.00000000,0.2785
1628660317884000,1,7654.69913427,0.2785
1628660317884000,1,4460.61400000,0.2783
1628660317884000,1,3588.96322030,0.2783
1628660317884000,1,2295.72364543,0.2783
1628660324241000,0,2000.00000000,0.2785
1628660358938000,0,3900.00000000,0.2784
1628660434191000,0,89.21108879,0.2788
1628660489575000,1,7664.88926000,0.2781
1628660632494000,0,2853.00000000,0.2782
1628660633090000,0,3595.60000000,0.2783
1628660633117000,0,0.00813479,0.2783
1628661172548000,0,3822.00000000,0.2777
1628661219325000,1,90.60498800,0.2773
1628661367182000,0,329.10754159,0.2775
1628661562724000,1,2000.00000000,0.2774
1628661802922000,1,173.24329500,0.2784
1628662028601000,0,2689.27215872,0.2782
1628662067969000,0,170.02546945,0.2780
1628662099332000,1,7678.85765000,0.2778
1628662264713000,0,2587.84023000,0.2774
1628662301981000,1,3900.00000000,0.2777
1628662311853000,0,178.92267855,0.2781
1628662361887000,1,582.30125800,0.2780
1628662436617000,1,3596.55306000,0.2778
1628662452968000,0,1535.00000000,0.2782
1628662452968000,0,3596.49123438,0.2782
1628662452968000,0,1150.20083387,0.2783
1628662459456000,1,3590.97372000,0.2782
1628662459573000,1,0.00000844,0.2782
1628662459573000,1,3591.17999156,0.2782
1628662844313000,0,3577.57668000,0.2797
1628662844416000,0,0.00000808,0.2797
1628662844416000,0,2603.81709192,0.2798
1628662844617000,0,3577.28468867,0.2798
1628662844617000,0,2762.29850133,0.2798
1628662870560000,1,2000.00000000,0.2796
1628662885726000,1,3900.00000000,0.2790
1628662893624000,1,3900.00000000,0.2788
1628662893841000,0,4500.00000000,0.2788
1628662893902000,0,1600.00000000,0.2788
1628662920269000,0,791.35290166,0.2792
1628663090932000,1,7622.05470000,0.2799
1628663090994000,1,0.00008814,0.2799
1628663090994000,1,986.59221186,0.2798
1628663160293000,0,1350.26264254,0.2805
1628663195118000,0,172.25694844,0.2808
1628663195145000,0,0.00000001,0.2808
1628663195188000,0,74.06090769,0.2808
1628663195259000,0,170.56600000,0.2809
1628663195326000,0,0.00006154,0.2809
1628663244466000,0,1179.69650000,0.2806
1628663254596000,0,3900.00000000,0.2807
1628663254596000,0,1522.00000000,0.2808
1628663254596000,0,100396.26000000,0.2808
1628663254596000,0,7607.24757217,0.2809
1628663254596000,0,3109.21465568,0.2809
1628663254596000,0,7774.59646542,0.2809
1628663254596000,0,15217.74833043,0.2809
1628663254596000,0,281.97596454,0.2809
1628663280321000,0,405.02284340,0.2805
1628663289077000,0,2866.40000000,0.2805
1628663289094000,0,0.00499998,0.2805
1628663402523000,1,1303.61000000,0.2805
1628663609065000,0,10000.00000000,0.2807
1628663679181000,0,1248.12097032,0.2807
1628663724579000,0,3900.00000000,0.2808
1628663724579000,0,1272.96446628,0.2809
1628663760297000,0,128.52271740,0.2808
1628663786611000,0,6278.05640000,0.2810
1628663786687000,0,1326.40158375,0.2810
1628663786687000,0,2000.00000000,0.2810
1628663786687000,0,1501.87909140,0.2810
1628663786687000,0,5660.17506858,0.2811
1628663935450000,1,3900.00000000,0.2796
1628663987884000,1,3578.86750317,0.2792
1628663987884000,1,8946.39249683,0.2791
1628663987896000,1,0.00341216,0.2791
1628663998386000,1,3900.00000000,0.2790
1628663999779000,0,5342.89353857,0.2793
1628664076882000,1,3586.28604217,0.2785
1628664076973000,1,4500.00000000,0.2785
1628664076986000,1,4468.28530703,0.2785
1628664160910000,0,121.13554758,0.2765
1628664161553000,1,1621.26445017,0.2759
1628664161585000,1,1621.26445017,0.2759
1628664306917000,1,20000.00000000,0.2773
1628664331305000,1,964.59428306,0.2766
1628664360280000,0,1787.71017233,0.2767
1628664469104000,0,2000.00000000,0.2763
1628664483838000,0,3700.00000000,0.2764
1628664547913000,0,3880.57188187,0.2773
1628664600315000,0,260.40963456,0.2774
1628664641853000,0,2864.53365898,0.2779
1628664641853000,0,537.27039940,0.2779
1628664648462000,0,2000.00000000,0.2776
1628664806589000,1,2000.00000000,0.2777
1628664806589000,1,3000.00000000,0.2777
1628664806645000,1,3000.00000000,0.2777
1628664806645000,1,1780.41190000,0.2777
1628664902920000,1,234.74000000,0.2790
1628664902947000,1,0.00801061,0.2790
1628664903217000,0,3900.00000000,0.2792
1628664903217000,0,1547.11927525,0.2793
1628664915132000,0,3900.00000000,0.2788
1628665200309000,0,183.90048726,0.2777
1628665309748000,0,679.00272959,0.2784
1628665400888000,0,309.17441067,0.2785
1628665413826000,0,2000.00000000,0.2784
1628665413826000,0,7670.55855294,0.2784
1628665413826000,0,3900.00000000,0.2785
1628665413826000,0,10959.96798953,0.2785
1628665413937000,0,183.90040000,0.2784
1628665464799000,0,2740.33460000,0.2788
1628665464942000,0,0.00005388,0.2788
1628665560336000,0,148.30629584,0.2800
1628665631935000,0,1159.66540000,0.2803
1628665644419000,1,3900.00000000,0.2797
1628665807929000,0,937.33999021,0.2799
1628665876849000,0,3900.00000000,0.2797
1628665876849000,0,1526.00000000,0.2797
1628665876849000,0,1780.47397191,0.2798
1628665952352000,0,1528.00000000,0.2795
1628665952352000,0,1189.81380000,0.2795
1628665997284000,0,354.16443061,0.2795
1628666007221000,0,1067.39419294,0.2797
1628666068433000,1,1500.00000000,0.2788
1628666068549000,1,500.00000000,0.2788
1628666172222000,1,3000.00000000,0.2786
1628666419074000,1,3900.00000000,0.2783
1628666419139000,0,3501.85252000,0.2783
1628666422538000,0,0.00000666,0.2783
1628666466176000,0,431.25134766,0.2785
1628666506924000,1,1532.00000000,0.2786
1628666506925000,1,7659.73390793,0.2785
1628666744968000,1,2993.83873687,0.2782
1628667000406000,0,1861.31707934,0.2798
1628667015274000,0,1936.64195000,0.2796
1628667015432000,0,0.00000318,0.2796
1628667015432000,0,4841.57930682,0.2796
1628667287528000,0,1431.00616686,0.2789
1628667352499000,1,300.00000000,0.2788
1628667424954000,1,89.31600915,0.2785
1628667525904000,0,756.79552463,0.2789
1628667600934000,1,3195.95900000,0.2782
1628667600994000,1,395.68770000,0.2782
1628667601051000,1,0.00002807,0.2782
1628667685435000,0,5376.00000000,0.2780
1628667831310000,0,715.81950289,0.2780
1628667894921000,0,7687.94731000,0.2779
1628667967135000,0,141.49007918,0.2784
1628668299234000,0,13083.37156000,0.2770
1628668299307000,0,11500.00000000,0.2770
1628668299368000,0,7000.00000000,0.2770
1628668299429000,0,8416.62844000,0.2770
1628668299605000,1,206.47008152,0.2769
1628668523839000,0,1596.78433000,0.2784
1628668717091000,0,300.00000000,0.2786
1628668717091000,0,450.00000000,0.2786
1628668742530000,1,15400.00000000,0.2786
1628668830388000,1,180.48130800,0.2785
1628668841503000,1,7651.87452385,0.2787
1628668885123000,0,2048.47721317,0.2791
1628668897743000,0,1529.00000000,0.2793
1628669010133000,0,1018.06530245,0.2786
1628669250281000,0,358.03853765,0.2779
1628669304676000,1,500.53000000,0.2773
1628669340825000,1,3603.26600030,0.2773
1628669340825000,1,9008.29221970,0.2773
1628669499761000,0,106.57866263,0.2766
1628669500134000,1,3900.00000000,0.2764
1628669500134000,1,2000.00000000,0.2763
1628669500134000,1,1719.67121940,0.2762
1628669517727000,0,7615.00000000,0.2764
1628669519068000,1,149.71592930,0.2763
1628669605603000,1,24000.00000000,0.2766
1628669606219000,1,6091.50950000,0.2766
1628669606227000,1,11000.00000000,0.2766
1628669606281000,1,5694.33176000,0.2766
1628669606332000,1,2000.00000000,0.2766
1628669607192000,1,12873.40000000,0.2766
1628669610304000,1,0.00246790,0.2766
1628669614943000,0,300.00000000,0.2765
1628669640289000,0,183.97428235,0.2760
1628669672704000,1,330.67528553,0.2760
1628669770622000,1,2858.04931454,0.2764
1628669806044000,1,1521.08232370,0.2762
1628669834139000,1,72.98000000,0.2762
1628669850861000,1,3618.18063405,0.2762
1628669850861000,1,9045.70981330,0.2761
1628669850861000,1,7720.15196604,0.2761
1628669900628000,0,3900.00000000,0.2763
1628669900693000,0,1607.65273000,0.2763
1628669900767000,0,0.00000943,0.2763
1628669906870000,1,3615.61657109,0.2763
1628669906870000,1,3615.77345010,0.2762
1628669906870000,1,3614.38815637,0.2762
1628669947787000,1,3620.80077630,0.2758
1628669947787000,1,9052.06394087,0.2758
1628669947787000,1,5737.41615892,0.2756
1628669948216000,1,3896.10228408,0.2756
1628670016267000,0,638.29550000,0.2752
1628670019785000,0,722.57717584,0.2754
1628670037019000,1,200.00000000,0.2750
1628670043738000,1,431.25134766,0.2749
1628670091790000,0,336.80000000,0.2750
1628670190758000,1,3900.00000000,0.2744
1628670190758000,1,1100.00000000,0.2744
1628670205407000,1,3900.00000000,0.2745
1628670205407000,1,3306.47397191,0.2745
1628670218173000,1,9331.25130000,0.2745
1628670301465000,1,385.00000000,0.2743
1628670316574000,0,3640.80679000,0.2750
1628670316820000,0,0.00000754,0.2750
1628670316820000,0,9102.22836246,0.2751
1628670316879000,0,0.00000848,0.2751
1628670316879000,0,9102.22837094,0.2751
1628670316978000,0,1552.00000000,0.2751
1628670317055000,0,2085.72643000,0.2751
1628670317122000,0,3617.21866000,0.2751
1628670341737000,0,0.00000373,0.2751
1628670343126000,1,1414.43000000,0.2751
1628670365421000,1,0.00733270,0.2751
1628670367185000,1,385.00000000,0.2748
1628670428121000,0,2143.53698000,0.2751
1628670431107000,0,0.00000591,0.2751
1628670439857000,1,3900.00000000,0.2752
1628670439857000,1,4460.61400000,0.2752
1628670439857000,1,7085.27512916,0.2752
1628670612848000,0,1205.73955000,0.2757
1628670638048000,1,3900.00000000,0.2756
1628670639956000,0,0.00000457,0.2757
1628670640777000,1,7736.23305000,0.2757
1628670640921000,1,0.00000905,0.2757
1628670881976000,1,3643.78370500,0.2743
1628670892790000,0,91.15437905,0.2744
1628670909425000,0,1556.00000000,0.2744
1628671035067000,1,2000.00000000,0.2752
1628671035067000,1,13600.00000000,0.2752
1628671045105000,0,3899.99999999,0.2756
1628671138765000,1,91.58837825,0.2757
1628671138765000,1,78.97957675,0.2754
1628671200325000,1,182.71179775,0.2750
1628671589005000,1,350.00000000,0.2755
1628671606994000,0,2581.11700626,0.2757
1628671618389000,0,2452.17985810,0.2757
1628671745849000,0,287.75617250,0.2766
1628671975764000,0,2500.00000000,0.2762
1628672046679000,1,122.00000000,0.2767
1628672280429000,0,341.02009452,0.2772
1628672400373000,0,228.68238313,0.2772
1628672729634000,0,169.83607028,0.2783
1628672763316000,1,3593.45129000,0.2780
1628672809776000,1,3600.48966000,0.2775
1628672809892000,1,0.00000659,0.2775
1628672809892000,1,11499.99999341,0.2774
1628672809946000,1,7000.00000000,0.2774
1628672809981000,1,2001.67394576,0.2774
1628672809998000,1,3601.52704747,0.2774
1628672811735000,0,359.00000000,0.2775
1628673255521000,1,3610.96867000,0.2767
1628673300651000,0,1547.00000000,0.2759
1628673300751000,0,2000.00000000,0.2761
1628673300751000,0,6212.90940000,0.2761
1628673301014000,1,350.00000000,0.2757
1628673398579000,1,99.65534823,0.2757
1628673722894000,1,3619.96582814,0.2760
1628673769973000,1,99.65530000,0.2760
1628673873870000,0,500.00000000,0.2768
1628673873870000,0,1297.38959537,0.2768
1628673882131000,0,898.91518900,0.2767
1628674007177000,0,106.79050269,0.2776
1628674031130000,0,3900.00000000,0.2773
1628674031130000,0,2301.41012979,0.2774
1628674031130000,0,1626.30643320,0.2774
1628674055592000,1,3610.73399000,0.2765
1628674055730000,1,9026.63691000,0.2764
1628674337048000,0,837.39238000,0.2765
1628674337058000,0,0.00000346,0.2765
1628674378664000,1,173.93482342,0.2764
1628674532217000,0,1572.00000000,0.2770
1628674532308000,0,731.09510000,0.2772
1628674535900000,1,3900.00000000,0.2772
1628674535900000,1,2000.00000000,0.2772
1628674630074000,1,765.75747600,0.2771
1628674655455000,1,568.37720000,0.2772
1628674658288000,1,0.00008634,0.2772
1628674800333000,0,332.71577876,0.2781
1628674933129000,0,1376.44986052,0.2782
1628675160275000,0,120.97519086,0.2781
1628675526231000,0,356.89488600,0.2784
1628675587327000,1,3597.89882000,0.2778
1628675669115000,1,724.57992500,0.2777
1628675778465000,0,96.84030000,0.2780
1628675778667000,0,0.00009966,0.2780
1628675797426000,0,1580.00000000,0.2783
1628675858373000,1,1500.00000000,0.2778
1628675858373000,1,3113.28385882,0.2778
1628675914943000,0,3528.11050000,0.2780
1628675924140000,0,3900.00000000,0.2781
1628676070546000,0,200.00000000,0.2780
1628676166410000,1,1794.19539110,0.2781
1628676217944000,0,3900.00000000,0.2785
1628676353903000,1,384.30480300,0.2780
1628676361470000,1,1199.52000000,0.2780
1628676362140000,1,7840.00000000,0.2780
1628676364329000,1,137.20000000,0.2780
1628676364832000,1,137.20000000,0.2780
1628676365198000,1,850.64000000,0.2780
1628676368238000,1,254.40800000,0.2780
1628676370109000,1,9572.64000000,0.2780
1628676370356000,1,4287.30400000,0.2780
1628676370692000,1,1199.52000000,0.2780
1628676371291000,1,4546.04000000,0.2780
1628676372730000,1,0.00017541,0.2780
1628676373969000,0,1000.95767608,0.2780
1628676406972000,0,198.74400000,0.2776
1628676438270000,0,3900.00000000,0.2776
1628676453271000,0,7690.83268253,0.2777
1628676454286000,0,2000.00000000,0.2777
1628676455495000,0,689.37000000,0.2777
1628676455691000,0,7001.46268253,0.2777
1628676457594000,0,1470.00000000,0.2779
1628676581356000,1,1095.93280000,0.2774
1628676606513000,0,3900.00000000,0.2777
1628676614567000,0,2000.00000000,0.2777
1628676614567000,0,1900.00000000,0.2777
1628676627065000,0,510.55393921,0.2777
1628676738933000,0,3530.79495949,0.2777
1628676902836000,1,362.41995000,0.2776
1628676982347000,1,404.83932778,0.2777
1628676985249000,0,357.87113364,0.2780
1628677251689000,0,7643.13650000,0.2794
1628677383845000,0,1741.20018045,0.2794
1628677383845000,0,1000.00000000,0.2794
1628677383845000,0,1083.66908474,0.2794
1628677457916000,0,1044.64160000,0.2792
1628677457917000,0,6603.95774899,0.2792
1628677458047000,1,202.70924524,0.2793
1628677458047000,1,3900.00000000,0.2792
1628677458047000,1,4460.61400000,0.2790
1628677458047000,1,16724.24360995,0.2787
1628677458047000,1,1000.00000000,0.2787
1628677458047000,1,2062.00000000,0.2786
1628677458047000,1,22937.67636680,0.2786
1628677458047000,1,10372.00050591,0.2786
1628677474369000,1,1000.00000000,0.2793
1628677550602000,0,3021.40310000,0.2787
1628677550607000,0,576.93930117,0.2787
1628677628403000,0,1000.00000000,0.2778
1628677628403000,0,3110.73404008,0.2778
1628677628611000,1,1575.86930798,0.2774
1628677641816000,0,91.29354063,0.2780
1628677748829000,1,1496.13833063,0.2757
1628677769483000,0,7729.50550000,0.2763
1628677769558000,0,0.00001979,0.2763
1628677769558000,0,1545.00000000,0.2764
1628677769558000,0,14054.99998021,0.2764
1628678103076000,0,3900.00000000,0.2770
1628678116886000,0,3900.00000000,0.2770
1628678170357000,0,142.14913217,0.2768
1628678522073000,0,171.15839791,0.2761
1628678574446000,1,2000.00000000,0.2764
1628678574446000,1,5716.36940000,0.2764
1628678574509000,1,2000.00000000,0.2764
1628678575780000,0,183.38465544,0.2762
1628678579360000,0,107.96726400,0.2761
1628678601629000,1,11062.95068323,0.2757
1628678809832000,0,259.37204068,0.2764
1628678880267000,0,106.59785178,0.2762
1628678989002000,0,253.32834298,0.2769
1628679031937000,0,540.02049655,0.2767
1628679038365000,1,137.57243445,0.2763
1628679241145000,0,1153.13115624,0.2769
1628679273608000,0,476.86852584,0.2773
1628679317863000,0,89.67418889,0.2774
1628679366206000,1,400.00000000,0.2768
1628679384887000,1,4876.93930000,0.2770
1628679468208000,0,343.24472530,0.2771
1628679480310000,0,3514.49122917,0.2769
1628679483188000,0,1346.11505287,0.2771
1628679794304000,0,663.49292065,0.2771
1628679853045000,0,1539.00000000,0.2773
1628679854753000,0,2311.76456990,0.2775
1628679989962000,1,181.15088800,0.2775
1628680152165000,0,2000.00000000,0.2779
1628680152165000,0,3900.00000000,0.2779
1628680152165000,0,1536.00000000,0.2779
1628680152165000,0,3900.00000000,0.2779
1628680152165000,0,7682.45741613,0.2780
1628680152165000,0,21875.54324123,0.2781
1628680156089000,0,2000.00000000,0.2780
1628680156089000,0,125.36411695,0.2780
1628680319406000,1,1000.00000000,0.2777
1628680353807000,0,3900.00000000,0.2777
1628680353807000,0,1000.00000000,0.2777
1628680353807000,0,2265.72840528,0.2777
1628680361508000,0,1537.00000000,0.2777
1628680361510000,0,3887.05263827,0.2777
1628680361512000,0,1537.00000000,0.2778
1628680361512000,0,13842.90840000,0.2778
1628680397247000,0,7671.65110000,0.2784
1628680397325000,0,0.00003636,0.2784
1628680399304000,0,7670.25000000,0.2784
1628680399308000,0,7008.69480000,0.2785
1628680499749000,0,7665.20882740,0.2786
1628680499749000,0,2513.44113681,0.2787
1628680781920000,0,3900.00000000,0.2790
1628680815023000,0,3900.00000000,0.2789
1628681486983000,1,317.73907337,0.2779
1628681701286000,0,162.50000000,0.2783
1628681758046000,1,2240.11000000,0.2778
1628681772187000,0,268.45253200,0.2779
1628681780463000,1,0.00950183,0.2778
1628681792432000,0,141.81844360,0.2776
1628682009774000,1,2000.00000000,0.2768
1628682009774000,1,3900.00000000,0.2768
1628682009774000,1,3900.00000000,0.2768
1628682009774000,1,7702.26199608,0.2768
1628682009774000,1,1540.00000000,0.2768
1628682009774000,1,4460.61400000,0.2768
1628682009774000,1,15401.00798682,0.2767
1628682009774000,1,1000.00000000,0.2767
1628682009774000,1,26745.32067568,0.2766
1628682122099000,0,1542.00000000,0.2768
1628682279857000,0,341.14316648,0.2771
1628682360284000,0,185.58363019,0.2769
1628682473284000,0,922.68493546,0.2766
1628682544008000,0,416.86342433,0.2766
1628682656370000,1,1547.00000000,0.2755
1628682656370000,1,1000.00000000,0.2754
1628682656370000,1,3734.69206825,0.2754
1628682729140000,1,817.06758088,0.2753
1628682785142000,1,3598.08006448,0.2753
1628682785142000,1,8995.32694588,0.2753
1628682785142000,1,3006.59298964,0.2753
1628682785147000,1,20382.48846601,0.2753
1628682798364000,0,1678.33912000,0.2753
1628682805548000,1,3598.08006448,0.2752
1628682805548000,1,4901.91993552,0.2752
1628682805674000,1,4093.40701036,0.2752
1628682806594000,1,3598.08000000,0.2752
1628682807132000,1,0.00006448,0.2752
1628682835648000,1,1362.82547060,0.2750
1628682838020000,1,492.26100000,0.2750
1628682838996000,1,3105.81906448,0.2750
1628682838996000,1,8995.32093552,0.2750
1628682839127000,1,1500.00000000,0.2750
1628682867656000,1,3598.08006000,0.2751
1628682870153000,1,3900.00000000,0.2751
1628682870153000,1,1550.00000000,0.2751
1628682870153000,1,3900.00000000,0.2751
1628682870153000,1,6634.34616135,0.2751
1628682870625000,1,12084.34616000,0.2751
1628682870625000,1,1500.00000000,0.2751
1628682870625000,1,718.57616911,0.2751
1628682899793000,1,3598.08006448,0.2751
1628682899793000,1,4201.91993552,0.2751
1628682900982000,1,4793.40000000,0.2751
1628682900985000,1,0.00701036,0.2751
1628682903569000,1,3598.08000000,0.2751
1628682951736000,0,0.00000234,0.2753
1628682951736000,0,2000.00000000,0.2754
1628682956274000,0,7751.38738236,0.2754
1628682956274000,0,1548.61261764,0.2754
1628682963131000,0,7751.31059357,0.2754
1628682963131000,0,3900.00000000,0.2754
1628682966268000,1,3500.00000000,0.2752
1628682966328000,1,98.08006448,0.2752
1628682966328000,1,1072.72591728,0.2752
1628682966350000,1,7291.20961126,0.2752
1628682966350000,1,1208.79038874,0.2752
1628682966361000,1,7145.78950722,0.2752
1628682982991000,1,3888.12312979,0.2748
1628682986009000,0,3626.80079000,0.2749
1628682994418000,1,3900.00000000,0.2750
1628682994418000,1,5620.78131648,0.2749
1628683016207000,1,15159.62868000,0.2750
1628683043266000,1,3598.08000000,0.2750
1628683043325000,1,0.00006448,0.2750
1628683043325000,1,2339.51053552,0.2750
1628683049725000,1,3900.00000000,0.2750
1628683065823000,1,3900.00000000,0.2750
1628683066732000,1,3900.00000000,0.2750
1628683066732000,1,329.89878862,0.2750
1628683071888000,1,1500.00000000,0.2750
1628683075805000,1,7498.08006000,0.2750
1628683075860000,1,6696.82854094,0.2750
1628683075860000,1,5003.17155906,0.2750
1628683079058000,0,3900.00000000,0.2753
1628683079120000,1,9754.04259000,0.2753
1628683079294000,1,0.00000981,0.2753
1628683079294000,1,5999.99999019,0.2753
1628683079495000,1,2995.32695569,0.2753
1628683079495000,1,3346.93406431,0.2753
1628683079753000,1,3900.00000000,0.2750
1628683082326000,1,3900.00000000,0.2750
1628683082326000,1,1330.80348210,0.2750
1628683084376000,1,3346.93407598,0.2750
1628683084376000,1,208.16282496,0.2750
1628683084376000,1,754.70309906,0.2750
1628683084417000,1,0.00483170,0.2750
1628683117750000,1,3598.08006448,0.2750
1628683117750000,1,301.92003552,0.2750
1628683121494000,1,7763.15465812,0.2750
1628683122737000,1,3598.08006448,0.2750
1628683130258000,1,3900.00000000,0.2747
1628683136027000,1,3900.00000000,0.2749
1628683136027000,1,1551.00000000,0.2748
1628683136027000,1,3900.00000000,0.2748
1628683136027000,1,2062.00000000,0.2747
1628683136027000,1,4460.61400000,0.2747
1628683136027000,1,15518.79692654,0.2747
1628683161150000,0,344.00000000,0.2748
1628683162823000,1,8995.32694588,0.2747
1628683162823000,1,2704.67315412,0.2747
1628683184804000,1,3900.00000000,0.2746
1628683218396000,1,3900.00000000,0.2750
1628683218396000,1,7753.02953844,0.2750
1628683243726000,1,1548.00000000,0.2755
1628683243726000,1,3598.08006448,0.2755
1628683243726000,1,2653.92003552,0.2755
1628683258045000,1,4061.40513000,0.2755
1628683258228000,1,500.00000000,0.2755
1628683258234000,1,1183.69398520,0.2755
1628683262177000,1,3598.08000000,0.2754
1628683267921000,1,8995.32000000,0.2752
1628683267932000,1,0.00694588,0.2752
1628683272249000,1,8995.32694588,0.2751
1628683272249000,1,23389.07305412,0.2750
1628683272253000,1,0.00840153,0.2750
1628683278952000,1,3900.00000000,0.2749
1628683286657000,1,3900.00010000,0.2748
1628683300063000,0,7766.34150011,0.2749
1628683300063000,0,2000.00000000,0.2749
1628683300063000,0,3900.00000000,0.2750
1628683300063000,0,3527.96664509,0.2751
1628683310417000,1,3900.00000000,0.2748
1628683316121000,0,3500.00000000,0.2749
1628683320281000,0,1437.39700470,0.2749
1628683322836000,0,7767.92846000,0.2749
1628683337014000,1,2000.00000000,0.2750
1628683337014000,1,3451.00000000,0.2750
1628683370967000,0,1937.48853000,0.2755
1628683376976000,1,3451.00000000,0.2753
1628683397580000,1,7176.94357290,0.2751
1628683397580000,1,20371.88642710,0.2751
1628683408472000,1,3900.00000000,0.2750
1628683419203000,1,3598.08006448,0.2747
1628683419203000,1,7103.60968916,0.2747
1628683423636000,1,2166.53288819,0.2746
1628683425212000,1,3900.00000000,0.2746
1628683425212000,1,1552.00000000,0.2746
1628683425212000,1,3900.00000000,0.2746
1628683430400000,1,5452.00000000,0.2746
1628683430400000,1,3900.00000000,0.2746
1628683451368000,0,200.00000000,0.2748
1628683464979000,1,6475.88013063,0.2746
1628683464979000,1,3598.08006448,0.2746
1628683464979000,1,5882.34980489,0.2746
1628683465715000,1,0.00418121,0.2746
1628683482534000,1,1554.00000000,0.2743
1628683482658000,1,3824.86926519,0.2743
1628683501812000,1,5455.00000000,0.2743
1628683536818000,1,3598.08006448,0.2747
1628683536818000,1,8492.57547655,0.2747
1628683536818000,1,5475.87725897,0.2747
1628683536878000,1,3016.69821000,0.2747
1628683543286000,1,5500.00000000,0.2746
1628683547617000,1,15295.90407383,0.2746
1628683547617000,1,8995.32694588,0.2746
1628683547617000,1,17601.71688007,0.2746
1628683547768000,1,3598.08006448,0.2746
1628683555712000,1,3900.00000000,0.2745
1628683555712000,1,2035.00000000,0.2745
1628683555712000,1,3900.00000000,0.2745
1628683559130000,1,2253.73913180,0.2745
1628683560621000,1,3900.00000000,0.2745
1628683561618000,1,2735.00000000,0.2746
1628683577871000,1,3598.08006448,0.2746
1628683577871000,1,497.25233552,0.2746
1628683577872000,1,8498.07461036,0.2746
1628683578160000,1,4568.89659535,0.2746
1628683586241000,1,269.85980838,0.2746
1628683586241000,1,23389.08019162,0.2746
1628683586256000,1,0.00126403,0.2746
1628683590643000,1,3264.00000000,0.2744
1628683590643000,1,3900.00000000,0.2744
1628683601121000,1,4460.61400000,0.2746
1628683601121000,1,3900.00000000,0.2746
1628683626690000,1,3598.08006448,0.2751
1628683626690000,1,8995.32694588,0.2751
1628683626690000,1,12618.40298964,0.2751
1628683626720000,1,0.00645568,0.2751
1628683647348000,1,3598.08000000,0.2749
1628683647356000,1,0.00006448,0.2749
1628683654227000,1,3900.00000000,0.2748
1628683654227000,1,1879.33283238,0.2748
1628683659089000,1,2868.00000000,0.2749
1628683659089000,1,2830.83951387,0.2749
1628683672314000,0,2325.36526859,0.2751
1628683724229000,1,767.24055061,0.2749
1628683724229000,1,8995.32694588,0.2749
1628683724229000,1,6538.23280351,0.2749
1628683725407000,1,1818.68600059,0.2749
1628683730734000,1,3900.00000000,0.2748
1628683732219000,1,1051.55371000,0.2748
1628683732219000,1,3900.00000000,0.2748
1628683733078000,1,3900.00000000,0.2748
1628683736827000,1,9267.93259000,0.2748
1628683743513000,1,3598.08000000,0.2747
1628683743587000,1,0.00006448,0.2747
1628683743587000,1,5868.55129949,0.2747
1628683743587000,1,2233.36873603,0.2747
1628683749250000,1,3900.00000000,0.2747
1628683764570000,1,3598.08006448,0.2746
1628683764570000,1,1131.61212978,0.2746
1628683764571000,1,0.00000001,0.2746
1628683764760000,1,1131.61210000,0.2746
1628683765176000,1,3598.08006448,0.2746
1628683772264000,1,3900.00000000,0.2742
1628683772323000,1,2768.38810000,0.2742
1628683772411000,1,112.48540000,0.2742
1628683773877000,1,3900.00000000,0.2742
1628683777448000,1,3900.00000000,0.2741
1628683790801000,1,3900.00000000,0.2744
1628683790801000,1,3400.67406990,0.2743
1628683791269000,1,3400.67406000,0.2744
1628683791269000,1,0.00000990,0.2744
1628683832253000,1,3598.08006448,0.2746
1628683832253000,1,11889.43453552,0.2746
1628683833433000,1,2885.44822001,0.2746
1628683833433000,1,2614.55177999,0.2746
1628683866150000,1,1985.27357000,0.2744
1628683866904000,1,0.00000075,0.2744
1628683872859000,1,3900.00000000,0.2742
1628683872859000,1,187.86657582,0.2742
1628683879881000,1,3900.00000000,0.2745
1628683879881000,1,4460.61400000,0.2745
1628683909774000,1,846.48444731,0.2746
1628683928350000,1,3598.08006448,0.2747
1628683928350000,1,5236.27093552,0.2747
1628683960864000,1,3900.00000000,0.2745
1628683961302000,1,5312.11241000,0.2745
1628683980184000,0,7775.49532000,0.2746
1628684044508000,1,3598.08006448,0.2750
1628684044508000,1,301.92003552,0.2750
1628684044795000,1,5500.00000000,0.2750
1628684047316000,1,3598.08006448,0.2750
1628684064834000,1,3900.00000000,0.2750
1628684064834000,1,1000.00000000,0.2750
1628684064834000,1,3389.36382150,0.2749
1628684065326000,1,4389.36382000,0.2750
1628684065326000,1,0.00000150,0.2750
1628684069940000,1,3598.08006448,0.2750
1628684069940000,1,8995.31993552,0.2750
1628684069965000,1,0.00701036,0.2750
1628684069999000,1,7289.36390000,0.2749
1628684080864000,1,3900.00000000,0.2749
1628684103399000,1,1552.00000000,0.2747
1628684123038000,1,2963.92897900,0.2747
1628684193136000,0,0.00000853,0.2755
1628684223799000,1,1500.00000000,0.2757
1628684223873000,1,6863.92890000,0.2757
1628684226374000,1,631.39804588,0.2757
1628684226374000,1,2834.52468744,0.2757
1628684226465000,1,763.55537704,0.2757
1628684233111000,1,3900.00000000,0.2754
1628684235761000,0,3900.00000000,0.2758
1628684236920000,1,89984.51000000,0.2758
1628684237352000,1,0.00357920,0.2758
1628684237352000,1,8995.32642080,0.2758
1628684237416000,1,0.00052508,0.2758
1628684238520000,1,4425.00000000,0.2754
1628684242043000,1,3900.00000000,0.2755
1628684258933000,1,4500.00000000,0.2757
1628684258933000,1,3900.00000000,0.2757
1628684259959000,1,1942.81266118,0.2757
1628684303623000,1,3119.11377718,0.2759
1628684303623000,1,6623.69882282,0.2759
1628684303632000,1,4677.44638000,0.2759
1628684303691000,1,1500.00000000,0.2759
1628684306667000,1,8995.32694588,0.2759
1628684306667000,1,3728.21958403,0.2759
1628684314171000,1,3900.00000000,0.2757
1628684314171000,1,7731.25374022,0.2757
1628684314171000,1,3773.00000000,0.2757
1628684319520000,1,2062.00000000,0.2756
1628684330940000,1,3598.08006448,0.2756
1628684330940000,1,8995.32694588,0.2756
1628684330940000,1,4181.96298964,0.2756
1628684331279000,1,8200.21000000,0.2756
1628684338095000,1,3900.00000000,0.2754
1628684338095000,1,4460.61400000,0.2754
1628684338095000,1,3744.00000000,0.2754
1628684338095000,1,3900.00000000,0.2754
1628684349671000,0,3900.00000000,0.2761
1628684349671000,0,2000.00000000,0.2762
1628684349671000,0,16799.40719670,0.2762
1628684349671000,0,72293.00123324,0.2763
1628684400268000,0,233.15914530,0.2762
1628684420737000,1,1560.00000000,0.2757
1628684668533000,0,1551.00000000,0.2751
1628684751851000,1,717.57000000,0.2750
1628684751888000,1,0.00788542,0.2750
1628684822212000,1,6006.84100000,0.2744
1628684860353000,1,152.04040024,0.2737
1628684860353000,1,2000.00000000,0.2737
1628684860353000,1,1092.22502467,0.2736
1628684860353000,1,25311.09561659,0.2736
1628684860357000,1,59777.38438341,0.2736
1628684861017000,1,5500.00000000,0.2732
1628684861446000,0,3900.00000000,0.2735
1628684861937000,0,364.10000000,0.2738
1628684877523000,0,3606.99372560,0.2740
1628685002925000,1,3900.00000000,0.2742
1628685002925000,1,8360.61000000,0.2742
1628685009554000,1,3900.00000000,0.2743
1628685009554000,1,7769.53000000,0.2743
1628685009605000,1,0.00589944,0.2743
1628685011371000,1,3900.00000000,0.2744
1628685011371000,1,7769.53000000,0.2743
1628685011371000,1,7769.53589944,0.2743
1628685011371000,1,4460.60410056,0.2743
1628685011587000,1,19999.67000000,0.2744
1628685011587000,1,7769.53589944,0.2743
1628685011587000,1,0.00989944,0.2743
1628685011587000,1,198792.40420112,0.2743
1628685011716000,1,3869.54579888,0.2743
1628685013719000,1,3900.00000000,0.2743
1628685013719000,1,7769.53589944,0.2743
1628685013719000,1,4460.61400000,0.2743
1628685013719000,1,3900.00000000,0.2743
1628685013719000,1,34500.00000000,0.2743
1628685046659000,0,1476.33537201,0.2756
1628685064060000,1,4500.00000000,0.2754
1628685064118000,1,7000.00000000,0.2754
1628685064167000,1,5835.09892354,0.2754
1628685073518000,1,3900.00000000,0.2751
1628685081973000,1,1000.00000000,0.2752
1628685087828000,1,4460.61000000,0.2751
1628685099314000,1,3900.00000000,0.2752
1628685109932000,1,4460.61400000,0.2752
1628685109932000,1,3900.00000000,0.2752
1628685150935000,1,4460.61000000,0.2752
1628685151021000,1,0.00400000,0.2752
1628685151042000,1,3598.08006448,0.2752
1628685151042000,1,8995.32694588,0.2752
1628685151042000,1,4264.50038964,0.2752
1628685151161000,1,19124.58106601,0.2752
1628685155841000,1,4460.61400000,0.2751
1628685161981000,1,3900.00000000,0.2752
1628685161981000,1,3900.00000000,0.2752
1628685162858000,1,7733.69990975,0.2754
1628685162858000,1,635.68410353,0.2753
1628685165977000,1,1163.88000000,0.2753
1628685170116000,1,3598.08006448,0.2753
1628685170116000,1,10412.81906406,0.2753
1628685170116000,1,8995.32087146,0.2753
1628685175320000,1,1115.60914030,0.2752
1628685179471000,1,1113.60000000,0.2752
1628685209252000,1,3900.00000000,0.2752
1628685216893000,1,7743.00000000,0.2751
1628685218307000,1,4934.38297230,0.2751
1628685312022000,1,8995.32694588,0.2757
1628685312022000,1,8048.18292889,0.2757
1628685312022000,1,3598.07012523,0.2757
1628685321454000,1,7722.00000000,0.2756
1628685321454000,1,3900.00000000,0.2756
1628685331972000,1,4345.28912165,0.2757
1628685353916000,1,3900.00000000,0.2757
1628685353916000,1,16850.32411805,0.2757
1628685353916000,1,7723.00000000,0.2757
1628685353916000,1,4335.54600070,0.2756
1628685355475000,1,7717.00000000,0.2757
1628685355475000,1,12058.54600000,0.2757
1628685355475000,1,3381.74900045,0.2756
1628685356858000,1,7717.00000000,0.2757
1628685356858000,1,12024.07174165,0.2757
1628685428645000,1,3598.08006448,0.2761
1628685428645000,1,3901.91993552,0.2761
1628685428703000,1,5093.40701036,0.2761
1628685428703000,1,14406.59318964,0.2761
1628685428762000,1,3280.23020712,0.2761
1628685431957000,1,3598.08006448,0.2760
1628685431957000,1,8995.32694588,0.2760
1628685431957000,1,17611.97298964,0.2760
1628685432331000,1,5777.10846000,0.2760
1628685436747000,1,0.00000601,0.2760
1628685442278000,1,3900.00000000,0.2757
1628685442278000,1,6190.40795926,0.2757
1628685450888000,1,3598.08006448,0.2758
1628685450888000,1,8995.32694588,0.2758
1628685450888000,1,6359.48298964,0.2758
1628685450959000,1,0.00825815,0.2758
1628685450959000,1,3899.99184185,0.2757
1628685451421000,1,1091.61000000,0.2757
1628685459931000,1,10245.47092000,0.2757
1628685459992000,1,9500.00000000,0.2757
1628685460043000,1,3643.61053000,0.2757
1628685460264000,1,0.00000565,0.2757
1628685471724000,1,3900.00000000,0.2754
1628685471724000,1,3910.00000000,0.2754
1628685471724000,1,3900.00000000,0.2754
1628685471724000,1,7726.03435137,0.2753
1628685471724000,1,15445.96293252,0.2753
1628685477059000,1,7112.61545392,0.2754
1628685488122000,1,756.77710265,0.2754
1628685491540000,1,2967.22289735,0.2754
1628685491599000,1,7800.00010000,0.2754
1628685562894000,1,3598.08006448,0.2755
1628685562894000,1,8995.32694588,0.2755
1628685562894000,1,8111.33344882,0.2755
1628685563425000,0,180.50868981,0.2755
1628685570082000,1,3338.00000000,0.2754
1628685582923000,1,12151.76000000,0.2754
1628685601303000,1,3900.00000000,0.2754
1628685601303000,1,139.95402893,0.2754
1628685631583000,1,3598.08006448,0.2756
1628685631583000,1,301.91993552,0.2756
1628685631754000,1,4500.00000000,0.2756
1628685631854000,1,4193.40701036,0.2756
1628685631854000,1,1863.36600547,0.2756
1628685645716000,1,2543.51015850,0.2756
1628685673031000,1,3598.08006448,0.2756
1628685673031000,1,3714.18613516,0.2756
1628685673031000,1,2759.76380036,0.2756
1628685673038000,1,0.00250664,0.2756
1628685673162000,1,2543.51020000,0.2755
1628685676307000,1,3900.00000000,0.2755
1628685676307000,1,7720.08040520,0.2755
1628685691162000,1,3900.00000000,0.2754
1628685691162000,1,3460.00000000,0.2754
1628685720279000,0,661.04240284,0.2760
1628685720826000,1,479.01679392,0.2756
1628685726724000,1,3420.98320608,0.2756
1628685726724000,1,3287.00000000,0.2756
1628685741166000,1,3900.00000000,0.2757
1628685754146000,1,3598.08006448,0.2757
1628685754146000,1,901.91993552,0.2757
1628685754193000,1,7884.71542522,0.2757
1628685754329000,1,4499.99990000,0.2757
1628685754409000,1,2230.30700000,0.2757
1628685754423000,1,1464.73721670,0.2757
1628685754427000,1,2554.24220000,0.2757
1628685754436000,1,12639.79513895,0.2757
1628685754532000,1,3598.08006448,0.2756
1628685754532000,1,1779.02393552,0.2756
1628685755057000,1,7007.61142521,0.2756
1628685755092000,1,0.00000001,0.2756
1628685755092000,1,3598.08006448,0.2755
1628685755999000,1,3900.00000000,0.2750
1628685755999000,1,601.00985972,0.2750
1628685756065000,1,444.30000000,0.2750
1628685771858000,1,3900.00000000,0.2752
1628685771858000,1,1545.00000000,0.2752
1628685771858000,1,3900.00000000,0.2752
1628685783832000,1,11700.00000000,0.2753
1628685783932000,1,10125.72469116,0.2753
1628685783932000,1,3598.08006448,0.2753
1628685783932000,1,2282.11444617,0.2753
1628685786467000,1,2282.11444617,0.2752
1628685786467000,1,3598.08006448,0.2752
1628685786467000,1,16826.10519919,0.2752
1628685792231000,1,3900.00000000,0.2750
1628685792231000,1,120.00000000,0.2750
1628685792231000,1,1547.00000000,0.2750
1628685796164000,1,3900.00000000,0.2750
1628685796164000,1,567.77183132,0.2750
1628685856917000,1,3598.08006448,0.2750
1628685856917000,1,8995.32694588,0.2750
1628685856917000,1,6457.72538990,0.2750
1628685856917000,1,1199.99759974,0.2750
1628685856921000,1,0.00240026,0.2750
1628685859925000,1,2180.32329879,0.2749
1628685865485000,0,168.70812000,0.2750
1628685866019000,0,0.00000918,0.2750
1628685891739000,1,2205.48487000,0.2752
1628685891795000,1,1392.59519448,0.2752
1628685891795000,1,8587.72800552,0.2752
1628685931939000,1,3900.00000000,0.2752
1628685931939000,1,7730.46615808,0.2752
1628685937418000,1,3900.00000000,0.2752
1628685942939000,1,3900.00000000,0.2752
1628685942939000,1,2379.73759389,0.2752
1628685966841000,1,7728.94003806,0.2752
1628685966897000,1,4400.18247695,0.2752
1628685966897000,1,7299.81762305,0.2752
1628685978048000,1,7729.77335893,0.2752
1628685978048000,1,3900.00000000,0.2752
1628685998349000,1,7727.05099622,0.2753
1628686021001000,0,1805.29243776,0.2756
1628686147262000,1,2094.70770000,0.2758
1628686147293000,1,1503.37236448,0.2758
1628686147293000,1,996.62763552,0.2758
1628686181930000,1,7717.14751418,0.2758
1628686182981000,1,1798.33973068,0.2758
1628686211826000,1,1798.33970000,0.2759
1628686217470000,1,543.28801468,0.2759
1628686217470000,1,8995.32694588,0.2759
1628686217470000,1,5175.99503944,0.2759
1628686217474000,1,0.00868670,0.2759
1628686219816000,1,3598.08006448,0.2757
1628686219816000,1,8995.32694588,0.2757
1628686219816000,1,5176.00298964,0.2757
1628686220247000,1,0.00073650,0.2757
1628686247456000,1,7717.09812806,0.2758
1628686248494000,1,4614.17515428,0.2758
1628686249399000,1,3102.92297378,0.2758
1628686341926000,1,2354.34671950,0.2759
1628686341926000,1,23389.07328050,0.2759
1628686351525000,1,1543.00000000,0.2760
1628686351525000,1,7714.81414983,0.2760
1628686351525000,1,3900.00000000,0.2758
1628686352212000,0,3900.00000000,0.2761
1628686352592000,1,3900.00000000,0.2760
1628686352592000,1,3814.81414983,0.2760
1628686353090000,0,3900.00000000,0.2762
1628686354784000,0,3900.00000000,0.2762
1628686354784000,0,2000.00000000,0.2762
1628686355919000,1,7713.70025000,0.2760
1628686357265000,1,0.00000756,0.2760
1628686357265000,1,7713.70024244,0.2760
1628686357645000,0,3900.00000000,0.2762
1628686363002000,1,0.00001512,0.2760
1628686363002000,1,3598.08006448,0.2760
1628686363002000,1,3901.91992040,0.2760
1628686363052000,1,4072.59950000,0.2760
1628686370946000,0,265515.02000000,0.2762
1628686371017000,0,7800.00000000,0.2762
1628686381316000,1,1020.80000000,0.2760
1628686381353000,1,0.00752548,0.2760
1628686390690000,0,180.14715573,0.2762
1628686396066000,1,978.59286053,0.2762
1628686410948000,1,3598.08006448,0.2763
1628686410948000,1,8995.31993552,0.2763
1628686411006000,1,0.00701036,0.2763
1628686411006000,1,798.43868964,0.2763
1628686411342000,1,22590.64000000,0.2763
1628686421011000,1,7711.40591366,0.2762
1628686421011000,1,2233.63582434,0.2762
1628686439485000,1,260.00000000,0.2763
1628686443398000,1,2493.63590000,0.2763
1628686444594000,1,1104.44416448,0.2763
1628686444594000,1,8995.32694588,0.2763
1628686444594000,1,264.28888964,0.2763
1628686444607000,1,0.00773081,0.2763
1628686869522000,1,3086.60800000,0.2757
1628686869526000,1,5908.71894588,0.2757
1628686869526000,1,21452.46551112,0.2757
1628686869526000,1,3598.08006448,0.2757
1628686874867000,1,3900.00000000,0.2755
1628686877344000,1,3900.00000000,0.2755
1628686877344000,1,1545.00000000,0.2754
1628686877344000,1,2000.00000000,0.2754
1628686891785000,1,3900.00000000,0.2751
1628686899806000,1,1547.00000000,0.2750
1628686899806000,1,3900.00000000,0.2750
1628686899806000,1,17808.12232625,0.2750
1628686911259000,1,3900.00000000,0.2750
1628686913320000,1,7740.28887856,0.2750
1628686914772000,1,1548.00000000,0.2751
1628686915260000,1,676.35755000,0.2751
1628687041632000,0,89.82337100,0.2773
1628687065623000,0,143.54082515,0.2773
1628687120149000,0,3900.00000000,0.2771
1628687126618000,0,2000.00000000,0.2770
1628687135938000,0,3900.00000000,0.2770
1628687228093000,0,3900.00000000,0.2768
1628687236977000,0,3900.00000000,0.2771
1628687239283000,0,1748.18000000,0.2771
1628687269288000,0,3900.00000000,0.2772
1628687280919000,0,3900.00000000,0.2773
1628687353418000,1,3598.08006448,0.2777
1628687353418000,1,2078.27748552,0.2777
1628687353469000,1,4500.00000000,0.2777
1628687369023000,1,2417.04000000,0.2777
1628687369075000,1,0.00946036,0.2777
1628687487083000,0,822.95540000,0.2779
1628687496055000,0,493.77320000,0.2779
1628687496153000,0,0.00009939,0.2779
1628687496153000,0,4331.45130061,0.2779
1628687529262000,0,211.15364162,0.2783
1628687880275000,0,1000.00000000,0.2793
1628687880275000,0,812.32279354,0.2793
1628688117391000,0,3900.00000000,0.2796
1628688117391000,0,937.92290638,0.2797
1628688120555000,0,338.02023958,0.2797
1628688144251000,0,2565.95061000,0.2798
1628688145962000,0,1446.00000000,0.2800
1628688151869000,1,3900.00000000,0.2799
1628688248603000,0,3900.00000000,0.2800
1628688248603000,0,193.39460230,0.2801
1628688248603000,0,2059.00529679,0.2802
1628688255469000,0,3900.00000000,0.2800
1628688255469000,0,1295.89053074,0.2802
1628688477103000,0,178.30715200,0.2790
1628688532273000,1,2000.00000000,0.2791
1628688532273000,1,3900.00000000,0.2790
1628688532273000,1,1535.00000000,0.2790
1628688662627000,0,1375.14620000,0.2798
1628688662712000,0,6239.47030000,0.2798
1628688711941000,0,2000.00000000,0.2796
1628689113745000,0,508.10234358,0.2791
1628689148193000,1,3900.00000000,0.2790
1628689236515000,0,177.96317600,0.2795
1628689279889000,0,416.94525351,0.2795
1628689512987000,1,3900.00000000,0.2799
1628689547888000,0,1937.48853000,0.2805
1628689560282000,1,183.63190521,0.2804
1628689564298000,0,0.00000853,0.2805
1628689588531000,0,80.00000000,0.2810
1628689588531000,0,1082.32542836,0.2810
1628689588531000,0,352.67457164,0.2811
1628689588631000,1,83987.55000000,0.2811
1628689588666000,1,196.06759523,0.2811
1628689588666000,1,2000.00000000,0.2811
1628689588666000,1,2194.33240477,0.2811
1628689588683000,0,88.41094916,0.2813
1628689592736000,1,1500.00000000,0.2808
1628689601509000,0,3153.00000000,0.2810
1628689601534000,0,2000.00000000,0.2812
1628689615083000,1,4460.61400000,0.2809
1628689615158000,1,2000.00000000,0.2808
1628689615158000,1,2792.30280000,0.2808
1628689693391000,0,2000.00000000,0.2806
1628689693391000,0,482.04899689,0.2806
1628689753139000,0,3900.00000000,0.2808
1628689757923000,0,2500.00000000,0.2810
1628689787327000,1,1000.00000000,0.2810
1628689800259000,0,1500.00000000,0.2809
1628689800259000,0,1696.94790218,0.2809
1628689920353000,0,2427.74369160,0.2801
1628689930488000,1,3900.00000000,0.2796
1628689930488000,1,1064.01100000,0.2795
1628689943004000,0,1000.00000000,0.2796
1628689943084000,0,3606.74040000,0.2797
1628690082657000,0,143923.40000000,0.2786
1628690271357000,1,332.67850000,0.2800
1628690273201000,1,0.00000126,0.2800
1628690309197000,1,78.00000000,0.2800
1628690360167000,0,92.00000000,0.2799
1628690433760000,0,2802.64864961,0.2799
1628690441465000,0,1250.22325415,0.2798
1628690472399000,0,710.93510000,0.2801
1628690596139000,1,3900.00000000,0.2791
1628690732926000,1,4204.81003000,0.2790
1628690732976000,1,1000.00000000,0.2790
1628690732979000,1,86688.81004168,0.2790
1628690880260000,0,436.39564740,0.2796
1628690936193000,1,3718.00000000,0.2794
1628690936193000,1,3900.00000000,0.2794
1628690936193000,1,7619.53969519,0.2794
1628690936193000,1,182.00000000,0.2794
1628690950239000,0,3596.78591211,0.2796
1628690950239000,0,8991.83811000,0.2796
1628690950239000,0,13540.27597789,0.2796
1628690950802000,0,0.00070866,0.2796
1628691080777000,1,2000.00000000,0.2808
1628691086574000,1,405.24762452,0.2808
1628691254003000,0,3900.00000000,0.2812
1628691255388000,1,11100.00000000,0.2812
1628691272630000,0,674.39735000,0.2809
1628691272785000,0,0.00000852,0.2809
1628691489155000,0,185.98000000,0.2825
1628691489196000,0,0.00735969,0.2825
1628691490036000,0,73.59261483,0.2826
1628691490036000,0,999.99999517,0.2826
1628691496345000,0,0.00000483,0.2826
1628691530958000,0,87.22000000,0.2830
1628691530974000,0,1.78000000,0.2830
1628691724007000,0,3900.00000000,0.2835
1628691850479000,0,2000.00000000,0.2826
1628691850479000,0,2843.78373131,0.2827
1628692000108000,1,772.85211399,0.2819
1628692093165000,0,1505.00000000,0.2831
1628692093165000,0,309.61348394,0.2832
1628692096350000,0,454.82811010,0.2831
1628692147854000,0,6318.63150000,0.2833
1628692162293000,0,351.37541493,0.2832
1628692367158000,0,3900.00000000,0.2827
1628692367158000,0,1507.00000000,0.2827
1628692367158000,0,15087.78842859,0.2828
1628692367158000,0,20834.72660830,0.2828
1628692500747000,0,307.85164641,0.2830
1628692523764000,1,247.31486716,0.2827
1628692533371000,1,93.77562300,0.2826
1628692680300000,0,175.10656738,0.2827
1628692708739000,1,106.77372500,0.2824
1628692816637000,0,554.54983036,0.2830
1628692900483000,0,1501.00000000,0.2839
1628692900483000,0,1920.00000000,0.2839
1628692964198000,0,1445.46200000,0.2830
1628693083391000,1,2745.79751013,0.2826
1628693136169000,0,7540.01350478,0.2827
1628693136169000,0,3900.00000000,0.2828
1628693136169000,0,1507.00000000,0.2828
1628693136169000,0,10965.85696375,0.2828
1628693147409000,1,373.03445200,0.2824
1628693150590000,0,1154.20250000,0.2826
1628693415445000,0,355.00000000,0.2840
1628693558013000,0,703.21201973,0.2837
1628693709071000,1,3900.00000000,0.2826
1628693760298000,1,1926.00000000,0.2827
1628693760298000,1,3900.00000000,0.2827
1628693760298000,1,7529.75334968,0.2827
1628693760298000,1,2020.94594786,0.2825
1628693771719000,1,281.65272800,0.2827
1628694040404000,1,1250.22325415,0.2839
1628694045192000,0,3900.00000000,0.2841
1628694045192000,0,885.30899429,0.2842
1628694152305000,1,3044.00800000,0.2824
1628694153293000,1,0.00009243,0.2824
1628694194469000,1,5377.10400000,0.2813
1628694548825000,0,2673.28517392,0.2829
1628694566237000,1,138.87865652,0.2826
1628694567850000,1,91.58837825,0.2825
1628694720290000,0,181.87595183,0.2838
1628694734730000,1,150.00000000,0.2838
1628694826052000,0,3900.00000000,0.2840
1628694826052000,0,2929.92285046,0.2841
1628694842987000,0,5120.97994370,0.2843
1628694846670000,0,1705.82196649,0.2842
1628694918002000,0,3000.00000000,0.2840
1628694921574000,0,74.90546624,0.2842
1628694933102000,1,380.14533300,0.2838
1628695087658000,0,2462.50280000,0.2837
1628695283552000,0,707.38040000,0.2841
1628695407130000,0,500.00000000,0.2850
1628695407130000,0,2380.58982182,0.2850
1628695407130000,0,499.99999818,0.2850
1628695408275000,0,0.00000182,0.2850
1628695418736000,1,227.63788500,0.2851
1628695485584000,0,15600.00000000,0.2870
1628695485586000,0,15600.00000000,0.2870
1628695485587000,0,48800.00000000,0.2870
1628695485587000,0,5447.11927525,0.2870
1628695485647000,0,7425.21449513,0.2871
1628695485879000,0,416.22460000,0.2875
1628695486293000,0,0.00001665,0.2875
1628695486653000,0,300.00000000,0.2878
1628695488297000,0,1000.00000000,0.2880
1628695488463000,0,1000.00000000,0.2879
1628695488670000,0,300.00000000,0.2881
1628695488782000,0,700.00000000,0.2880
1628695504336000,1,3900.00000000,0.2883
1628695505052000,1,3900.00000000,0.2880
1628695507386000,1,3900.00000000,0.2880
1628695508719000,1,3900.00000000,0.2879
1628695509779000,1,3900.00000000,0.2877
1628695516440000,1,1000.00000000,0.2877
1628695518351000,1,3900.00000000,0.2877
1628695554921000,1,1000.00000000,0.2881
1628695554921000,1,1269.84674571,0.2880
1628695681402000,0,1479.00000000,0.2880
1628695681402000,0,952.91216802,0.2880
1628695729968000,0,72.12200000,0.2884
1628695729968000,0,0.00059688,0.2884
1628695729968000,0,715.37541912,0.2884
1628695740824000,0,3044.99999999,0.2886
1628695740839000,0,0.00000001,0.2886
1628695895716000,1,1000.00000000,0.2875
1628695926565000,1,2000.00000000,0.2867
1628695926565000,1,1000.00000000,0.2866
1628695933442000,1,500.00000000,0.2863
1628695934110000,1,1000.00000000,0.2863
1628695954806000,1,3900.00000000,0.2856
1628695954806000,1,192.50821261,0.2855
1628695954806000,1,3900.00000000,0.2855
1628695954806000,1,910.08712035,0.2854
1628695973592000,0,984.79998000,0.2860
1628695982433000,1,1000.00000000,0.2861
1628695999212000,1,422.92893271,0.2859
1628696034639000,1,3917.87943000,0.2858
1628696041534000,0,111.53892485,0.2857
1628696137622000,1,1000.00000000,0.2853
1628696144255000,1,1000.00000000,0.2853
1628696144290000,1,1500.00000000,0.2853
1628696144290000,1,6459.26829244,0.2853
1628696144290000,1,499.99999999,0.2853
1628696144294000,1,500.00000001,0.2853
1628696144294000,1,9451.26829242,0.2852
1628696256413000,0,3900.00000000,0.2859
1628696256413000,0,1319.66467338,0.2860
1628696289746000,0,116.81600000,0.2857
1628696290615000,0,954.35329143,0.2857
1628696296193000,0,19.47659778,0.2857
1628696412853000,0,3596.78591000,0.2856
1628696412989000,0,0.00000211,0.2856
1628696412989000,0,2199.40359789,0.2856
1628696514691000,0,347.85028500,0.2861
1628696541475000,0,3900.00000000,0.2860
1628696541475000,0,1600.00000000,0.2861
1628696581421000,0,5000.00000000,0.2856
1628696616542000,1,7451.69311000,0.2856
1628696700717000,0,127.60407549,0.2861
1628696713477000,1,989.16297419,0.2858
1628696715242000,1,1288.85495578,0.2860
1628696778982000,1,1500.00000000,0.2861
1628696778982000,1,1467.48892258,0.2861
1628696793060000,1,7439.91610000,0.2860
1628696793147000,1,0.00007403,0.2860
1628696793147000,1,16119.10132597,0.2860
1628696809262000,1,1812.03849000,0.2858
1628696809329000,1,0.00000518,0.2858
1628696835421000,0,1582.37367021,0.2858
1628696863761000,0,3900.00000000,0.2858
1628696863761000,0,1100.00000000,0.2858
1628696916673000,1,88.07685900,0.2850
1628696984416000,1,3900.00000000,0.2840
1628697017268000,1,126.74717459,0.2840
1628697308296000,1,3000.00000000,0.2829
1628697369389000,0,908.09312474,0.2830
1628697372165000,0,246.24103796,0.2829
1628697480273000,1,240.44310203,0.2827
1628697611357000,0,814.80218536,0.2828
1628697617012000,0,3900.00000000,0.2830
1628697819739000,0,2325.36526000,0.2816
1628697819741000,0,0.00000859,0.2816
1628697918130000,1,151.03571000,0.2800
1628697918564000,1,0.00000428,0.2800
1628697918564000,1,1519.00000000,0.2797
1628697918564000,1,2000.00000000,0.2796
1628697918564000,1,2633.39989481,0.2796
1628697921101000,1,2802.64864961,0.2797
1628697984881000,0,2000.00000000,0.2812
1628697984903000,0,1378.79200000,0.2812
1628698058861000,0,3810.17539629,0.2820
1628698149634000,1,3900.00000000,0.2806
1628698149634000,1,3382.37594025,0.2806
1628698196144000,1,182.13954152,0.2801
1628698389074000,1,2000.00000000,0.2807
1628698458216000,0,212.31725879,0.2812
1628698564098000,0,716.33197649,0.2825
1628698570735000,1,1161.17560000,0.2822
1628698570771000,0,233.06980907,0.2824
1628698586924000,0,3900.00000000,0.2827
1628698615595000,0,3900.00000000,0.2829
1628698673632000,0,288.27356830,0.2830
1628698772095000,0,3900.00000000,0.2839
1628698772095000,0,2132.44232394,0.2840
1628698943234000,0,1498.00000000,0.2844
1628699042995000,1,6039.84175331,0.2856
1628699069392000,0,103.45551938,0.2853
1628699111887000,1,199.85487758,0.2854
1628699160256000,0,443.50691608,0.2850
1628699253904000,0,196.14250000,0.2851
1628699343120000,1,5024.64792000,0.2850
1628699347150000,1,1590.19058559,0.2850
1628699355018000,1,0.00000001,0.2850
1628699456173000,0,2000.00000000,0.2866
1628699456173000,0,3900.00000000,0.2866
1628699456173000,0,1192.97164085,0.2867
1628699477926000,1,3900.00000000,0.2869
1628699486468000,0,100.00000000,0.2871
1628699503257000,1,2000.00000000,0.2857
1628699513832000,0,356.70663392,0.2858
1628699517252000,0,1491.00000000,0.2858
1628699517252000,0,162.50132941,0.2858
1628699541859000,1,3900.00000000,0.2863
1628699545052000,1,20137.68652000,0.2862
1628699545195000,1,0.00000050,0.2862
1628699555068000,1,544.51115200,0.2858
1628699579879000,0,957.62086707,0.2861
1628699633661000,1,95.16890300,0.2848
1628699633843000,1,3900.00000000,0.2848
1628699633843000,1,1500.00000000,0.2848
1628699633843000,1,6256.00000000,0.2846
1628699633843000,1,207.48338490,0.2846
1628699636017000,0,213.03025058,0.2853
1628699645953000,0,1494.00000000,0.2853
1628699645953000,0,212.61137839,0.2853
1628699796884000,0,1670.97288396,0.2853
1628699806118000,1,4000.00000000,0.2847
1628699815387000,1,3900.00000000,0.2843
1628699815387000,1,2000.00000000,0.2842
1628699815387000,1,1496.00000000,0.2842
1628699815387000,1,6203.96772322,0.2842
1628699858844000,1,7472.80594199,0.2846
1628699858844000,1,312.93833013,0.2846
1628699858956000,1,312.93830000,0.2846
1628699863050000,0,3900.00000000,0.2850
1628699923804000,0,1436.43130000,0.2855
1628700066182000,0,2000.00000000,0.2855
1628700066182000,0,3900.00000000,0.2856
1628700066182000,0,1491.00000000,0.2856
1628700066182000,0,272.35720548,0.2857
1628700067194000,0,1500.00000000,0.2856
1628700067194000,0,3900.00000000,0.2856
1628700067194000,0,263.35720548,0.2857
1628700067656000,0,263.35720548,0.2856
1628700209129000,1,291.68375000,0.2855
1628700482645000,1,87.64979300,0.2866
1628700554995000,0,182.88144106,0.2875
1628700573038000,1,73.04347826,0.2871
1628700594522000,0,259.59164950,0.2875
1628700595037000,0,213.15357079,0.2876
1628700613567000,0,668.77092462,0.2871
1628700639737000,0,1301.66427151,0.2867
1628700662641000,0,1134.30393369,0.2864
1628700663603000,0,1488.00000000,0.2863
1628700663603000,0,1234.16989136,0.2863
1628700838084000,1,2000.00000000,0.2844
1628700838084000,1,1810.17539629,0.2844
1628700994364000,1,1990.43186626,0.2857
1628701289596000,0,349.40000000,0.2855
1628701290173000,0,349.40000000,0.2855
1628701473375000,0,319.24483950,0.2863
1628701613609000,0,1735.85164509,0.2866
1628701704154000,1,1115.14000000,0.2870
1628701715361000,1,1115.14000000,0.2870
1628701723937000,1,372.42483950,0.2871
1628701823781000,1,4213.12000000,0.2873
1628701823817000,1,0.00730563,0.2873
1628701894497000,1,1500.00000000,0.2870
1628701894497000,1,1831.46953405,0.2869
1628701999215000,0,1732.34597304,0.2872
1628702040310000,0,99.93686276,0.2870
1628702051577000,0,1156.95117868,0.2872
1628702063552000,0,694.19120920,0.2874
1628702097533000,0,920.67359150,0.2873
1628702155975000,0,3900.00000000,0.2884
1628702160275000,0,3900.00000000,0.2887
1628702160275000,0,195.27496547,0.2887
1628702160275000,0,1623.24021595,0.2887
1628702175699000,0,3900.00000000,0.2886
1628702178593000,0,1166.59702740,0.2886
1628702191358000,0,204.75332594,0.2886
1628702272239000,0,392.00000000,0.2890
1628702301935000,1,995.21146900,0.2892
1628702385887000,0,88.41094916,0.2899
1628702385887000,0,550.00000000,0.2900
1628702385887000,0,4000.00000000,0.2900
1628702385887000,0,1398.73880000,0.2900
1628702385887000,0,500.00000000,0.2900
1628702385887000,0,1809.18795084,0.2900
1628702386018000,0,88.41103721,0.2900
1628702396323000,0,91.07891000,0.2904
1628702397594000,0,0.00000757,0.2904
1628702397594000,0,88.27429243,0.2906
1628702401690000,0,0.00001472,0.2906
1628702402340000,0,2489.81100000,0.2909
1628702402409000,0,0.00004000,0.2909
1628702404316000,1,3900.00000000,0.2906
1628702405614000,1,3068.34631000,0.2902
1628702405770000,1,1000.00000000,0.2901
1628702405771000,1,2068.34631557,0.2901
1628702442309000,0,599.82034977,0.2898
1628702483975000,0,260.93096701,0.2894
1628702485531000,0,1470.00000000,0.2895
1628702485533000,0,1244.87080000,0.2896
1628702513837000,0,567.64989717,0.2896
1628702541083000,0,2000.00000000,0.2900
1628702541083000,0,3900.00000000,0.2900
1628702541083000,0,1526.00000000,0.2900
1628702541083000,0,3900.00000000,0.2900
1628702541083000,0,7343.61467451,0.2900
1628702541083000,0,1436.43130061,0.2901
1628702541083000,0,131822.37522846,0.2902
1628702555387000,0,166.66083988,0.2900
1628702580600000,0,394.54636115,0.2898
1628702582380000,0,734.51733370,0.2898
1628702671648000,0,1463.00000000,0.2911
1628702671720000,0,13707.00000000,0.2912
1628702685891000,0,181.77693000,0.2917
1628702686274000,0,0.00000526,0.2917
1628702686274000,0,1082.32541474,0.2919
1628702688687000,0,0.00001362,0.2919
1628702688754000,0,1500.00000000,0.2920
1628702688754000,0,500.00000000,0.2920
1628702688833000,0,71.22020000,0.2920
1628702692739000,0,0.00000147,0.2920
1628702696785000,1,2000.00000000,0.2919
1628702707957000,1,3900.00000000,0.2921
1628702732482000,0,1632.50010000,0.2928
1628702747132000,0,0.00000810,0.2928
1628702763247000,1,2000.00000000,0.2926
1628702810423000,1,241.13303789,0.2931
1628702817387000,1,8000.00000000,0.2930
1628702824853000,1,71.67235494,0.2922
1628702835017000,0,3900.00000000,0.2933
1628702835017000,0,1005.67866394,0.2934
1628702875769000,1,14093.01000000,0.2920
1628702875803000,1,0.00369863,0.2920
1628702880294000,0,2000.00000000,0.2921
1628702880294000,0,6997.91696088,0.2921
1628702915444000,0,500.00000000,0.2911
1628702915444000,0,7314.39808416,0.2911
1628702915444000,0,1612.19592090,0.2913
1628702926164000,1,52400.00000000,0.2906
1628702950830000,1,1872.32000000,0.2898
1628702954936000,0,1612.19590000,0.2901
1628702964064000,0,6500.00000000,0.2902
1628703000430000,0,682.12119020,0.2909
1628703048696000,0,1890.93334305,0.2908
1628703056707000,0,1714.22277780,0.2909
1628703067254000,0,1000.00000000,0.2908
1628703067254000,0,7318.77298034,0.2908
1628703067254000,0,1261.57498991,0.2909
1628703240319000,0,174.00884352,0.2902
1628703480259000,0,712.91012157,0.2902
1628703504300000,1,44063.73600843,0.2898
1628703504373000,1,31200.00000000,0.2898
1628703504795000,1,1799.53871174,0.2898
1628703504887000,1,36.72527983,0.2898
1628703548300000,0,1466.00000000,0.2901
1628703700130000,0,835.82079953,0.2923
1628703736013000,0,168.52010265,0.2926
1628703811896000,0,200.00000000,0.2922
1628703852742000,0,1811.51796693,0.2926
1628703857481000,0,5779.64100000,0.2925
1628703857506000,0,1501.32414945,0.2925
1628703862777000,1,3900.00000000,0.2926
1628703883766000,1,3900.00000000,0.2928
1628703917121000,0,3780.00000000,0.2935
1628703961206000,0,1446.00000000,0.2943
1628703997037000,1,2059.34813260,0.2926
1628704061272000,0,7278.58741743,0.2926
1628704061272000,0,3900.00000000,0.2926
1628704061331000,1,7278.58741743,0.2926
1628704061382000,1,9674.89610000,0.2926
1628704061391000,1,0.00002254,0.2926
1628704075386000,0,68.09785211,0.2924
1628704105004000,1,75900.00000000,0.2915
1628704172800000,0,6845.10597639,0.2915
1628704310670000,1,385.89618022,0.2913
1628704528471000,0,767.08657000,0.2915
1628704528788000,0,0.00000889,0.2915
1628704530286000,1,1459.00000000,0.2914
1628704673451000,1,31026.25000000,0.2910
1628704681657000,1,0.00429553,0.2910
1628704683816000,1,3900.00000000,0.2906
1628704914375000,1,116.35420000,0.2902
1628704953089000,0,413.52217512,0.2909
1628704986748000,1,3900.00000000,0.2908
1628704986748000,1,2000.00000000,0.2908
1628704986748000,1,3900.00000000,0.2908
1628704986748000,1,1189.69275432,0.2907
1628705013582000,0,387.42790442,0.2912
1628705040298000,0,181.30849562,0.2915
1628705061446000,0,3900.00000000,0.2913
1628705064618000,0,3057.63108294,0.2913
1628705084668000,0,287.65746000,0.2918
1628705084721000,0,0.00000708,0.2918
1628705085743000,0,431.48000000,0.2922
1628705136461000,0,7285.00000000,0.2922
1628705136765000,0,0.00620063,0.2922
1628705252761000,0,431.48620063,0.2930
1628705495366000,0,2661.53216786,0.2929
1628705694907000,0,5179.99000000,0.2910
1628705694922000,0,0.00500000,0.2910
1628705731346000,0,1647.55000000,0.2909
1628705731582000,0,0.00748913,0.2909
1628705839522000,0,3426.98426037,0.2903
1628705868210000,0,250.00000000,0.2901
1628705930744000,0,2000.00000000,0.2900
1628705930744000,0,3133.00000000,0.2900
1628706096260000,1,500.00000000,0.2892
1628706156737000,1,5275.57000000,0.2892
1628706166199000,1,94.11522862,0.2892
1628706240311000,1,391.07917233,0.2888
1628706344273000,1,725.17289235,0.2893
1628706376908000,0,5715.94143000,0.2896
1628706431534000,0,7340.73161607,0.2902
1628706431534000,0,3900.00000000,0.2902
1628706431534000,0,5963.67716929,0.2904
1628706448863000,1,2000.00000000,0.2899
1628706448948000,1,7335.00000000,0.2899
1628706470896000,1,260.20795800,0.2900
1628706511291000,0,5000.00000000,0.2901
1628706535053000,1,398.94137900,0.2899
1628706539301000,1,177.07336000,0.2899
1628706641681000,0,250.00000000,0.2898
1628706819857000,0,5000.00000000,0.2893
1628706819918000,0,2362.23138000,0.2893
1628706819930000,0,0.00000348,0.2893
1628706819930000,0,5876.55219652,0.2894
1628706867870000,0,3900.00000000,0.2896
1628706916312000,0,150.00000000,0.2899
1628706960300000,0,960.50961872,0.2893
1628707050763000,1,88620.92000000,0.2888
1628707050763000,1,217800.54000000,0.2887
1628707050763000,1,16878.92700243,0.2886
1628707050763000,1,201.50618909,0.2886
1628707050763000,1,4460.61400000,0.2885
1628707050763000,1,7372.08883969,0.2885
1628707050763000,1,1473.00000000,0.2885
1628707050763000,1,194.73617351,0.2885
1628707050763000,1,199.39344532,0.2884
1628707050763000,1,14744.17767937,0.2884
1628707050763000,1,68830.71339393,0.2883
1628707050763000,1,202.34026018,0.2883
1628707050763000,1,2106.00000000,0.2882
1628707050763000,1,22117.10315647,0.2882
1628707050763000,1,70023.04666103,0.2881
1628707090672000,0,482.67738359,0.2886
1628707138107000,0,1474.00000000,0.2888
1628707204082000,1,3900.00000000,0.2886
1628707204082000,1,558.54111485,0.2885
1628707337458000,1,3900.00000000,0.2897
1628707337458000,1,1500.00000000,0.2897
1628707337458000,1,15565.66895700,0.2896
1628707462327000,1,690.51236017,0.2894
1628707463267000,0,3900.00000000,0.2897
1628707475322000,0,2000.00000000,0.2898
1628707475324000,0,2943.23140000,0.2899
1628707476056000,0,3900.00000000,0.2899
1628707497640000,0,118.89981031,0.2895
1628707551150000,0,3604.23404916,0.2896
1628707560324000,0,3900.00000000,0.2897
1628707560324000,0,7353.87930159,0.2897
1628707560324000,0,16919.76176457,0.2898
1628707560324000,0,626.20878177,0.2898
1628707601801000,0,3900.00000000,0.2899
1628707601801000,0,1500.00000000,0.2899
1628707601801000,0,7348.91695767,0.2899
1628707601801000,0,1469.00000000,0.2900
1628707601801000,0,198.70863960,0.2900
1628707601801000,0,328.56782350,0.2901
1628707638973000,1,145.21815307,0.2898
1628707909523000,1,100.00000000,0.2897
1628707996676000,1,1443.48126000,0.2892
1628708000331000,1,0.00000403,0.2892
1628708063325000,0,330.44662882,0.2889
1628708107997000,0,345.70000000,0.2884
1628708108816000,0,345.70000000,0.2884
1628708109147000,0,345.70000000,0.2884
1628708224761000,1,3900.00000000,0.2896
1628708360420000,1,590.29358400,0.2890
1628708369661000,0,814.80000000,0.2893
1628708369695000,0,0.00218536,0.2893
1628708669026000,0,1466.00000000,0.2904
1628708669026000,0,1000.00000000,0.2904
1628708669026000,0,7336.80281245,0.2904
1628708669026000,0,3900.00000000,0.2905
1628708669026000,0,14672.63111620,0.2906
1628708669026000,0,22015.42100096,0.2907
1628708669026000,0,87943.03000000,0.2907
1628708669026000,0,199.01510261,0.2907
1628708669026000,0,76600.00000000,0.2907
1628708669026000,0,220778.27000000,0.2908
1628708669026000,0,16911.73950632,0.2908
1628708669026000,0,205.60458563,0.2908
1628708669026000,0,2106.00000000,0.2909
1628708669026000,0,6256.00000000,0.2910
1628708669026000,0,20131.00000000,0.2919
1628708669026000,0,12688.76319570,0.2919
1628708669026000,0,15855.66091426,0.2919
1628708669155000,0,1000.00000000,0.2904
1628708669203000,0,6336.80281245,0.2904
1628708672897000,0,7335.26810000,0.2905
1628708672988000,0,0.00006983,0.2905
1628708672988000,0,2286.39153017,0.2906
1628708696068000,1,5057.75230000,0.2903
1628708696130000,1,5000.00000000,0.2903
1628708753590000,0,6000.00000000,0.2900
1628708753654000,0,1344.67588000,0.2900
1628708767104000,0,7339.91617000,0.2902
1628708829060000,0,0.00000302,0.2902
1628708829060000,0,7335.11145698,0.2904
1628708857782000,0,0.00001061,0.2904
1628708857782000,0,3899.99999939,0.2904
1628708859866000,0,3900.00000000,0.2905
1628708869973000,0,7329.47365000,0.2906
1628708874963000,1,601.91784000,0.2904
1628708901713000,0,7332.37227000,0.2905
1628708957200000,1,0.00000595,0.2904
1628708957200000,1,86.51206905,0.2903
1628709058216000,0,162.75932366,0.2904
1628709094329000,0,397.93456849,0.2904
1628709102492000,1,122.77563437,0.2901
1628709235793000,0,3900.00000000,0.2904
1628709252377000,0,4175.15890000,0.2905
1628709252392000,0,3157.65420851,0.2905
1628709296774000,0,3900.00000000,0.2907
1628709308397000,1,20637.28580000,0.2905
1628709308450000,1,9000.00000000,0.2905
1628709308473000,1,15600.00000000,0.2905
1628709308511000,1,8000.00000000,0.2905
1628709308562000,1,8500.00000000,0.2905
1628709308609000,1,4000.00000000,0.2905
1628709308660000,1,4000.00000000,0.2905
1628709308708000,1,2000.00000000,0.2905
1628709391171000,0,3900.00000000,0.2903
1628709406203000,1,231.97499397,0.2901
1628709406203000,1,579.91351578,0.2901
1628709406203000,1,444.96053224,0.2900
1628709430825000,0,3900.00000000,0.2903
1628709430994000,0,7338.03039229,0.2903
1628709439340000,0,7339.01206184,0.2903
1628709439340000,0,3899.99793816,0.2903
1628709440596000,0,7339.01206184,0.2903
1628709440596000,0,3899.99793816,0.2903
1628709444151000,1,226.78509000,0.2902
1628709444290000,1,0.00000926,0.2902
1628709444290000,1,566.96664074,0.2901
1628709457020000,1,222.90645000,0.2900
1628709460993000,1,14357.63757280,0.2902
1628709509903000,0,7349.57000000,0.2899
1628709516051000,0,0.00296103,0.2899
1628709571550000,0,200.65161179,0.2900
1628709610641000,0,500.00000000,0.2905
1628709610641000,0,7334.38985622,0.2905
1628709610641000,0,2921.55515028,0.2905
1628709808830000,1,200.24949000,0.2902
1628709809032000,1,0.00000722,0.2902
1628709809253000,1,200.24949000,0.2902
1628709840328000,0,7340.29007916,0.2903
1628709840328000,0,1467.00000000,0.2903
1628709840328000,0,3.75876545,0.2904
1628709847737000,0,7340.29000000,0.2903
1628709847809000,0,0.00007916,0.2903
1628709847809000,0,12163.46442084,0.2903
1628709857237000,0,3500.00000000,0.2902
1628710016114000,1,3900.00000000,0.2895
1628710016114000,1,2000.00000000,0.2895
1628710016114000,1,195.75618243,0.2895
1628710016114000,1,90562.77000000,0.2895
1628710016114000,1,489.48169784,0.2894
1628710016114000,1,1272.33612923,0.2894
1628710016114000,1,2106.00000000,0.2894
1628710016114000,1,7353.62206978,0.2894
1628710016114000,1,4460.61400000,0.2893
1628710016114000,1,24159.41992072,0.2893
1628710051709000,1,185.90443886,0.2896
1628710051709000,1,314.09556114,0.2896
1628710169946000,0,34541.63000000,0.2913
1628710177537000,0,3900.00000000,0.2911
1628710177537000,0,1100.00000000,0.2911
1628710182857000,0,3900.00000000,0.2912
1628710196723000,0,3900.00000000,0.2913
1628710255659000,1,1418.36874000,0.2906
1628710278153000,0,2000.00000000,0.2908
1628710278247000,0,158.61080000,0.2909
1628710538733000,0,5327.29380000,0.2932
1628710538810000,0,8172.70620000,0.2932
1628710553467000,0,4000.00000000,0.2936
1628710553529000,0,3258.32675000,0.2936
1628710553541000,0,0.00000430,0.2936
1628710636215000,0,598.51304192,0.2941
1628710817586000,1,250.00000000,0.2936
1628710837441000,0,303.27083120,0.2939
1628710882265000,1,174.47786061,0.2933
1628710882265000,1,436.09658684,0.2933
1628711083353000,0,341.43000000,0.2945
1628711083392000,0,0.00000044,0.2945
1628711102071000,1,1177.32000000,0.2947
1628711109327000,1,1177.32000000,0.2944
1628711109710000,1,413.70155000,0.2944
1628711132329000,0,50000.00000000,0.2944
1628711152039000,0,2000.00000000,0.2950
1628711152039000,0,222.64222264,0.2950
1628711152039000,0,499.99777736,0.2950
1628711152114000,0,0.00222264,0.2950
1628711156228000,1,3900.00000000,0.2950
1628711158892000,1,339.17645000,0.2948
1628711185742000,0,10000.00000000,0.2953
1628711205387000,1,4000.77840000,0.2947
1628711223016000,1,86.10000000,0.2943
1628711247400000,1,2000.00000000,0.2944
1628711247400000,1,336.42003598,0.2943
1628711247400000,1,840.98896122,0.2943
1628711282115000,1,330.70470000,0.2942
1628711282248000,1,0.00007549,0.2942
1628711312390000,0,29023.99000000,0.2946
1628711312568000,0,30976.01000000,0.2946
1628711377996000,0,3900.00000000,0.2950
1628711392573000,1,133.00540123,0.2948
1628711403694000,0,337.20557700,0.2950
1628711406978000,0,3900.00000000,0.2951
1628711406978000,0,2000.00000000,0.2951
1628711406978000,0,4182.49252243,0.2951
1628711408924000,0,1000.00000000,0.2954
1628711408924000,0,3389.90763749,0.2954
1628711408924000,0,3389.90763749,0.2954
1628711408924000,0,1199.60022502,0.2954
1628711408945000,0,7275.10820000,0.2954
1628711433303000,0,2500.00000000,0.2958
1628711462258000,0,159.06004869,0.2962
1628711464834000,0,3378.40908080,0.2962
1628711464835000,0,0.00000001,0.2962
1628711506727000,0,14000.00007000,0.2967
1628711506794000,0,55000.00000000,0.2967
1628711506857000,0,7500.00000000,0.2967
1628711506921000,0,3499.99993000,0.2967
1628711516071000,1,263.88634219,0.2964
1628711533673000,1,261.36364000,0.2958
1628711569362000,0,68.60000000,0.2963
1628711569829000,0,1.40000000,0.2963
1628711618725000,0,100.00000000,0.2970
1628711619692000,0,2555.48721436,0.2973
1628711619788000,0,7444.51278564,0.2973
1628711655407000,0,83.53129617,0.2978
1628711681874000,1,209.81865000,0.2972
1628711681925000,1,0.00000598,0.2972
1628711681925000,1,209.86378402,0.2972
1628711692734000,1,208.23344000,0.2965
1628711695880000,0,3900.00000000,0.2968
1628711695880000,0,4639.00000000,0.2969
1628711695880000,0,1542.99700195,0.2969
1628711720510000,0,779.11900000,0.2974
1628711720587000,0,0.00002820,0.2974
1628711727916000,0,807.46000000,0.2975
1628711745549000,0,793.28950000,0.2974
1628711745549000,0,3954.11970000,0.2974
1628711811054000,1,206.21473000,0.2978
1628711811058000,1,0.00000854,0.2978
1628711811129000,1,206.23270000,0.2978
1628711811216000,1,309.34911037,0.2978
1628711811545000,1,206.23272000,0.2977
1628711811608000,0,3900.00000000,0.2979
1628711811608000,0,1830.00000000,0.2979
1628711811643000,0,1149.73600000,0.2979
1628711811659000,0,29020.26400000,0.2979
1628711811659000,0,1830.00000000,0.2979
1628711811659000,0,3900.00000000,0.2979
1628711812171000,1,206.30746721,0.2977
1628711819589000,0,980.00000000,0.2980
1628711819671000,0,20.00000000,0.2980
1628711843590000,0,424.03000000,0.2984
1628711846905000,0,0.00013448,0.2984
1628711849505000,0,3876.00000000,0.2990
1628711849591000,0,3346.98904865,0.2990
1628711849591000,0,557.01095135,0.2990
1628711853723000,0,2442.98904865,0.2990
1628711854773000,0,697.67000000,0.2993
1628711854795000,0,0.00504359,0.2993
1628711856316000,1,334.89999999,0.2989
1628711857004000,1,334.80000000,0.2989
1628711857209000,1,334.89999999,0.2989
1628711865724000,1,3900.00000000,0.2990
1628711865855000,1,159.47560000,0.2990
1628711865924000,1,0.00000976,0.2990
1628711865924000,1,159.44436024,0.2990
1628711874528000,1,413.52217512,0.2992
1628711875670000,1,156.12601526,0.2992
1628711875670000,1,390.31502474,0.2992
1628711876172000,1,390.31503815,0.2990
1628711881849000,0,544.83683349,0.2995
1628711883186000,1,151.29348000,0.2989
1628711883754000,1,151.29348123,0.2988
1628711883754000,1,151.34082877,0.2988
1628711884508000,1,378.32753168,0.2984
1628711884508000,1,151.29348123,0.2984
1628711884508000,1,151.34082709,0.2984
1628711884864000,1,0.00001065,0.2984
1628711884864000,1,378.32748935,0.2983
1628711884906000,1,0.00004233,0.2983
1628711884906000,1,1999.99995767,0.2983
1628711885113000,1,939.79450000,0.2983
1628711885175000,1,15696.45548007,0.2983
1628711885346000,0,2000.00000000,0.2983
1628711885641000,0,3900.00000000,0.2983
1628711893792000,0,1900.00000000,0.2977
1628711896358000,1,156.14433817,0.2970
1628711896358000,1,390.36083183,0.2970
1628711896725000,1,3900.00000000,0.2970
1628711899159000,1,3900.00000000,0.2968
1628711915516000,0,2000.00000000,0.2972
1628711923021000,1,5217.26300000,0.2970
1628711948734000,0,1294.76906200,0.2979
1628711983536000,0,100000.00000000,0.2997
1628711983776000,0,3337.08207786,0.2998
1628711983776000,0,8343.18024655,0.2999
1628711983776000,0,21690.27931465,0.3000
1628711983776000,0,2000.00000000,0.3000
1628711983776000,0,100.00000000,0.3000
1628711983776000,0,2708.63724458,0.3000
1628711983776000,0,120.00000000,0.3000
1628711983776000,0,100.00000000,0.3000
1628711983776000,0,1000.00000000,0.3000
1628711983776000,0,769.62558440,0.3000
1628711991599000,1,775.46175924,0.2995
1628711991599000,1,2016.20057401,0.2995
1628711991599000,1,310.00053675,0.2995
1628711994382000,1,309.02548906,0.2991
1628711994382000,1,772.56361094,0.2991
1628711994421000,1,0.00011171,0.2991
1628711994461000,1,1909.26294335,0.2990
1628711994461000,1,2000.00000000,0.2990
1628712030805000,0,783.09888378,0.2983
1628712036064000,1,2000.00000000,0.2979
1628712036064000,1,809.14810000,0.2979
1628712046120000,0,23729.05000000,0.2978
1628712048662000,1,15600.00000000,0.2978
1628712048741000,1,15600.00000000,0.2978
1628712049720000,1,71123.23000000,0.2978
1628712049955000,1,0.00605467,0.2978
1628712056218000,1,273.07160000,0.2971
1628712056320000,1,0.00000403,0.2971
1628712056320000,1,1802.36770653,0.2970
1628712056320000,1,682.62492944,0.2970
1628712056593000,1,273.07385000,0.2970
1628712063768000,1,0.00000258,0.2970
1628712085826000,1,246.03054641,0.2958
1628712085841000,1,0.00000001,0.2958
1628712086035000,1,245.56450000,0.2957
1628712086162000,1,615.20904264,0.2957
1628712086365000,1,615.20904264,0.2957
1628712086407000,1,0.11489786,0.2957
1628712086407000,1,246.12957620,0.2957
1628712086482000,0,454.90000000,0.2959
1628712087049000,0,201.60680091,0.2957
1628712087049000,0,135.29319908,0.2957
1628712089360000,1,3683.71523000,0.2950
1628712090050000,1,200.00000000,0.2950
1628712096982000,0,3095.00000000,0.2955
1628712097122000,0,2000.00000000,0.2955
1628712167844000,1,236.30973773,0.2958
1628712167844000,1,3247.40546227,0.2958
1628712187549000,1,234.88513193,0.2960
1628712204845000,1,102.06095100,0.2956
1628712207067000,0,1685.79533862,0.2960
1628712226684000,0,3386.62458000,0.2955
1628712237489000,1,250.21681002,0.2951
1628712237685000,1,250.21681002,0.2950
1628712237685000,1,2249.78318998,0.2950
1628712254939000,1,97750.21681002,0.2950
1628712254939000,1,176024.74318998,0.2950
1628712255192000,1,0.00257273,0.2950
1628712367070000,1,2000.00000000,0.2955
1628712367070000,1,1000.00000000,0.2955
1628712369795000,1,88.78142610,0.2954
1628712381720000,0,319.38155894,0.2960
1628712383754000,1,262.89275000,0.2955
1628712383865000,1,0.00000816,0.2955
1628712383865000,1,4921.99999184,0.2955
1628712390174000,1,3000.00000000,0.2950
1628712411666000,0,3822.00000000,0.2959
1628712443699000,0,2000.00000000,0.2963
1628712443699000,0,3900.00000000,0.2963
1628712443872000,1,748.05604929,0.2960
1628712444294000,0,3900.00000000,0.2963
1628712561648000,0,1311.71850699,0.2958
1628712569124000,0,500.00000000,0.2964
1628712569124000,0,3900.00000000,0.2964
1628712569124000,0,3376.16562118,0.2964
1628712569124000,0,3380.06841258,0.2964
1628712569124000,0,629.37722017,0.2965
1628712576334000,0,1513.97125603,0.2964
1628712663782000,1,68.00000000,0.2960
1628712687499000,1,4000.00000000,0.2965
1628712697754000,1,2664.41930357,0.2965
1628712697769000,1,6700.61368989,0.2965
1628712697820000,1,16473.33000000,0.2965
1628712697849000,1,69916.30000000,0.2965
1628712697989000,1,10245.33700654,0.2965
1628712748760000,1,11758.64000000,0.2962
1628712748825000,1,0.00397622,0.2962
1628712780168000,0,99.77714749,0.2965
1628712837379000,1,200.00000000,0.2970
1628712840072000,0,6000.00000000,0.2970
1628712862581000,0,1432.00000000,0.2973
1628712862588000,0,7165.47250000,0.2973
1628712964028000,1,300.00000000,0.2979
1628713029903000,0,3501.43830000,0.2965
1628713039710000,0,3372.99585000,0.2967
1628713039904000,0,0.00000188,0.2967
1628713077309000,0,167.45621003,0.2971
1628713093592000,0,7171.09365074,0.2971
1628713093592000,0,2843.11241726,0.2971
1628713190227000,1,3900.00000000,0.2960
1628713200317000,0,107.23254244,0.2964
1628713293234000,0,3372.72391000,0.2969
1628713317657000,1,5517.65736622,0.2968
1628713317870000,1,782.19890000,0.2966
1628713331730000,0,332.14189371,0.2965
1628713336326000,0,154.55721174,0.2965
1628713399628000,1,558.06449000,0.2972
1628713434267000,1,3000.00000000,0.2976
1628713457074000,1,1430.00000000,0.2975
1628713521522000,0,486.69900000,0.2980
1628713521524000,0,26267.14715384,0.2980
1628713521524000,0,4932.85284616,0.2980
1628713535783000,0,7135.22035147,0.2987
1628713535783000,0,3164.77964853,0.2987
1628713537277000,1,1097.58500861,0.2983
1628713559513000,1,3900.00000000,0.2989
1628713560283000,0,1000.00000000,0.2991
1628713560283000,0,87196.83670329,0.2991
1628713564633000,1,397.93456849,0.2987
1628713585866000,1,3569.28516000,0.2992
1628713611729000,0,3341.09228000,0.2995
1628713680312000,1,4460.61400000,0.2995
1628713680312000,1,1420.00000000,0.2995
1628713680312000,1,669.57491209,0.2995
1628713680312000,1,1673.93728021,0.2994
1628713680312000,1,193.72864115,0.2994
1628713680312000,1,4374.09979459,0.2994
1628713680312000,1,6345.72600039,0.2994
1628713733155000,1,2106.00000000,0.2995
1628713811315000,1,1427.00000000,0.2982
1628713828152000,0,1431.00000000,0.2979
1628713828152000,0,3900.00000000,0.2980
1628713828152000,0,8399.25636473,0.2980
1628713828152000,0,3359.41284866,0.2980
1628713828152000,0,16304.06401478,0.2980
1628713829155000,0,83.48363929,0.2980
1628713880934000,0,500.00000000,0.2981
1628713914982000,1,2000.00000000,0.2969
1628713914982000,1,2135.41788000,0.2969
1628713920329000,0,174.56346568,0.2974
1628713939164000,1,3900.00000000,0.2970
1628713939164000,1,1500.00000000,0.2970
1628713939164000,1,703.53631132,0.2969
1628713939164000,1,8641.65710945,0.2969
1628714001172000,0,100.00000000,0.2978
1628714050210000,0,167.20295748,0.2975
1628714056983000,0,99.31104016,0.2976
1628714174422000,0,1434.00000000,0.2970
1628714199740000,1,884.77337349,0.2965
1628714199740000,1,2211.93343373,0.2965
1628714199740000,1,7173.52677629,0.2965
1628714199740000,1,3900.00000000,0.2965
1628714199740000,1,9742.63688502,0.2965
1628714249642000,0,754.59986800,0.2964
1628714398761000,1,876.46102970,0.2964
1628714398761000,1,2191.07867030,0.2964
1628714398775000,1,0.00004522,0.2964
1628714398775000,1,6547.49785478,0.2963
1628714399693000,0,2000.00000000,0.2964
1628714399693000,0,2191.07871000,0.2964
1628714399693000,0,3899.99129000,0.2964
1628714531819000,0,3900.00000000,0.2961
1628714531819000,0,4487.72868478,0.2962
1628714547280000,1,142.18702486,0.2960
1628714605622000,0,1500.00000000,0.2967
1628714605622000,0,3880.51705656,0.2967
1628714708168000,0,3374.64255000,0.2965
1628714708238000,0,0.00000786,0.2965
1628714708238000,0,1436.00000000,0.2965
1628714708238000,0,6221.80399214,0.2966
1628714771552000,0,110.71941044,0.2956
1628714780326000,0,335.88493900,0.2956
1628714797948000,1,2648.97281604,0.2952
1628714885897000,1,2020.81355000,0.2950
1628714885958000,1,0.00000932,0.2950
1628714899581000,1,1093.65061908,0.2943
1628714899581000,1,1445.00000000,0.2943
1628714899581000,1,1340.51541733,0.2943
1628714928912000,1,1091.26162866,0.2946
1628714928912000,1,1444.00000000,0.2945
1628714937164000,0,1445.00000000,0.2949
1628714937227000,0,37017.15743000,0.2949
1628714954010000,1,617.97955719,0.2945
1628715002602000,1,250.00000000,0.2937
1628715012800000,0,3400.75904942,0.2945
1628715012800000,0,8501.72485574,0.2945
1628715098259000,1,632.87482285,0.2945
1628715098262000,1,743.47310000,0.2944
1628715098305000,1,832.35933235,0.2944
1628715098305000,1,2000.00000000,0.2944
1628715098305000,1,3473.57064338,0.2944
1628715098660000,1,621.89604320,0.2944
1628715098660000,1,621.89604320,0.2943
1628715098660000,1,932.84405360,0.2943
1628715098680000,1,621.89605441,0.2943
1628715099085000,1,1500.00000000,0.2942
1628715190002000,1,2500.00000000,0.2940
1628715242961000,0,2550.00000000,0.2938
1628715258340000,0,3400.99295000,0.2942
1628715379439000,0,3900.00000000,0.2940
1628715379439000,0,616.76920722,0.2940
1628715427985000,0,3900.00000000,0.2944
1628715448459000,1,955.40387000,0.2943
1628715448510000,1,0.00000750,0.2943
1628715448510000,1,2388.50968250,0.2943
1628715453581000,0,2000.00000000,0.2944
1628715453581000,0,1900.00000000,0.2944
1628715453667000,0,1900.00000000,0.2944
1628715579746000,0,3397.37678482,0.2945
1628715599743000,1,248.49709835,0.2944
1628715620413000,0,3399.97280022,0.2944
1628715740740000,0,3404.74210000,0.2939
1628715740825000,0,602.76090000,0.2940
1628715791283000,1,271.38040000,0.2936
1628715792164000,1,0.00000257,0.2936
1628715792164000,1,2106.00000000,0.2935
1628715840317000,0,163.29750920,0.2917
1628715840952000,1,3900.00000000,0.2914
1628715840952000,1,2106.00000000,0.2914
1628715840952000,1,16540.16113068,0.2913
1628715840952000,1,2029.81699614,0.2913
1628715840952000,1,1459.00000000,0.2913
1628715840952000,1,13193.99106979,0.2913
1628715840952000,1,1997.08449625,0.2913
1628715840952000,1,6256.00000000,0.2912
1628715840952000,1,207.59886420,0.2912
1628715840952000,1,201.55951803,0.2911
1628715840952000,1,4460.61400000,0.2908
1628715840952000,1,123672.91968762,0.2908
1628715847761000,1,3900.00000000,0.2917
1628715847761000,1,1945.82089690,0.2916
1628715847761000,1,6909.52127070,0.2916
1628715873938000,1,973.92500000,0.2907
1628715873973000,1,0.00000859,0.2907
1628715874057000,1,1464.00000000,0.2907
1628715874272000,1,2000.00000000,0.2904
1628715874272000,1,5190.97958363,0.2903
1628715874272000,1,2076.74191629,0.2903
1628715874272000,1,6332.27850008,0.2903
1628715874361000,1,2000.00000000,0.2903
1628715874361000,1,3362.07500000,0.2902
1628715878006000,0,3900.00000000,0.2906
1628715915111000,1,412.75862999,0.2900
1628715915806000,1,0.00000001,0.2900
1628715926322000,1,197.54068000,0.2894
1628715926611000,1,0.00000319,0.2894
1628715926611000,1,387.42790123,0.2890
1628715937926000,1,1470.00000000,0.2893
1628715955086000,1,150.00000000,0.2890
1628715955611000,1,1472.00000000,0.2888
1628715955611000,1,3458.91533338,0.2888
1628715955611000,1,1101.52699056,0.2887
1628715955637000,1,7545.88017088,0.2887
1628715955637000,1,2454.11982912,0.2887
1628715960036000,1,3460.59114000,0.2887
1628715967161000,1,7377.39265515,0.2883
1628715967161000,1,3900.00000000,0.2883
1628715967161000,1,5916.91549005,0.2882
1628715972140000,1,1380.90383000,0.2885
1628715972516000,1,254.43000000,0.2885
1628715972731000,1,0.00504680,0.2885
1628715991396000,1,3500.00000000,0.2881
1628715991715000,1,1529.46484346,0.2881
1628715992435000,1,0.00000001,0.2881
1628716004140000,1,271.46679639,0.2878
1628716004771000,1,0.00000001,0.2878
1628716012008000,1,69.59523412,0.2874
1628716012008000,1,70.42620121,0.2874
1628716030006000,1,3188.83554188,0.2865
1628716044750000,0,16176.20059000,0.2875
1628716044989000,0,0.00000470,0.2875
1628716065285000,1,4042.00000000,0.2882
1628716065285000,1,1048.00000000,0.2882
1628716099116000,1,1000.00000000,0.2897
1628716133877000,1,1526.00000000,0.2900
1628716139184000,0,2664.51865491,0.2905
1628716170135000,0,3440.58770000,0.2908
1628716177695000,1,2415.00000000,0.2908
1628716186159000,1,6500.00000000,0.2905
1628716193117000,1,577.97227147,0.2895
1628716236201000,0,200.64346923,0.2889
1628716236201000,0,197.50425403,0.2890
1628716236201000,0,891.30727674,0.2890
1628716236220000,0,200.54314116,0.2890
1628716236264000,0,1197.02354795,0.2889
1628716236417000,0,1999.00000000,0.2889
1628716236543000,0,2000.00000000,0.2889
1628716236543000,0,87.94695578,0.2889
1628716236672000,0,500.00000000,0.2889
1628716236672000,0,3020.41431203,0.2889
1628716236797000,0,3069.69488501,0.2889
1628716237139000,1,5275.57000000,0.2889
1628716237139000,1,3183.41529760,0.2889
1628716240625000,0,3462.69941000,0.2891
1628716240706000,0,0.00000917,0.2891
1628716240706000,0,465.87809083,0.2891
1628716240706000,0,8196.73414122,0.2891
1628716240971000,0,3465.06559000,0.2892
1628716244657000,0,3456.92980000,0.2895
1628716245092000,0,0.00000959,0.2895
1628716245092000,0,3460.03964041,0.2895
1628716277629000,0,3900.00000000,0.2899
1628716277629000,0,11136.48508260,0.2899
1628716312046000,1,5275.57000000,0.2891
1628716312046000,1,2000.00000000,0.2887
1628716312046000,1,3900.00000000,0.2887
1628716312046000,1,1046.40531700,0.2887
1628716320312000,1,1125.71986937,0.2885
1628716366126000,0,3467.60812309,0.2887
1628716373635000,0,28132.06095000,0.2886
1628716373827000,0,0.00000750,0.2886
1628716415085000,1,3316.92595000,0.2885
1628716415142000,1,3500.00000000,0.2885
1628716437358000,0,3464.87399293,0.2890
1628716437358000,0,8661.23600707,0.2890
1628716437360000,0,0.00874724,0.2890
1628716437431000,0,5504.18810000,0.2890
1628716491365000,0,0.00006199,0.2890
1628716517842000,0,73.50000000,0.2890
1628716546865000,1,4467.38000000,0.2885
1628716549227000,1,0.00301559,0.2885
1628716604914000,0,103.66669100,0.2879
1628716615492000,1,3900.00000000,0.2871
1628716615492000,1,500.00000000,0.2871
1628716615492000,1,3477.39059472,0.2870
1628716615492000,1,3479.64154713,0.2870
1628716615492000,1,15863.80040948,0.2870
1628716615526000,1,5275.57000000,0.2869
1628716615526000,1,3476.97950133,0.2869
1628716615526000,1,210.46117073,0.2867
1628716615592000,0,3477.39059472,0.2861
1628716615598000,0,188.39153574,0.2861
1628716615607000,0,239.81878472,0.2861
1628716615630000,0,44512.44670345,0.2861
1628716615675000,0,2000.00000000,0.2861
1628716615780000,1,5377.10400000,0.2861
1628716618059000,1,12475.35000000,0.2861
1628716622101000,1,0.00993893,0.2861
1628716622101000,1,3899.99006107,0.2861
1628716622102000,1,0.00993893,0.2861
1628716623037000,1,3900.00000000,0.2858
1628716630249000,0,3498.33270000,0.2863
1628716665904000,1,3900.00000000,0.2866
1628716665904000,1,2496.77087000,0.2866
1628716665904000,1,3900.00000000,0.2866
1628716665982000,0,3900.00000000,0.2864
1628716665998000,0,2230.30700000,0.2864
1628716666008000,0,8103.44867247,0.2864
1628716666122000,0,1500.00000000,0.2871
1628716666122000,0,142.40807136,0.2871
1628716704469000,1,2000.00000000,0.2872
1628716704469000,1,664.51865491,0.2872
1628717280294000,1,1500.00000000,0.2881
1628717280294000,1,5891.39577579,0.2881
1628717328236000,0,3473.05164541,0.2883
1628717393722000,0,1.50000000,0.2890
1628717422644000,1,736.42040768,0.2888
1628717544614000,0,2000.00000000,0.2909
1628717544614000,0,3442.50154439,0.2909
1628717544614000,0,3442.45917327,0.2909
1628717544614000,0,5075.62481454,0.2909
1628717572754000,1,1000.00000000,0.2903
1628717580414000,1,757.00000000,0.2903
1628717700264000,0,85.43124806,0.2914
1628717754284000,1,2625.00000000,0.2906
1628717782975000,1,732.40757016,0.2907
1628717832536000,0,1277.81640491,0.2916
1628718036518000,0,2927.47606300,0.2920
