timestamp ms,type,amount,price
1623369647593000,0,1050.76863950,0.2780
1623369741384000,1,2700.00000000,0.2751
1623369765517000,1,2157.83150000,0.2739
1623369765866000,1,18404.18660370,0.2739
1623369968248000,0,5500.00000000,0.2754
1623369999387000,1,3627.92311000,0.2755
1623370000337000,1,3627.92311000,0.2753
1623370155375000,1,3599.81790000,0.2776
1623370156180000,1,408.00000000,0.2776
1623370214406000,0,2930.08648475,0.2785
1623370554817000,0,2700.00000000,0.2790
1623370928957000,0,2700.00000000,0.2762
1623370974511000,1,3624.39912000,0.2757
1623371473199000,0,3661.97856000,0.2734
1623371478119000,1,2700.00000000,0.2730
1623371478119000,1,3000.00000000,0.2730
1623371478119000,1,1500.00000000,0.2730
1623371478119000,1,2700.00000000,0.2730
1623371478119000,1,22899.18088095,0.2730
1623371497227000,1,3651.50520000,0.2736
1623371497353000,1,0.00006857,0.2736
1623371497353000,1,3651.50519999,0.2736
1623371497646000,1,1748.49480000,0.2736
1623371497955000,1,3728.48525568,0.2736
1623371497955000,1,9128.95192329,0.2736
1623371791150000,0,365.40000000,0.2735
1623371791211000,0,3292.80140153,0.2735
1623371791211000,0,2700.00000000,0.2736
1623371791211000,0,1007.19859847,0.2736
1623371791733000,0,365.40000000,0.2735
1623371792053000,0,365.40000000,0.2735
1623371792527000,0,365.40000000,0.2735
1623371792842000,0,365.40000000,0.2735
1623371793276000,0,365.40000000,0.2735
1623371793669000,0,365.40000000,0.2735
1623371794139000,0,365.40000000,0.2735
1623371794626000,0,365.40000000,0.2735
1623371795075000,0,365.40000000,0.2735
1623371795546000,0,365.40000000,0.2735
1623371795875000,0,365.40000000,0.2736
1623371821641000,0,364.80000000,0.2733
1623371822053000,0,364.80000000,0.2733
1623371822553000,0,364.80000000,0.2733
1623371822846000,0,364.80000000,0.2733
1623371823068000,0,774.80000000,0.2733
1623371823323000,0,364.80000000,0.2733
1623371823517000,0,648.50000000,0.2733
1623371824007000,0,364.80000000,0.2733
1623371824336000,0,395.90000000,0.2733
1623371825446000,0,364.80000000,0.2733
1623371825616000,0,5569.00000000,0.2733
1623371848887000,0,379.20000000,0.2735
1623371861718000,1,2550.38447000,0.2731
1623371864633000,1,0.00000455,0.2731
1623371866070000,0,115.30000000,0.2732
1623371866695000,0,86.50000000,0.2732
1623371881998000,0,201.80000000,0.2731
1623371882422000,0,3462.13045429,0.2731
1623371955309000,0,23848.00790121,0.2728
1623371969782000,1,2700.00000000,0.2730
1623372139901000,1,2700.00000000,0.2743
1623372222979000,1,3649.10528000,0.2738
1623373018865000,1,23000.00000000,0.2720
1623373019292000,1,9187.52848134,0.2718
1623373019292000,1,3674.26025991,0.2718
1623373019292000,1,1902.55956000,0.2717
1623373019332000,1,1243.41079840,0.2717
1623373133302000,1,3683.89780000,0.2713
1623373133517000,1,0.00000589,0.2713
1623373133517000,1,73.72804379,0.2713
1623373133517000,1,9136.07117032,0.2712
1623373133574000,1,73.72805606,0.2712
1623373133574000,1,18.66338285,0.2712
1623373133625000,1,1099.83673469,0.2712
1623373137420000,1,100.00000000,0.2710
1623373155711000,1,3696.20548184,0.2704
1623373158206000,1,11095.23035147,0.2700
1623373158206000,1,2700.00000000,0.2700
1623373158206000,1,3696.20548184,0.2700
1623373158206000,1,4609.63654252,0.2700
1623373158207000,1,2805.57436830,0.2700
1623373158208000,1,1823.92755800,0.2700
1623373158208000,1,3693.17680274,0.2700
1623373158208000,1,920.00000000,0.2700
1623373158208000,1,9000.00000000,0.2700
1623373158208000,1,733.37037037,0.2700
1623373158208000,1,370.00000000,0.2700
1623373158208000,1,398.23329231,0.2700
1623373158208000,1,5162.36435241,0.2698
1623373158210000,1,113.20564759,0.2698
1623373158210000,1,388.00000000,0.2698
1623373158210000,1,12600.00000000,0.2698
1623373158423000,1,540.34509634,0.2684
1623373158467000,1,1442.51719311,0.2684
1623373158511000,1,1017.13771055,0.2684
1623373158511000,1,2500.00000000,0.2684
1623373158511000,1,1853.35255958,0.2684
1623373166631000,0,3710.28203000,0.2697
1623373167302000,0,2700.00000000,0.2700
1623373167302000,0,3000.00000000,0.2700
1623373167302000,0,1716.44572000,0.2700
1623373201702000,1,3701.21448000,0.2701
1623373201824000,0,1413.27000000,0.2705
1623373202274000,1,3701.21448174,0.2700
1623373202274000,1,9253.22752576,0.2699
1623373202982000,1,400.00000000,0.2696
1623373203068000,1,5117.64182000,0.2696
1623373210936000,0,12100.00000000,0.2696
1623373211185000,0,3710.32732508,0.2697
1623373238098000,0,3700.20421000,0.2704
1623373238287000,0,0.00000244,0.2704
1623373238287000,0,3700.20420756,0.2705
1623373238347000,0,0.00000488,0.2705
1623373238347000,0,3703.73113875,0.2705
1623373249362000,0,3693.98793006,0.2709
1623373249362000,0,2306.01206994,0.2709
1623373258415000,1,2700.00000000,0.2707
1623373300968000,1,2700.00000000,0.2705
1623373329069000,0,3692.45917000,0.2710
1623373347478000,1,9000.00000000,0.2707
1623373381910000,1,228.04700000,0.2701
1623373381988000,1,20657.49973571,0.2701
1623373424973000,0,228.60000000,0.2697
1623373425188000,0,3482.24271539,0.2697
1623373450543000,0,7500.00000000,0.2695
1623373517864000,1,785.00000000,0.2696
1623373649116000,1,9175.11030000,0.2694
1623373649200000,1,12339.23842000,0.2694
1623373680706000,0,200.00000000,0.2698
1623373765871000,0,3710.49100000,0.2697
1623373777035000,1,2700.00000000,0.2692
1623374514656000,1,228.60000000,0.2692
1623374514778000,1,2471.40000000,0.2692
1623374953427000,0,228.60000000,0.2692
1623375611565000,1,3695.90490000,0.2704
1623376028642000,1,8000.00000000,0.2712
1623376235491000,1,2260.49510000,0.2714
1623377097854000,1,3709.01206000,0.2695
1623377097855000,1,0.00000128,0.2695
1623377702012000,0,400.00000000,0.2694
1623377714765000,0,415.00000000,0.2707
1623377744080000,1,9271.14005355,0.2695
1623377744080000,1,3708.37933645,0.2695
1623377771156000,1,3716.59390844,0.2689
1623377771156000,1,3716.59389156,0.2689
1623378228290000,1,3693.28409000,0.2704
1623378228500000,1,0.00000827,0.2704
1623378289804000,1,228.60000000,0.2698
1623378296412000,1,3703.04919153,0.2692
1623378296537000,1,3702.39100000,0.2692
1623378309788000,0,2700.00000000,0.2701
1623378547245000,0,228.60000000,0.2705
1623378566751000,1,3692.68401000,0.2706
1623378566980000,1,0.00000222,0.2706
1623378566980000,1,9235.92997778,0.2705
1623378699232000,1,26252.59697930,0.2704
1623378699397000,1,2208.60000000,0.2702
1623378847099000,0,2886.40000000,0.2723
1623378853414000,1,2700.00000000,0.2722
1623378853888000,1,2700.00000000,0.2722
1623378853888000,1,972.04585000,0.2722
1623378913448000,1,228.60000000,0.2719
1623378913616000,1,3446.98209000,0.2719
1623378913647000,1,0.00000481,0.2719
1623378913647000,1,3675.96210673,0.2718
1623378957252000,0,228.60000000,0.2718
1623379028613000,0,2700.00000000,0.2718
1623379073064000,1,3677.90730000,0.2717
1623379218869000,1,1000.00000000,0.2718
1623379345803000,1,228.60000000,0.2717
1623379644498000,1,3668.16653661,0.2725
1623379728567000,0,228.60000000,0.2724
1623380137248000,1,228.60000000,0.2730
1623380402108000,0,3650.93635886,0.2743
1623380402637000,0,3650.93635886,0.2746
1623380402637000,0,3645.66567087,0.2746
1623380402857000,1,400.00000000,0.2746
1623380402949000,0,228.60000000,0.2746
1623380402961000,0,23477.06468383,0.2746
1623380404198000,0,3636.33303825,0.2752
1623380404198000,0,3650.93635886,0.2752
1623380404198000,0,23634.30719289,0.2752
1623380404380000,0,0.00001833,0.2752
1623380404845000,0,2700.00000000,0.2755
1623380406700000,0,398.00000000,0.2762
1623380408443000,1,228.60000000,0.2756
1623380411648000,0,349.36210000,0.2756
1623380413409000,0,50.63790000,0.2756
1623380413409000,0,410.00000000,0.2758
1623380413409000,0,337.36210000,0.2758
1623380414400000,0,50.63790000,0.2758
1623380420120000,0,399.00000000,0.2766
1623380420332000,1,337.36210000,0.2761
1623380431844000,1,2700.00000000,0.2769
1623380431877000,0,398.00000000,0.2773
1623380431877000,0,13.00000000,0.2773
1623380432339000,0,3000.00000000,0.2773
1623380432339000,0,1006.48750000,0.2773
1623380435656000,1,2646.00000000,0.2768
1623380442670000,0,10723.79040000,0.2772
1623380451637000,1,3603.91756000,0.2772
1623380451865000,1,0.00000962,0.2772
1623380451865000,1,2683.36209038,0.2772
1623380466504000,0,3618.19832000,0.2767
1623380466612000,0,0.00000170,0.2767
1623380466612000,0,3617.36667830,0.2768
1623380466785000,0,0.00000231,0.2768
1623380466988000,0,648.58797000,0.2768
1623380467073000,0,2318.41203000,0.2768
1623380467406000,0,648.58797000,0.2768
1623380494555000,0,3624.36112000,0.2763
1623380547527000,1,10795.52868000,0.2766
1623380575462000,1,3613.76362000,0.2765
1623380575549000,1,0.00000725,0.2765
1623380575549000,1,3613.97258275,0.2765
1623380575563000,1,0.00000806,0.2765
1623380624777000,1,3000.00010000,0.2762
1623380624879000,1,618.78530000,0.2762
1623380840485000,1,24316.34375000,0.2760
1623380840485000,1,3620.72591196,0.2760
1623380840485000,1,9051.01878267,0.2760
1623380871869000,1,3623.53232554,0.2756
1623380871869000,1,876.46767446,0.2756
1623380919829000,0,228.60000000,0.2761
1623380949599000,0,228.60000000,0.2764
1623380949800000,0,17727.73621000,0.2764
1623380950403000,0,150633.59500000,0.2764
1623380950894000,0,3074.15499999,0.2764
1623380950961000,0,0.00000001,0.2764
1623380964866000,1,3616.87445000,0.2762
1623380965422000,1,3619.12720705,0.2761
1623380966164000,1,2700.00000000,0.2759
1623380966164000,1,3619.12720705,0.2759
1623380966164000,1,3617.13611427,0.2759
1623381056860000,1,228.60000000,0.2752
1623381213481000,0,228.60000000,0.2753
1623381251221000,0,825.00000000,0.2752
1623381258305000,0,3638.54765000,0.2751
1623381310909000,0,7033.71732000,0.2752
1623381311111000,0,2056.39845000,0.2752
1623381313864000,0,0.00000171,0.2752
1623381331087000,1,3626.18786000,0.2756
1623381331323000,1,0.00000876,0.2756
1623381331323000,1,2103.59999124,0.2756
1623381377022000,1,2700.00000000,0.2751
1623381377951000,1,2700.00000000,0.2750
1623381385757000,1,2700.00000000,0.2751
1623381386701000,0,2700.00000000,0.2754
1623381390096000,1,401.00000000,0.2753
1623381390096000,1,3626.66000275,0.2753
1623381390096000,1,5275.57000000,0.2752
1623381390096000,1,407.00000000,0.2752
1623381390096000,1,8246.10620725,0.2752
1623381390313000,1,2700.00000000,0.2752
1623381391381000,0,23597.55952727,0.2757
1623381955707000,1,2500.00000000,0.2752
1623381955813000,1,1131.87602013,0.2752
1623381955813000,1,1568.12407987,0.2751
1623381956410000,1,228.60000000,0.2751
1623381956894000,1,405.00000000,0.2750
1623382135442000,1,3639.03948368,0.2746
1623382193578000,1,2000.00000000,0.2745
1623382257409000,0,228.60000000,0.2744
1623382440277000,0,113.91523272,0.2741
1623382563882000,1,2989.00000000,0.2744
1623382934714000,1,3651.55860441,0.2736
1623382934714000,1,9130.28552229,0.2736
1623382935885000,1,228.60000000,0.2736
1623383082258000,0,228.60000000,0.2740
1623383205711000,1,5183.75912000,0.2740
1623383208689000,1,0.00000408,0.2740
1623383400268000,0,2700.00000000,0.2740
1623383400268000,0,911.74144309,0.2740
1623383587756000,1,5000.00000000,0.2742
1623383587884000,1,10800.00000000,0.2742
1623383598175000,1,2041.65144272,0.2742
1623383600007000,1,44940.91998247,0.2742
1623383601033000,1,44942.93180599,0.2742
1623383602815000,1,44956.46613574,0.2742
1623383604902000,1,228.60000000,0.2742
1623383619126000,1,44955.86314223,0.2742
1623383620043000,1,44958.00044818,0.2742
1623383640342000,0,228.60000000,0.2743
1623384038247000,0,3157.19990000,0.2746
1623384039898000,0,2700.00000000,0.2747
1623384660331000,0,1111.53580139,0.2757
1623384801607000,0,1111.53580000,0.2756
1623384801701000,0,400.00000000,0.2756
1623384801746000,0,2118.72497868,0.2756
1623384801770000,0,3629.94580000,0.2756
1623384801774000,0,0.00005692,0.2756
1623384801774000,0,10799.99994308,0.2757
1623384802204000,0,2979.00000000,0.2758
1623384819700000,1,3617.36915000,0.2762
1623384960279000,0,178.78232980,0.2761
1623384984949000,1,228.60000000,0.2755
1623385576924000,0,228.60000000,0.2757
1623385936885000,1,1000.00000000,0.2755
1623385996378000,1,228.60000000,0.2752
1623385996470000,1,1771.40000000,0.2752
1623386550902000,0,2700.00000000,0.2768
1623386550902000,0,2321.34537572,0.2768
1623386802806000,1,2700.00000000,0.2762
1623386899092000,0,2171.55388453,0.2766
1623387149414000,1,2700.00000000,0.2763
1623387203408000,0,393.00000000,0.2776
1623387203670000,0,3144.25389000,0.2777
1623387362576000,0,228.60000000,0.2772
1623387446035000,0,2700.00000000,0.2768
1623387600256000,0,357.21631072,0.2771
1623387605971000,0,3609.42718197,0.2772
1623387643349000,0,100.00000000,0.2775
1623387669488000,0,1857.37010000,0.2779
1623387669504000,0,1285.76379758,0.2779
1623387669504000,0,7857.72594275,0.2779
1623387669688000,0,10800.00000000,0.2780
1623387669806000,0,400.00000000,0.2780
1623387669817000,0,7392.23123467,0.2780
1623387673803000,0,1017.00649117,0.2788
1623387686295000,1,1927.51960660,0.2787
1623387687559000,1,253.28368490,0.2787
1623387688740000,1,519.19670850,0.2787
1623387688740000,1,924.52029560,0.2786
1623387689370000,1,739.84196975,0.2786
1623387721637000,1,2700.00000000,0.2780
1623387736408000,1,500.00000000,0.2776
1623387772391000,1,3548.81642530,0.2773
1623387835268000,0,96.00000000,0.2777
1623388263585000,1,228.60000000,0.2769
1623388306918000,1,1507.01861700,0.2770
1623388419884000,1,2814.14790000,0.2769
1623388420171000,1,3609.09555573,0.2769
1623388420171000,1,387.77504427,0.2769
1623388493474000,0,228.60000000,0.2771
1623388614208000,0,228.59990000,0.2779
1623388747792000,1,228.60000000,0.2765
1623388996693000,0,249.34905251,0.2768
1623389166810000,1,4460.61400000,0.2762
1623389166810000,1,244.59025895,0.2762
1623389242963000,0,228.60000000,0.2765
1623389284660000,0,2700.00000000,0.2766
1623389284660000,0,2971.00830000,0.2766
1623389284887000,0,2700.00000000,0.2766
1623389284976000,0,0.00000491,0.2766
1623389508456000,1,228.60000000,0.2764
1623389520239000,0,125.32053484,0.2766
1623389592506000,1,1588.84799477,0.2758
1623389732890000,0,1463.35382000,0.2756
1623389732911000,0,0.00000084,0.2756
1623389733021000,0,1382.71570000,0.2756
1623389733092000,0,2277.30712127,0.2756
1623389733092000,0,1382.71569873,0.2756
1623389733130000,0,400.00000000,0.2756
1623389733253000,0,7728.72171261,0.2756
1623389880285000,1,163.32763916,0.2758
1623389991740000,0,228.60000000,0.2764
1623390120335000,1,227.52191837,0.2762
1623390298383000,1,228.60000000,0.2763
1623390352413000,1,14657.00000000,0.2770
1623390490318000,0,228.60000000,0.2769
1623390698236000,0,113.95453070,0.2773
1623390901231000,0,142.12890144,0.2768
1623390960289000,1,587.98025811,0.2767
1623391094029000,0,177.99060354,0.2769
1623391298956000,1,228.60000000,0.2760
1623391299560000,1,3620.93188303,0.2760
1623391299560000,1,9051.93639023,0.2760
1623391299929000,1,10800.00000000,0.2759
1623391300090000,1,12736.38439631,0.2759
1623391301261000,0,1310.52570000,0.2761
1623391301301000,1,428.00000000,0.2758
1623391302176000,1,387.00000000,0.2757
1623391314984000,0,1827.33406000,0.2756
1623391347061000,0,1272.76664000,0.2752
1623391347311000,0,1273.88036465,0.2752
1623391347311000,0,6996.13840535,0.2752
1623391382457000,1,3635.41457341,0.2747
1623391404608000,0,1030.07179000,0.2750
1623391532497000,0,228.60000000,0.2751
1623391577505000,0,171.73054283,0.2752
1623391674144000,0,243.45136921,0.2753
1623391733633000,0,2845.85608000,0.2756
1623391920244000,1,143.98995997,0.2752
1623392400282000,1,697.89179855,0.2743
1623392414766000,1,655.29980000,0.2739
1623392415135000,1,10800.00000000,0.2739
1623392520339000,1,166.53542393,0.2737
1623392578633000,1,166.53540000,0.2738
1623392679000000,1,342.00708300,0.2740
1623392760284000,1,326.49445294,0.2744
1623392929832000,0,2700.00000000,0.2744
1623393059471000,1,1255.33634471,0.2747
1623393353516000,1,228.60000000,0.2750
1623393707178000,0,228.60000000,0.2747
1623393707696000,0,504.77037037,0.2747
1623393720264000,1,146.93223307,0.2749
1623393840266000,1,105.68913433,0.2742
1623393859127000,0,992.64809205,0.2744
1623393859127000,0,820.17962985,0.2744
1623393907258000,0,851.48362000,0.2750
1623394157323000,0,3046.75300000,0.2744
1623394231853000,0,724.75644000,0.2743
1623394351702000,1,12600.00000000,0.2742
1623394409938000,1,646.00000000,0.2740
1623394504445000,1,228.60000000,0.2741
1623394504455000,1,11133.54220000,0.2741
1623394573768000,0,228.60000000,0.2744
1623394659861000,1,3532.43768853,0.2738
1623394659893000,1,14867.56231147,0.2738
1623394677477000,1,417.40000000,0.2735
1623394693256000,0,2700.00000000,0.2739
1623395107296000,0,1194.44680000,0.2739
1623395107593000,0,0.00001011,0.2739
1623395107593000,0,1194.53398989,0.2739
1623395280512000,1,2700.00000000,0.2732
1623395280512000,1,1491.04376568,0.2731
1623395574405000,0,2700.00000000,0.2733
1623395574405000,0,1063.30406017,0.2734
1623395574405000,0,2180.78506358,0.2734
1623395760421000,1,1000.00000000,0.2738
1623395760421000,1,271.42739923,0.2738
1623395837957000,1,16900.00000000,0.2741
1623396000472000,1,2374.19483687,0.2743
1623396240402000,1,386.06648608,0.2742
1623396240537000,1,2334.60280000,0.2741
1623396360483000,1,685.01871001,0.2745
1623396480525000,1,143.00076267,0.2746
1623396547634000,1,228.60000000,0.2746
1623396729920000,0,424.00000000,0.2759
1623396731971000,0,228.60000000,0.2761
1623396732035000,0,137.40000000,0.2761
1623396876536000,1,253.98764790,0.2772
1623396877112000,0,2700.00000000,0.2777
1623396877112000,0,2467.43599899,0.2777
1623396878733000,1,1447.72959340,0.2773
1623396912646000,1,253.81747620,0.2773
1623397012871000,1,228.60000000,0.2765
1623397225077000,0,871.38379823,0.2768
1623397413660000,0,3199.78300000,0.2756
1623397440446000,1,841.72648277,0.2756
1623397560374000,1,404.15009073,0.2757
1623397564490000,0,964.39908647,0.2759
1623397648902000,1,2700.00000000,0.2761
1623397867975000,1,5967.20683000,0.2750
1623397868265000,1,0.00000359,0.2750
1623397868265000,1,2981.47739641,0.2749
1623397876266000,0,1875.11725000,0.2753
1623397876530000,0,0.00000250,0.2753
1623397876530000,0,1875.42643494,0.2753
1623397889074000,0,228.60000000,0.2755
1623397990603000,0,228.59990000,0.2754
1623397993787000,1,2700.00000000,0.2752
1623397993787000,1,2979.00000000,0.2752
1623397993787000,1,1958.85509995,0.2752
1623398066771000,1,2700.00000000,0.2755
1623398067071000,1,276.00000000,0.2755
1623398148702000,1,228.60000000,0.2759
1623398160436000,1,236.40945576,0.2758
1623398166849000,1,2973.00000000,0.2758
1623398280390000,1,2700.00000000,0.2756
1623398280390000,1,2700.00000000,0.2756
1623398280504000,1,276.00000000,0.2756
1623398280504000,1,189.00940000,0.2756
1623398398293000,1,2700.00000000,0.2762
1623398398520000,1,917.71189548,0.2762
1623398398520000,1,9044.40430452,0.2762
1623398496374000,0,228.60000000,0.2771
1623398588026000,0,21106.65992956,0.2773
1623398589202000,0,20261.54371000,0.2774
1623398603080000,1,1446.71001110,0.2777
1623398607403000,0,228.60000000,0.2781
1623398622213000,1,428.57120540,0.2782
1623398655850000,1,253.34823320,0.2784
1623398662215000,1,1444.08492950,0.2785
1623398666670000,1,253.17848990,0.2788
1623398680191000,1,253.15317200,0.2788
1623398689158000,1,228.60000000,0.2788
1623398801622000,0,7031.02066171,0.2788
1623398801622000,0,2812.47809469,0.2788
1623398801622000,0,12160.04711360,0.2788
1623398801845000,0,6120.28945000,0.2788
1623398819646000,1,253.12785670,0.2788
1623398824667000,1,253.10254390,0.2789
1623398833231000,0,228.60000000,0.2792
1623398833862000,1,253.07723370,0.2791
1623398846359000,1,1442.54023220,0.2792
1623398848800000,0,2068.95611000,0.2797
1623398849001000,0,2066.63100000,0.2798
1623398850490000,1,1670.30974260,0.2796
1623398861504000,1,228.60000000,0.2796
1623398862744000,1,2935.00000000,0.2795
1623398862824000,1,20621.10020000,0.2795
1623398915639000,1,2429.96410000,0.2794
1623398915883000,1,11570.03590000,0.2794
1623398915958000,1,2937.00000000,0.2793
1623398920826000,0,1761.32429000,0.2795
1623398921166000,0,0.00000578,0.2795
1623398921166000,0,1761.57638169,0.2796
1623398921166000,0,9038.42361253,0.2796
1623398924307000,1,252.74064100,0.2797
1623398962512000,1,252.71536690,0.2798
1623398972959000,1,252.69009540,0.2798
1623398985351000,1,16600.00000000,0.2797
1623398985492000,1,252.69000000,0.2795
1623399004966000,1,11300.00000000,0.2792
1623399037336000,0,7364.76380000,0.2787
1623399100676000,0,0.00000184,0.2787
1623399235810000,1,2700.00000000,0.2782
1623399236256000,1,2700.00000000,0.2782
1623399236459000,1,10900.00000000,0.2782
1623399431609000,0,2033.08714000,0.2779
1623399431782000,0,0.00000211,0.2779
1623399431782000,0,2033.64796789,0.2779
1623399734530000,0,6080.67280117,0.2782
1623399734530000,0,2432.40214883,0.2782
1623399840360000,1,214.41510016,0.2782
1623399886642000,0,228.60000000,0.2784
1623399962589000,0,2700.00000000,0.2786
1623399974017000,0,5924.46227000,0.2789
1623399974296000,0,0.00000925,0.2789
1623400008795000,0,2295.69094000,0.2789
1623400008911000,0,0.00000083,0.2789
1623400008911000,0,2295.55901053,0.2790
1623400008911000,0,404.44098864,0.2790
1623400023535000,0,2700.00000000,0.2792
1623400057035000,1,228.60000000,0.2789
1623400194457000,1,2946.00000000,0.2788
1623400194575000,1,10800.00000000,0.2787
1623400194788000,1,1300.00000000,0.2787
1623400356175000,1,1200.00000000,0.2777
1623400417630000,0,293.69410000,0.2775
1623400417663000,0,2112.61193594,0.2775
1623400503814000,0,2487.31007300,0.2778
1623400503814000,0,6216.69834700,0.2778
1623400503902000,0,1.50204439,0.2778
1623400504076000,0,5924.88210000,0.2778
1623400504112000,0,292.19214963,0.2778
1623400530608000,0,80.00000000,0.2780
1623400560281000,0,968.32716271,0.2777
1623400636106000,0,2370.58993000,0.2773
1623400738538000,0,228.60000000,0.2766
1623400754010000,0,2132.40946618,0.2767
1623400759861000,1,228.60000000,0.2763
1623400912963000,0,228.60000000,0.2767
1623400915622000,1,439.10449474,0.2764
1623401086239000,1,228.60000000,0.2760
1623401720779000,0,180.08846738,0.2763
1623401957070000,1,110.53816544,0.2761
1623402000340000,1,910.36585728,0.2762
1623402003718000,0,3153.45424000,0.2765
1623402005158000,0,1260.71267180,0.2768
1623402005158000,0,1261.38433991,0.2768
1623402005158000,0,2106.00000000,0.2769
1623402005158000,0,1260.68919203,0.2769
1623402005158000,0,5658.08623459,0.2769
1623402009297000,0,1190.16920656,0.2769
1623402139914000,0,145.96413609,0.2775
1623402340781000,0,1245.56010000,0.2783
1623402605768000,1,252.93123380,0.2792
1623402666325000,0,1105.10727176,0.2798
1623402666325000,0,2685.40646783,0.2798
1623402666340000,0,77.35742326,0.2798
1623402682332000,0,4623.13979493,0.2799
1623402810545000,0,228.60000000,0.2799
1623402810797000,0,4596.77410000,0.2799
1623402810826000,0,0.00009254,0.2799
1623402814458000,1,252.66152620,0.2799
1623402855630000,1,228.60000000,0.2796
1623402860838000,1,644.83780000,0.2795
1623402860935000,1,8143.16220000,0.2795
1623402882436000,0,1122.56619590,0.2796
1623402898303000,0,948.51822000,0.2804
1623402898397000,0,0.00000689,0.2804
1623402898397000,0,948.55335311,0.2804
1623402898477000,0,0.00001480,0.2804
1623402898477000,0,6169.65290520,0.2804
1623402898526000,0,0.00002013,0.2804
1623402898823000,1,252.63626000,0.2804
1623402908302000,1,1920.03557660,0.2808
1623402960423000,0,707.28750612,0.2803
1623402996594000,1,1212.74800000,0.2799
1623403109638000,0,7348.58442000,0.2798
1623403111460000,0,0.00000456,0.2798
1623403111460000,0,7348.13465544,0.2798
1623403494423000,0,7348.31517748,0.2800
1623403548161000,0,228.60000000,0.2807
1623403563843000,0,128.82891618,0.2810
1623403563855000,0,2.62916155,0.2810
1623403582256000,1,252.10825030,0.2810
1623403592212000,1,252.08303940,0.2811
1623403888681000,0,176.69853672,0.2816
1623403898739000,0,584.21289000,0.2814
1623403971951000,1,228.60000000,0.2807
1623404105604000,0,355.30000000,0.2806
1623404150668000,0,760.91130000,0.2804
1623404233846000,0,2700.00000000,0.2804
1623404284753000,0,415.61932379,0.2804
1623404284753000,0,1038.48867621,0.2804
1623404304247000,1,2700.00000000,0.2803
1623404304874000,1,208.98900000,0.2801
1623404304875000,1,1245.11890000,0.2801
1623404305003000,1,2113.34724177,0.2801
1623404305175000,1,3566.89610779,0.2801
1623404340142000,1,1612.87178640,0.2793
1623404340469000,0,2700.00000000,0.2794
1623404356590000,0,2700.00000000,0.2796
1623404356595000,0,4661.23982415,0.2796
1623404387184000,0,228.60000000,0.2796
1623404528785000,1,12100.00000000,0.2792
1623404547116000,1,2171.55388453,0.2789
1623404845850000,0,1251.01914649,0.2784
1623404907128000,1,3595.49483000,0.2779
1623404907297000,1,0.00000996,0.2779
1623404907297000,1,3595.46898462,0.2779
1623404907297000,1,7204.53100542,0.2779
1623405061637000,1,228.60000000,0.2779
1623405110683000,0,250.69680391,0.2777
1623405202757000,0,228.60000000,0.2776
1623405289910000,1,258.95404600,0.2771
1623405790423000,0,71.40217430,0.2787
1623405844100000,0,2700.00000000,0.2781
1623405860295000,0,393.00000000,0.2790
1623405863583000,0,535.53991994,0.2795
1623405863583000,0,1338.84979986,0.2795
1623405864195000,0,401.00000000,0.2793
1623405864232000,0,535.12980000,0.2793
1623405864643000,0,109.38970000,0.2793
1623405864661000,0,1060.48050000,0.2793
1623405870748000,0,493.34610376,0.2799
1623405870748000,0,887.54969624,0.2799
1623405872544000,0,493.34620000,0.2799
1623405874629000,0,2106.00000000,0.2801
1623405955566000,0,444.37644000,0.2805
1623405963757000,0,2700.00000000,0.2809
1623405963757000,0,20638.18849986,0.2809
1623406022653000,1,2935.00000000,0.2801
1623406279452000,1,931.37995300,0.2795
1623406408628000,0,2646.00000000,0.2801
1623406558292000,1,944.19189690,0.2784
1623406609125000,0,7392.93444000,0.2784
1623406752738000,0,2206.38405900,0.2793
1623407176439000,1,228.60000000,0.2797
1623407273667000,0,1779.24483227,0.2796
1623407420476000,0,1783.74564572,0.2796
1623407457250000,1,2948.00000000,0.2787
1623407547486000,0,532.64964800,0.2804
1623407735300000,0,228.60000000,0.2801
1623407820022000,1,3567.12513000,0.2802
1623407866848000,0,177.38548000,0.2807
1623407893430000,0,7334.23550000,0.2806
1623407893587000,0,0.00007312,0.2806
1623407893587000,0,401.96302688,0.2806
1623407984469000,1,3562.16941000,0.2805
1623408075789000,1,2700.00000000,0.2807
1623408075789000,1,3040.38133833,0.2806
1623408089824000,1,2699.99990000,0.2808
1623408193942000,1,491.50225853,0.2807
1623408329318000,1,228.60000000,0.2808
1623408339689000,1,720.10220000,0.2807
1623408751522000,1,2700.00000000,0.2798
1623408803367000,0,228.60000000,0.2799
1623408840290000,1,607.56654480,0.2796
1623408841127000,1,7506.03139300,0.2795
1623408970144000,1,3078.96650000,0.2800
1623409034355000,0,2646.00000000,0.2800
1623409051826000,0,177.60688276,0.2801
1623409210167000,1,228.60000000,0.2802
1623409250014000,1,8906.36912000,0.2805
1623409250957000,1,3562.49854000,0.2805
1623409289657000,0,168.85313136,0.2799
1623409292662000,0,2480.52393127,0.2799
1623409310609000,0,2700.00000000,0.2800
1623409560296000,0,1042.52969008,0.2799
1623409560325000,1,363.63426270,0.2795
1623409562626000,0,359.52291971,0.2799
1623409698173000,0,71.25134264,0.2793
1623410454636000,0,228.60000000,0.2786
1623410454767000,0,7167.91020000,0.2786
1623410578275000,1,228.60000000,0.2783
1623410579185000,1,1226.37340000,0.2783
1623410585333000,1,0.00000807,0.2783
1623410589241000,0,228.60000000,0.2783
1623410668398000,0,2700.00000000,0.2774
1623410668857000,1,5167.43599899,0.2771
1623410894622000,0,7260.57098556,0.2781
1623410894735000,0,148.17491807,0.2781
1623410970145000,0,89.45183900,0.2785
1623411000287000,1,1120.14002612,0.2779
1623411012931000,0,2646.00000000,0.2784
1623411012943000,0,54.00000000,0.2784
1623411030562000,0,7254.33013577,0.2784
1623411034296000,0,0.00001200,0.2786
1623411034296000,0,5357.27676474,0.2786
1623411176624000,1,5733.00000000,0.2772
1623411188516000,0,91.35679400,0.2772
1623411301660000,0,1802.03179086,0.2772
1623411301660000,0,720.81271635,0.2772
1623411342022000,0,7273.84545477,0.2776
1623411342028000,0,148.44582561,0.2776
1623411759171000,0,2700.00000000,0.2783
1623411902088000,0,1017.34804000,0.2781
1623411943030000,0,1393.79247180,0.2784
1623412169688000,1,3666.66666612,0.2773
1623412296874000,0,988.39412157,0.2780
1623412296874000,0,7164.32467843,0.2780
1623412349305000,1,310.66606640,0.2779
1623412384910000,0,307.45292657,0.2780
1623412440315000,1,1875.47246960,0.2778
1623412505728000,0,748.60333070,0.2781
1623412505728000,0,1871.44102084,0.2781
1623412505728000,0,4865.39782846,0.2781
1623412615004000,0,7404.11242000,0.2784
1623412662154000,1,361.92963996,0.2780
1623412700841000,0,414.85488776,0.2783
1623412992893000,1,365.14260000,0.2780
1623413032671000,0,2700.00000000,0.2778
1623413054064000,0,283.77597756,0.2780
1623413054064000,0,708.97252244,0.2780
1623413054206000,0,0.19803232,0.2780
1623413054206000,0,1707.05346768,0.2780
1623413089361000,0,361.00000000,0.2780
1623413740381000,0,2700.00000000,0.2776
1623413758008000,1,14837.00000000,0.2777
1623413866066000,1,228.60000000,0.2773
1623414052877000,0,1793.67790316,0.2774
1623414129986000,0,228.60000000,0.2767
1623414130016000,0,49.36345442,0.2767
1623414130016000,0,277.85510361,0.2767
1623414195096000,0,4493.67810000,0.2770
1623414195296000,0,1569.86151111,0.2770
1623414195296000,0,1383.72838889,0.2770
1623414195658000,0,603.45522442,0.2770
1623414196499000,0,241.59563250,0.2771
1623414196499000,0,241.51715556,0.2771
1623414196499000,0,241.45434551,0.2771
1623414196500000,0,0.00000001,0.2771
1623414251885000,0,2700.00000000,0.2771
1623414332537000,0,179.62092800,0.2770
1623414360315000,1,151.83979874,0.2769
1623414404234000,0,155.63433933,0.2772
1623414404234000,0,389.10736848,0.2772
1623414404234000,0,1011.63951219,0.2772
1623414890858000,1,178.15699400,0.2776
1623415444765000,0,7451.80286000,0.2766
1623415498275000,0,178.61670000,0.2771
1623415498288000,0,0.00005351,0.2771
1623415498288000,0,446.52724649,0.2771
1623415603165000,0,177.74649921,0.2772
1623415665251000,0,326.71310000,0.2770
1623415680306000,1,314.89651356,0.2768
1623415800327000,1,486.55104117,0.2776
1623415899203000,0,10800.00000000,0.2774
1623415945298000,1,233.00000000,0.2771
1623416404515000,0,694.32683249,0.2773
1623416448190000,1,400.00000000,0.2772
1623416574213000,0,377.51763702,0.2776
1623416686431000,0,983.36777000,0.2777
1623416743653000,0,2646.00000000,0.2774
1623416750055000,0,54.00000000,0.2774
1623416878813000,1,9002.32620000,0.2776
1623416903394000,0,2700.00000000,0.2776
1623416964426000,0,179.55171669,0.2779
1623416985875000,1,2700.00000000,0.2776
1623416985875000,1,1405.38000000,0.2775
1623417082223000,0,2474.01430000,0.2780
1623417083411000,0,379.26000000,0.2780
1623417083721000,0,7.74000000,0.2780
1623417139478000,0,71.53564110,0.2782
1623417361904000,1,229.35200820,0.2778
1623417434684000,0,2700.00000000,0.2783
1623417434684000,0,584.55210881,0.2783
1623417434684000,0,584.23421758,0.2783
1623417434684000,0,3000.00000000,0.2784
1623417434684000,0,1461.32776294,0.2784
1623417434684000,0,16500.26722454,0.2784
1623417434684000,0,7206.91912938,0.2784
1623417707011000,0,72.35760920,0.2772
1623417779648000,0,586.59510000,0.2773
1623417906197000,0,573.20854000,0.2777
1623417906276000,0,0.00000007,0.2777
1623417906276000,0,573.39408113,0.2777
1623417906276000,0,1433.48520283,0.2777
1623418143568000,0,386.63610000,0.2781
1623418800498000,1,906.08921673,0.2789
1623418903165000,0,2646.00000000,0.2793
1623418903279000,0,1356.80600000,0.2793
1623418968850000,0,2646.00000000,0.2794
1623418968927000,0,4739.08043785,0.2794
1623418985071000,1,7376.87017000,0.2794
1623419078675000,0,2646.00000000,0.2792
1623419442932000,1,228.60000000,0.2795
1623419520555000,1,112.45188954,0.2796
1623419631033000,0,220.34868021,0.2806
1623419631033000,0,220.27801979,0.2806
1623419658295000,0,2230.30700000,0.2805
1623419715391000,1,309.81869490,0.2800
1623419757940000,0,306.49480672,0.2802
1623419789658000,0,142.73002252,0.2797
1623419861167000,0,4323.22860000,0.2792
1623419991930000,1,2700.00000000,0.2793
1623420111490000,0,228.60000000,0.2793
1623420174240000,1,2700.00000000,0.2785
1623420456010000,0,2646.00000000,0.2784
1623420531337000,0,2505.54843699,0.2780
1623420630222000,0,998.80095966,0.2783
1623420754982000,1,1874.87899065,0.2785
1623420758965000,1,468.71974766,0.2785
1623420761948000,1,117.17993692,0.2784
1623420775994000,1,355.59165160,0.2785
1623420779469000,0,351.79017440,0.2787
1623420969759000,1,438.00000000,0.2776
1623421037969000,0,770.00000000,0.2777
1623421393943000,0,146.54810000,0.2776
1623421393960000,0,0.00007692,0.2776
1623421393960000,0,146.55292308,0.2776
1623421839718000,0,179.60736462,0.2770
1623421891540000,0,513.30139014,0.2769
1623422158009000,1,7452.71075007,0.2769
1623422158009000,1,3347.28924993,0.2769
1623422280403000,1,253.25296979,0.2769
1623422438328000,0,89.64525600,0.2774
1623422460320000,0,2646.00000000,0.2774
1623422460369000,0,54.00000000,0.2774
1623422493923000,0,169.56003510,0.2774
1623422497463000,0,101723.26874548,0.2775
1623422497476000,0,583.19634380,0.2775
1623422497613000,0,3855.65190000,0.2775
1623422498321000,0,1062.96975051,0.2775
1623422498876000,0,21.69326021,0.2775
1623422513726000,1,177.00000000,0.2771
1623422618513000,1,177.00000000,0.2768
1623422707998000,0,2646.00000000,0.2769
1623422760529000,1,198.66662010,0.2768
1623423240409000,1,306.59834568,0.2762
1623423313536000,1,114.70024000,0.2756
1623423314071000,1,0.00000962,0.2756
1623423639635000,1,7063.03162486,0.2751
1623423649719000,0,144.11068847,0.2753
1623423649719000,0,360.27672118,0.2753
1623423649719000,0,936.61670035,0.2753
1623423720395000,1,168.80030249,0.2751
1623424074715000,0,767.26814615,0.2746
1623424074715000,0,306.90724385,0.2746
1623424075118000,0,1994.67993000,0.2747
1623424165169000,1,368.71624983,0.2739
1623424177198000,0,125.88089239,0.2741
1623424600846000,0,251.58724367,0.2744
1623424675459000,1,228.60000000,0.2736
1623424675838000,0,2700.00000000,0.2738
1623424675838000,0,3000.00000000,0.2738
1623424676759000,0,2700.00000000,0.2737
1623424676759000,0,4678.69042778,0.2737
1623424698688000,0,228.60000000,0.2736
1623424732866000,0,2700.00000000,0.2737
1623424732866000,0,3186.81869490,0.2738
1623424732866000,0,30587.18498770,0.2738
1623424907091000,0,7565.99450000,0.2733
1623424994377000,1,3025.00000000,0.2731
1623424994377000,1,3660.24485867,0.2730
1623424996179000,1,3660.24485867,0.2726
1623424996179000,1,3660.19126915,0.2726
1623424996179000,1,5477.39574218,0.2726
1623424996252000,1,228.60000000,0.2726
1623424996260000,1,18086.97462451,0.2726
1623424996599000,0,254.46234240,0.2726
1623424997360000,1,400.00000000,0.2721
1623424997474000,1,2000.00000000,0.2721
1623424997527000,1,1660.19126915,0.2721
1623424997527000,1,3660.24485867,0.2721
1623424997527000,1,5479.56387218,0.2721
1623424997560000,1,7972.84184471,0.2721
1623424997899000,0,870.90779510,0.2721
1623425002673000,0,1795.25101810,0.2719
1623425002887000,0,228.60000000,0.2719
1623425002927000,0,448.51793723,0.2719
1623425002990000,0,2071.87024582,0.2719
1623425003399000,0,2472.36895533,0.2720
1623425003399000,0,27.63104467,0.2720
1623425003471000,0,2044.23920115,0.2720
1623425003471000,0,6436.01259885,0.2720
1623425003567000,1,13461.43155000,0.2720
1623425026002000,0,2700.00000000,0.2722
1623425033516000,0,1011.39364000,0.2722
1623425053457000,0,907.14568629,0.2723
1623425053457000,0,906.56126371,0.2723
1623425055972000,0,2700.00010000,0.2725
1623425188565000,1,493.60196193,0.2722
1623425338281000,1,493.60190000,0.2724
1623425354519000,0,801.65162981,0.2728
1623425354519000,0,802.28628112,0.2728
1623425782248000,1,228.60000000,0.2727
1623425782270000,1,6038.98798000,0.2728
1623425919545000,1,155.20121010,0.2724
1623425970564000,0,228.60000000,0.2732
1623426240366000,1,801.88402358,0.2728
1623426360485000,1,1293.95407895,0.2733
1623426367528000,0,116.10302518,0.2733
1623426403358000,1,613.38559664,0.2730
1623426600358000,1,101.25827507,0.2724
1623426600777000,1,1717.83770000,0.2725
1623426842494000,1,228.60000000,0.2733
1623426852308000,1,2700.00000000,0.2732
1623426852308000,1,7557.35159879,0.2732
1623426852308000,1,3024.00000000,0.2731
1623426852308000,1,18755.94884446,0.2731
1623426871353000,1,2700.00000000,0.2731
1623426897627000,0,1440.00000000,0.2733
1623427080424000,1,5452.00000000,0.2743
1623427080424000,1,1469.98178614,0.2743
1623427138600000,1,2700.00000000,0.2744
1623427200364000,0,180.42909319,0.2741
1623427238198000,0,2699.99999999,0.2735
1623427238210000,0,0.00000001,0.2735
1623427334647000,1,4484.00000000,0.2744
1623427405773000,0,573.61000825,0.2750
1623427560399000,1,445.32890464,0.2757
1623427896368000,1,398.00000000,0.2765
1623427897604000,1,390.00000000,0.2764
1623427897682000,1,1336.88170000,0.2764
1623428162807000,0,7170.39000000,0.2760
1623428165013000,0,228.60000000,0.2761
1623428447972000,0,228.60000000,0.2758
1623428520469000,1,102.23119000,0.2751
1623428695921000,0,344.43725404,0.2744
1623428808970000,1,397.00000000,0.2722
1623428886942000,0,287.28030000,0.2732
1623428887592000,0,0.00007010,0.2732
1623428987829000,0,1124.23530000,0.2734
1623428988057000,0,15127.00000000,0.2734
1623428989350000,0,1124.23533595,0.2736
1623428989350000,0,1034.69137180,0.2736
1623428989350000,0,391.00000000,0.2737
1623429014322000,1,6500.00000000,0.2732
1623429073208000,0,91.00000000,0.2720
1623429079663000,0,1683.74921830,0.2719
1623429101584000,0,900.54466564,0.2723
1623429101584000,0,931.36143436,0.2723
1623429191584000,0,949.92181000,0.2725
1623429355825000,1,400.00000000,0.2720
1623429356009000,1,5275.57000000,0.2720
1623429547645000,1,399.99990000,0.2705
1623429561045000,1,116.88534901,0.2702
1623429572541000,0,367.92815411,0.2704
1623429578771000,1,90.00000000,0.2700
1623429609261000,1,7063.03162486,0.2701
1623429666599000,0,7050.07819000,0.2702
1623429721920000,0,367.92810000,0.2707
1623429784708000,1,7621.15765000,0.2710
1623429838156000,1,7632.70220000,0.2706
1623429840373000,1,0.00000873,0.2706
1623429840373000,1,10060.58145588,0.2705
1623429842353000,0,3055.00000000,0.2709
1623429848328000,0,987.21357000,0.2710
1623429978309000,0,94.92363703,0.2706
1623430026358000,0,94.92360000,0.2703
1623430026361000,0,7554.67487209,0.2703
1623430080424000,1,1626.03235096,0.2702
1623430084706000,0,6656.97141000,0.2705
1623430084917000,0,989.37198000,0.2705
1623430276307000,0,2476.00000000,0.2707
1623430276320000,0,224.00000000,0.2707
1623430276320000,0,144.60000000,0.2707
1623430298422000,0,2700.00000000,0.2710
1623430399548000,1,3692.71310000,0.2706
1623430399828000,1,3691.54070000,0.2706
1623430399974000,1,3693.44779195,0.2706
1623430555529000,1,3707.36000000,0.2696
1623430594735000,1,74.18700000,0.2696
1623430624444000,0,7671.01998000,0.2696
1623430624512000,0,0.00000371,0.2696
1623430646435000,0,74.18700000,0.2701
1623430739742000,0,339.72357816,0.2703
1623430800544000,1,1058.58176274,0.2700
1623430810900000,1,0.00049852,0.2696
1623430812222000,1,3713.41756000,0.2691
1623430812315000,1,0.00000426,0.2691
1623430812315000,1,8060.81350574,0.2691
1623430812404000,1,9000.00000000,0.2691
1623430812487000,1,261.11148156,0.2691
1623430833503000,0,2646.00000000,0.2692
1623430875490000,0,2646.00000000,0.2693
1623430911816000,0,184.91564121,0.2698
1623430919200000,1,2700.00000000,0.2695
1623431160431000,1,881.59647858,0.2707
1623431189105000,1,228.60000000,0.2703
1623431269399000,0,1093.10842304,0.2706
1623431279323000,0,228.60000000,0.2706
1623431280365000,1,875.73890231,0.2704
1623431468334000,0,2700.00000000,0.2700
1623431794613000,0,2700.00000000,0.2712
1623431794613000,0,19880.00726294,0.2712
1623431835366000,1,33207.29868482,0.2707
1623432161540000,0,2646.00000000,0.2714
1623432172855000,1,3685.87852606,0.2712
1623432172855000,1,5528.94480394,0.2712
1623432333866000,1,3689.98603645,0.2708
1623432333866000,1,3691.02295355,0.2708
1623432373734000,0,7477.35720343,0.2711
1623432373852000,0,152.59910000,0.2711
1623432602660000,1,9233.54213450,0.2705
1623432602660000,1,24006.22512024,0.2705
1623432602660000,1,3693.34048804,0.2705
1623432644929000,0,3000.80840000,0.2701
1623432715654000,0,2823.47760000,0.2704
1623432715988000,0,4827.52280000,0.2704
1623432737150000,0,277.05962500,0.2701
1623432801653000,0,0.00006863,0.2704
1623432925346000,0,2700.00000000,0.2707
1623432925346000,0,2545.45927184,0.2708
1623432936128000,0,3492.21822816,0.2707
1623433272664000,1,3680.00000000,0.2710
1623433630830000,1,400.00000000,0.2707
1623433630836000,1,3291.15920970,0.2707
1623433631048000,1,3171.89700000,0.2707
1623433631172000,1,6056.19182589,0.2707
1623433631172000,1,4743.80817411,0.2707
1623433631186000,1,19250.54136792,0.2707
1623434040336000,1,621.34048571,0.2704
1623434278748000,0,2700.00000000,0.2708
1623434278748000,0,790.89933158,0.2708
1623434348239000,1,9235.17938412,0.2705
1623434348239000,1,1764.82061588,0.2705
1623434784229000,1,3708.51492000,0.2694
1623434784383000,1,0.00000653,0.2694
1623434784383000,1,9271.62142115,0.2694
1623434784455000,1,4066.61099000,0.2694
1623434784501000,1,20040.94372904,0.2694
1623434826180000,0,4778.65960000,0.2693
1623434826307000,0,10800.00000000,0.2694
1623434973671000,0,3711.93632032,0.2696
1623435253459000,1,3700.00000000,0.2690
1623435360408000,1,138.99533276,0.2686
1623435720400000,0,248.24229855,0.2690
1623435738280000,1,228.60000000,0.2685
1623435738324000,1,771.40000000,0.2685
1623435739061000,1,3721.59902000,0.2683
1623435739103000,1,0.00000894,0.2683
1623435739103000,1,9310.57084972,0.2683
1623435743545000,0,2700.00000000,0.2683
1623435770950000,0,228.60000000,0.2683
1623435827021000,1,3734.27369571,0.2676
1623435827345000,1,715.69153695,0.2673
1623435827357000,1,500.00000000,0.2673
1623435827390000,1,2206.38405900,0.2673
1623435995129000,1,3728.81735807,0.2681
1623435995129000,1,894.32243686,0.2681
1623436195761000,1,6688.87200188,0.2669
1623436195809000,1,772.20077220,0.2669
1623436195902000,1,1895.00455951,0.2669
1623436206073000,0,2700.00000000,0.2661
1623436298475000,1,800.00000000,0.2660
1623436366526000,0,168.40725139,0.2659
1623436651977000,0,13214.09480350,0.2685
1623436758218000,0,5876.84220000,0.2681
1623436758504000,0,1834.62610000,0.2681
1623436758530000,0,0.00008029,0.2681
1623437301364000,0,2700.00000000,0.2679
1623437302730000,1,7609.71237000,0.2679
1623437303149000,1,5500.00000000,0.2679
1623437303417000,1,6000.00000000,0.2679
1623437306282000,1,2862.26896701,0.2679
1623437306287000,1,58.41365239,0.2679
1623437334657000,0,743.41581680,0.2677
1623437351333000,0,6000.00000000,0.2677
1623437351503000,0,1722.50440000,0.2677
1623437370833000,0,0.00008417,0.2677
1623437370833000,0,977.49551583,0.2678
1623437455735000,0,7723.69357000,0.2677
1623437557907000,1,190.00000000,0.2681
1623437711139000,0,3726.72240818,0.2688
1623437711139000,0,7073.27759182,0.2688
1623437775874000,0,7695.33069000,0.2687
1623437789800000,0,7691.70113000,0.2688
1623437797422000,0,0.00000614,0.2688
1623437846619000,0,370.11787680,0.2688
1623437867448000,0,7691.09813000,0.2687
1623437867477000,0,0.00000853,0.2687
1623437867521000,0,14500.00000000,0.2688
1623437867598000,0,882.76883000,0.2688
1623437967910000,0,2700.00000000,0.2696
1623437967910000,0,5335.44754311,0.2697
1623437981406000,0,2700.00010000,0.2694
1623438002759000,1,3713.74854560,0.2689
1623438002759000,1,9284.49934266,0.2689
1623438002759000,1,3713.14179154,0.2689
1623438270434000,1,859.54325000,0.2682
1623438277626000,1,0.00000358,0.2682
1623438414512000,0,212.28897693,0.2683
1623438418377000,0,609.62811433,0.2682
1623438430025000,0,565.13854179,0.2683
1623438457127000,0,508.32975152,0.2683
1623438502574000,1,3000.00000000,0.2682
1623438503325000,1,7704.89815836,0.2682
1623438503467000,1,9153.74400000,0.2682
1623438503475000,1,0.00000104,0.2682
1623438521684000,0,74.13388466,0.2684
1623438533802000,0,7548.64484711,0.2683
1623438533930000,0,154.05397647,0.2683
1623438533930000,0,919.41422353,0.2684
1623438720376000,0,1846.54076600,0.2681
1623438796404000,0,372.27325993,0.2680
1623438826467000,1,2700.00000000,0.2676
1623438826467000,1,6454.85227369,0.2676
1623438853402000,1,2327.72670000,0.2676
1623438961974000,0,7559.43574377,0.2680
1623438962110000,0,154.27410000,0.2680
1623438980532000,1,2700.00000000,0.2673
1623438980532000,1,574.50677559,0.2673
1623439075981000,0,0.00009885,0.2680
1623439075981000,0,1725.34874949,0.2680
1623439075988000,0,974.65125051,0.2680
1623439097058000,0,310.00663362,0.2683
1623439199467000,1,3727.39965192,0.2681
1623439199467000,1,9318.69179808,0.2681
1623439199888000,1,9318.69180477,0.2681
1623439444324000,1,3731.70957000,0.2677
1623439444325000,1,0.00000898,0.2677
1623439481931000,0,310.00650000,0.2676
1623439935838000,1,5024.50037115,0.2674
1623439989257000,0,200.60984169,0.2678
1623440234657000,0,1565.56739349,0.2673
1623440234668000,0,1134.43260651,0.2673
1623440235281000,0,431.13470000,0.2673
1623440569561000,0,7567.91926270,0.2676
1623440569693000,0,154.44733189,0.2676
1623440587875000,0,2315.02770000,0.2680
1623440701791000,0,74.90000000,0.2674
1623440880340000,1,250.73773162,0.2668
1623440969329000,0,257.77093210,0.2659
1623441048439000,0,2700.00000000,0.2664
1623441240335000,0,1857.85194379,0.2665
1623441401078000,0,573.99542557,0.2667
1623441480852000,0,2700.00000000,0.2666
1623441480852000,0,4511.28451380,0.2666
1623441599905000,0,1469.64250090,0.2660
1623441609084000,0,1703.78718470,0.2658
1623441630582000,0,257.82955180,0.2657
1623441632069000,0,1470.61375680,0.2657
1623441646338000,0,10950.76820000,0.2660
1623441671207000,0,257.95081550,0.2657
1623441676857000,0,257.97661320,0.2656
1623441678223000,0,1471.45256860,0.2654
1623441695708000,1,5482.23003498,0.2653
1623441704429000,0,1987.37990000,0.2653
1623441704606000,0,1785.02854826,0.2653
1623441960291000,0,744.41967223,0.2667
1623442104724000,0,149.08975127,0.2670
1623442117838000,1,276.53718737,0.2668
1623442249679000,0,7772.00596000,0.2659
1623442250661000,0,3106.00000000,0.2661
1623442251010000,0,467.88250000,0.2662
1623442315084000,0,189.41444652,0.2665
1623442399255000,0,2700.00000000,0.2670
1623442635147000,1,2700.00000000,0.2669
1623442635147000,1,14602.26580272,0.2668
1623442635147000,1,2018.02281928,0.2668
1623442683486000,0,2700.00000000,0.2668
1623442683486000,0,2000.00000000,0.2669
1623442683486000,0,500.00000000,0.2669
1623442683486000,0,3304.60983925,0.2669
1623442722015000,1,3378.24388000,0.2663
1623442723280000,1,0.00000778,0.2663
1623442820272000,0,6384.57154645,0.2666
1623442909026000,1,211.10902000,0.2660
1623442909369000,1,0.00000255,0.2660
1623442951226000,0,1000.00000000,0.2659
1623442988992000,1,90.00000000,0.2656
1623443043020000,0,225.32328137,0.2656
1623443058669000,0,258.07790450,0.2656
1623443061075000,1,258.14957000,0.2654
1623443061372000,1,0.00000340,0.2654
1623443363436000,0,1258.07790000,0.2667
1623443363723000,0,33.66977364,0.2667
1623443363723000,0,1258.17472636,0.2668
1623443423675000,1,3745.17808322,0.2667
1623443423675000,1,3747.73261678,0.2667
1623443424208000,1,3745.12197000,0.2664
1623443424367000,1,0.00000862,0.2664
1623443424367000,1,3745.17808322,0.2663
1623443424367000,1,329.74284816,0.2663
1623443438355000,0,189.85411738,0.2661
1623443480639000,0,400.00000000,0.2657
1623443505681000,0,189.85410000,0.2656
1623443511919000,0,1724.59320083,0.2659
1623443511919000,0,1723.93193497,0.2660
1623443511919000,0,530.04025593,0.2660
1623443522483000,0,1638.39370574,0.2664
1623443522483000,0,2700.00000000,0.2664
1623443522483000,0,1639.21432771,0.2664
1623443522483000,0,20233.41608582,0.2664
1623443526107000,0,1060.82770000,0.2664
1623443526133000,0,578.34461580,0.2664
1623443526309000,0,1638.39370574,0.2664
1623443526309000,0,578.38659426,0.2664
1623443526389000,0,1060.82773345,0.2664
1623443527165000,0,1564.95133000,0.2665
1623443528792000,0,1060.82770000,0.2667
1623443542156000,1,125.64310215,0.2664
1623443684843000,1,125.64310000,0.2657
1623443699532000,0,93.00000000,0.2658
1623443753260000,0,555.84816222,0.2659
1623443753405000,0,93.00000000,0.2659
1623443957190000,1,318.00000000,0.2660
1623444062287000,0,2700.00000000,0.2663
1623444062287000,0,896.85553946,0.2664
1623444062287000,0,2242.13884864,0.2664
1623444062287000,0,5829.56100647,0.2664
1623444062287000,0,4088.31719743,0.2664
1623444069170000,0,695.06817008,0.2665
1623444069170000,0,128.04142992,0.2665
1623444069295000,0,1609.62899529,0.2665
1623444124335000,0,640.20858500,0.2669
1623444124335000,0,182.90111500,0.2669
1623444260183000,0,186.67502100,0.2666
1623444289174000,0,4000.00000000,0.2665
1623444567563000,0,7743.79887000,0.2668
1623444596409000,0,0.00000007,0.2668
1623444646129000,0,1062.14498670,0.2670
1623444822805000,0,7630.42207000,0.2663
1623444822937000,0,127.87948413,0.2663
1623444873710000,0,934.26560000,0.2663
1623444873842000,0,6825.13080000,0.2663
1623444901908000,0,1400.00000000,0.2661
1623444902146000,0,474.33657274,0.2662
1623444926645000,0,0.00008938,0.2663
1623444926645000,0,463.44961062,0.2665
1623445058959000,0,405.50772021,0.2657
1623445058959000,0,1013.93730979,0.2657
1623445222890000,1,377.00000000,0.2650
1623445222890000,1,2162.23020251,0.2650
1623445225806000,1,119.28800000,0.2650
1623445226310000,1,0.00094546,0.2650
1623445251899000,0,119.28800000,0.2648
1623445267692000,0,462.21390000,0.2654
1623445267845000,0,1819.26952000,0.2654
1623445320412000,1,151.65087182,0.2652
1623445557913000,0,2206.41860031,0.2656
1623445557913000,0,5515.81910969,0.2656
1623445578492000,0,355.63340857,0.2658
1623445615322000,0,203.98260000,0.2662
1623445652890000,1,2156.32085106,0.2664
1623445652900000,1,543.67914894,0.2664
1623445773928000,0,554.40453402,0.2663
1623445777124000,0,7201.74054000,0.2663
1623445783759000,0,0.00000756,0.2663
1623445799268000,0,5069.27719155,0.2667
1623445799268000,0,2027.71963845,0.2667
1623445918753000,1,228.60000000,0.2662
1623445951100000,1,3100.00000000,0.2662
1623445969938000,0,1851.85947240,0.2664
1623445969938000,0,16.66375860,0.2665
1623445984687000,0,7756.50822000,0.2663
1623445990543000,1,7759.58884619,0.2662
1623445990688000,1,10800.00000000,0.2662
1623445990712000,1,2683.33620000,0.2662
1623446101056000,1,3103.00000000,0.2660
1623446196317000,0,228.60000000,0.2662
1623446220599000,0,187.47759903,0.2661
1623446363726000,0,1884.93242630,0.2646
1623446681734000,1,336.09594850,0.2661
1623446865490000,0,258.20686890,0.2652
1623446882750000,0,258.23269210,0.2650
1623446907249000,0,1474.30592250,0.2644
1623446973556000,0,258.62811570,0.2643
1623446976451000,1,258.74979770,0.2642
1623446979700000,0,1475.16862260,0.2641
1623447003744000,0,1476.81572520,0.2638
1623447009396000,0,1477.80534940,0.2635
1623447056392000,0,259.19405450,0.2631
1623447057954000,0,1476.08564190,0.2631
1623447059606000,0,614.20605285,0.2631
1623447077923000,1,16451.09974160,0.2628
1623447158401000,1,98.00000000,0.2620
1623447170607000,1,2.00000000,0.2620
1623447181352000,1,1960.00000000,0.2611
1623447186177000,1,40.00000000,0.2611
1623447197878000,1,500.00000000,0.2610
1623447211734000,1,3839.33164915,0.2603
1623447211734000,1,3838.50636041,0.2603
1623447219845000,1,76.85024654,0.2602
1623447224635000,1,15875.00000000,0.2600
1623447224635000,1,21937.55029692,0.2600
1623447224635000,1,1920.00000000,0.2600
1623447224635000,1,500.00000000,0.2600
1623447224635000,1,1000.00000000,0.2600
1623447224635000,1,191.00000000,0.2600
1623447224635000,1,90.00000000,0.2600
1623447224635000,1,731.42307692,0.2600
1623447226667000,0,77733.60000000,0.2600
1623447226679000,0,105004.20814077,0.2600
1623447252913000,1,400.00000000,0.2610
1623447252981000,1,3428.86614963,0.2610
1623447253234000,1,3827.81088913,0.2609
1623447253597000,1,3831.62486952,0.2607
1623447299494000,0,402.20000000,0.2605
1623447361224000,1,3845.17911997,0.2599
1623447361224000,1,2763.82088002,0.2599
1623447361270000,1,228.60000000,0.2599
1623447580262000,0,228.60000000,0.2611
1623447720309000,1,774.73022151,0.2609
1623447778245000,0,400.00000000,0.2616
1623447778257000,0,4460.48079918,0.2616
1623447778257000,0,1944.35088868,0.2616
1623447869249000,1,228.60000000,0.2617
1623447950280000,1,537.78653500,0.2619
1623448195591000,1,328.46574217,0.2626
1623448195711000,1,3477.55040501,0.2626
1623448195711000,1,3805.46575554,0.2626
1623448195893000,1,6094.33508388,0.2625
1623448236899000,0,228.60000000,0.2623
1623448242468000,0,375.50989287,0.2624
1623448703863000,1,7846.97712000,0.2630
1623448757229000,0,2127.42798909,0.2613
1623448757229000,0,5317.87119091,0.2613
1623448758511000,0,2127.22810979,0.2615
1623448758511000,0,5317.87120644,0.2615
1623448758511000,0,13825.31672377,0.2615
1623448818905000,0,869.21918773,0.2609
1623448818905000,0,2173.25746227,0.2609
1623448831697000,0,625.39046000,0.2603
1623448858441000,0,575.51339000,0.2609
1623448864618000,1,3169.00000000,0.2605
1623448876721000,0,607.79438417,0.2603
1623448876721000,0,1519.35496583,0.2603
1623448899478000,0,559.60147000,0.2602
1623448902735000,0,559.59874000,0.2603
1623448903180000,0,1368.63799000,0.2603
1623448903267000,0,0.00000869,0.2603
1623448906969000,0,400.00000000,0.2606
1623448906991000,0,103.64275762,0.2606
1623448907090000,0,547.22336451,0.2606
1623448907090000,0,547.60038099,0.2606
1623448907339000,0,503.29447315,0.2608
1623448907339000,0,128.54612685,0.2608
1623448907465000,0,418.67723766,0.2608
1623448928811000,0,365.53496000,0.2616
1623448939100000,1,3159.00000000,0.2612
1623448945917000,0,636.16645000,0.2614
1623448947914000,0,635.82100000,0.2617
1623448950665000,1,7895.07044000,0.2614
1623448950908000,1,0.00000538,0.2614
1623449048107000,0,555.47476721,0.2620
1623449048107000,0,222.18989279,0.2620
1623449048463000,0,1444.05792000,0.2621
1623449074469000,0,132.75458000,0.2630
1623449110260000,1,400.00000000,0.2631
1623449110314000,1,3135.00000000,0.2631
1623449110364000,1,228.60000000,0.2631
1623449110383000,1,434.17664293,0.2631
1623449110457000,1,884.15465961,0.2631
1623449110462000,1,2912.81475301,0.2631
1623449110462000,1,9495.44978047,0.2630
1623449110602000,1,855.41287764,0.2631
1623449110703000,1,2942.36376529,0.2631
1623449111344000,1,3797.77664293,0.2623
1623449111344000,1,3796.96941262,0.2623
1623449111344000,1,9495.44977445,0.2623
1623449112431000,1,3796.96941262,0.2620
1623449112431000,1,3797.77664293,0.2620
1623449112431000,1,9495.44977445,0.2620
1623449112978000,1,0.00000602,0.2620
1623449114491000,1,575.17943194,0.2618
1623449116725000,0,228.60000000,0.2623
1623449116750000,0,1814.34107983,0.2623
1623449117901000,0,2041.81673270,0.2624
1623449117901000,0,2043.26849730,0.2624
1623449121905000,0,1947.04086000,0.2628
1623449122058000,0,0.00000893,0.2628
1623449122058000,0,2043.26849107,0.2628
1623449131463000,0,7388.88933033,0.2630
1623449131463000,0,1136.60756444,0.2630
1623449131463000,0,2841.45396523,0.2630
1623449135259000,0,28500.00000000,0.2633
1623449146812000,0,4760.41465398,0.2629
1623449146812000,0,999.99999602,0.2629
1623449150391000,0,954.40305944,0.2631
1623449150391000,0,2386.00763056,0.2631
1623449191584000,0,878.94543000,0.2637
1623449191766000,0,0.00000896,0.2637
1623449191766000,0,879.40283104,0.2637
1623449209193000,0,7842.82328000,0.2635
1623449210224000,0,839.17212909,0.2636
1623449210224000,0,2098.00993091,0.2636
1623449280333000,0,613.69035752,0.2644
1623449280333000,0,1094.70432733,0.2644
1623449300097000,1,7000.00000000,0.2636
1623449300142000,1,228.60000000,0.2636
1623449300301000,1,10611.87243000,0.2636
1623449427721000,0,733.21443428,0.2642
1623449427721000,0,1833.07962734,0.2642
1623449427721000,0,4767.39398838,0.2642
1623449428243000,0,1833.07962734,0.2644
1623449428243000,0,733.21443428,0.2644
1623449428243000,0,4767.39398838,0.2644
1623449428852000,0,5386.73114704,0.2647
1623449520315000,1,755.68560953,0.2637
1623449638696000,0,7817.64360000,0.2643
1623449973611000,0,414.00000000,0.2649
1623449977897000,0,228.60000000,0.2654
1623449982738000,1,3110.00000000,0.2654
1623450002014000,0,1370.83219000,0.2652
1623450019109000,1,1478.24295310,0.2657
1623450038111000,0,0.00000409,0.2663
1623450038111000,0,1155.37346591,0.2665
1623450042092000,0,100.00000000,0.2667
1623450059284000,1,258.99346860,0.2664
1623450065722000,1,228.60000000,0.2661
1623450065839000,1,1637.23630000,0.2661
1623450087692000,1,7500.00000000,0.2662
1623450087913000,1,22259.63342000,0.2662
1623450160867000,0,945.44228000,0.2669
1623450167425000,1,258.76818160,0.2667
1623450178665000,1,258.74230470,0.2669
1623450216836000,1,258.71643050,0.2668
1623450239300000,0,916.57902000,0.2672
1623450240198000,0,916.53865500,0.2673
1623450244026000,1,258.69055890,0.2673
1623450258182000,0,2063.00649838,0.2674
1623450258182000,0,825.20259935,0.2674
1623450280593000,0,760.16931000,0.2679
1623450282173000,0,760.16931179,0.2682
1623450282173000,0,760.27692821,0.2682
1623450307781000,0,100.00000000,0.2681
1623450339459000,0,709.27192000,0.2685
1623450357593000,0,7710.00581000,0.2680
1623450357622000,0,0.00000469,0.2680
1623450357622000,0,399.99999531,0.2681
1623450357702000,0,297.81184906,0.2681
1623450380044000,0,563.50777000,0.2681
1623450474229000,1,257.89888040,0.2686
1623450497289000,0,776.22704000,0.2687
1623450497338000,0,0.00000343,0.2687
1623450497353000,0,776.28481258,0.2687
1623450674479000,0,20968.14332000,0.2682
1623450790598000,1,3086.00000000,0.2675
1623450840341000,0,458.39613207,0.2679
1623450840341000,0,465.61815935,0.2679
1623450989170000,1,934.09970000,0.2671
1623451173524000,1,34177.77272000,0.2660
1623451174006000,1,11300.39193000,0.2657
1623451174080000,1,9332.27067000,0.2657
1623451174213000,1,1968.12126000,0.2657
1623451174277000,1,1788.56564269,0.2657
1623451174277000,1,3756.06603731,0.2657
1623451177463000,0,375.90000000,0.2658
1623451391363000,1,7778.78158000,0.2653
1623451453524000,0,228.60000000,0.2653
1623451748612000,1,7771.64096000,0.2656
1623451843892000,0,2800.00000000,0.2650
1623451853480000,1,228.60000000,0.2648
1623452089362000,1,3000.00000000,0.2645
1623452089362000,1,3777.49115460,0.2645
1623452089362000,1,9441.30154007,0.2645
1623452089362000,1,8330.50345583,0.2645
1623452127108000,1,2800.00000000,0.2648
1623452189857000,0,604.50000000,0.2649
1623452371149000,0,228.60000000,0.2652
1623452449483000,1,9460.45152843,0.2640
1623452449483000,1,2268.10399168,0.2640
1623452449560000,1,1515.99131838,0.2640
1623452455178000,0,1067.20466940,0.2635
1623452456162000,0,379.10000000,0.2635
1623452457253000,0,379.10000000,0.2636
1623452491494000,0,34732.77242000,0.2641
1623452491630000,0,1446.30460000,0.2641
1623452492417000,0,4982.84285134,0.2642
1623452492417000,0,1993.14301866,0.2642
1623452607864000,0,1528.77240000,0.2632
1623452607951000,0,0.00000382,0.2632
1623452607951000,0,3821.42156618,0.2632
1623452608834000,1,259.18494000,0.2633
1623452626385000,1,0.00000770,0.2633
1623452645458000,0,259.21189100,0.2632
1623452680633000,0,742.81458438,0.2627
1623452725875000,0,7870.80719000,0.2626
1623452734443000,1,3142.00000000,0.2627
1623452734905000,1,3805.17613000,0.2626
1623452735045000,1,0.00000966,0.2626
1623452735045000,1,3805.32093034,0.2626
1623452735263000,1,3805.32094000,0.2626
1623452794992000,1,3812.95268931,0.2621
1623452795210000,1,5386.73114704,0.2619
1623452980507000,1,3818.13554000,0.2618
1623452980603000,1,400.00000000,0.2617
1623452980832000,1,3418.13554000,0.2617
1623452980939000,1,0.00000699,0.2617
1623452980965000,1,3818.13554000,0.2617
1623453012343000,0,2443.88143104,0.2617
1623453012343000,0,6109.71337896,0.2617
1623453012493000,0,0.00000993,0.2617
1623453016637000,0,3156.00000000,0.2620
1623453016637000,0,2250.23622000,0.2620
1623453016743000,0,0.00000039,0.2620
1623453016863000,0,5625.49616736,0.2620
1623453016863000,0,2044.16522487,0.2621
1623453093340000,0,1133.66174750,0.2617
1623453093340000,0,7364.77110250,0.2618
1623453093536000,0,0.17324781,0.2618
1623453093536000,0,1133.48845219,0.2618
1623453134866000,0,762.88082102,0.2614
1623453134866000,0,1907.49377898,0.2614
1623453135492000,0,762.51892434,0.2615
1623453135492000,0,1024.87627566,0.2615
1623453155196000,1,3824.64859479,0.2613
1623453215543000,1,3819.65709000,0.2617
1623453242470000,1,546.67635844,0.2617
1623453360327000,1,232.47680689,0.2620
1623453585293000,0,2540.48985000,0.2611
1623453592007000,1,1500.00000000,0.2609
1623453669084000,0,4482.13935044,0.2607
1623453669084000,0,1792.75005956,0.2607
1623453690318000,1,7500.00000000,0.2607
1623453712666000,0,2800.00000000,0.2604
1623453723448000,0,1136.38414000,0.2604
1623453723807000,0,0.00000663,0.2604
1623453723807000,0,1136.38824345,0.2605
1623454008632000,1,228.60000000,0.2614
1623454082146000,0,1000.96328000,0.2611
1623454082174000,0,0.00000019,0.2611
1623454082266000,0,662.64870000,0.2611
1623454166981000,0,2446.10752790,0.2606
1623454166981000,0,5480.80623210,0.2606
1623454175128000,0,1000.96320000,0.2607
1623454180820000,0,228.60000000,0.2608
1623454194639000,0,738.99850000,0.2611
1623454284994000,1,13066.55688000,0.2604
1623454314190000,0,7930.66828000,0.2605
1623455373197000,1,228.60000000,0.2634
1623455829235000,0,7875.30944000,0.2624
1623455915630000,0,7876.49016000,0.2624
1623456047448000,1,7102.94243395,0.2620
1623456047880000,1,144.95800886,0.2620
1623456125374000,1,3813.91292811,0.2618
1623456128860000,1,47436.70997824,0.2615
1623456139257000,0,1585.45054224,0.2612
1623456139261000,0,0.00000001,0.2612
1623456139345000,0,1585.59256354,0.2612
1623456139345000,0,3963.97290931,0.2612
1623456178071000,1,47510.38090181,0.2610
1623456194225000,0,228.60000000,0.2610
1623456280019000,1,3851.78483721,0.2595
1623456280770000,1,228.60000000,0.2594
1623456311719000,0,228.60000000,0.2604
1623456463535000,1,3809.75723000,0.2623
1623456516528000,1,3819.36100057,0.2617
1623456516528000,1,7180.63899943,0.2617
1623456649972000,0,80.00000000,0.2605
1623456665034000,1,80.00000000,0.2600
1623456734631000,0,1973.90011000,0.2604
1623456787888000,1,7924.29939000,0.2604
1623456792494000,1,0.00000714,0.2604
1623456792494000,1,148.59999286,0.2602
1623456793632000,1,7779.95002000,0.2602
1623456797568000,1,0.00000551,0.2602
1623456853675000,0,2113.89147000,0.2596
1623456854251000,0,228.60000000,0.2596
1623456854481000,0,1885.35818052,0.2596
1623456854481000,0,4351.36181948,0.2596
1623456896742000,1,3855.11183000,0.2592
1623456899643000,1,228.60000000,0.2591
1623456903517000,1,139.34274774,0.2591
1623456907151000,1,500.00000000,0.2590
1623456907151000,1,325.98455598,0.2590
1623456909471000,1,1000.00000000,0.2590
1623456913685000,1,3861.95978982,0.2588
1623456913685000,1,9655.04456769,0.2588
1623456921664000,1,9637.92252652,0.2587
1623456922311000,1,3865.57258610,0.2584
1623456922311000,1,9664.07669411,0.2584
1623456922311000,1,1008.40208193,0.2584
1623456922361000,1,8353.71823172,0.2584
1623456922465000,1,5377.10400000,0.2584
1623456924670000,0,2800.00000000,0.2584
1623456927146000,0,78.00000000,0.2585
1623456962931000,0,1243.14099000,0.2581
1623456963014000,0,400.00000000,0.2581
1623456963022000,0,7677.53491000,0.2581
1623456963409000,0,3841.49131165,0.2582
1623456963409000,0,19950.72501555,0.2582
1623457008985000,0,2230.30700000,0.2584
1623457008985000,0,400.00000000,0.2584
1623457009048000,1,169.69300000,0.2584
1623457009048000,1,3868.38388986,0.2583
1623457009048000,1,1779.49906891,0.2583
1623457009139000,1,7885.10066203,0.2583
1623457009192000,1,8339.85157405,0.2582
1623457009192000,1,25129.45475457,0.2582
1623457009192000,1,3197.00000000,0.2582
1623457009192000,1,5275.57000000,0.2580
1623457009311000,0,1289.45500000,0.2579
1623457010236000,1,13700.00000000,0.2575
1623457010236000,1,9664.59973094,0.2575
1623457010236000,1,3868.38388986,0.2575
1623457012220000,1,77.77694816,0.2571
1623457015816000,0,3217.00000000,0.2569
1623457016031000,0,3461.13178614,0.2571
1623457016115000,0,3280.74476000,0.2571
1623457027574000,1,3887.63392050,0.2570
1623457027574000,1,9719.23085895,0.2570
1623457027574000,1,2800.00000000,0.2570
1623457031325000,0,2800.00000000,0.2573
1623457037807000,0,3891.74506000,0.2572
1623457037875000,0,0.00000224,0.2572
1623457038069000,0,3890.53276000,0.2573
1623457038140000,0,0.00000359,0.2573
1623457038489000,0,3889.26279238,0.2573
1623457039174000,0,402.00000000,0.2575
1623457039745000,0,405.00000000,0.2575
1623457042637000,1,396.00000000,0.2581
1623457046769000,0,2800.00000000,0.2583
1623457061466000,1,3877.20314000,0.2577
1623457065093000,1,3878.22659000,0.2577
1623457065343000,1,0.00000611,0.2577
1623457065382000,1,9696.23630000,0.2576
1623457065394000,1,0.00000891,0.2576
1623457065528000,1,25203.83557000,0.2576
1623457065558000,1,0.00000546,0.2576
1623457065667000,1,700.86767000,0.2574
1623457098156000,0,8050.73230000,0.2568
1623457101444000,0,0.00000237,0.2568
1623457105110000,0,3892.34992000,0.2571
1623457128224000,0,3810.67767717,0.2579
1623457128224000,0,9522.92507525,0.2579
1623457136690000,0,3511.87487000,0.2583
1623457146532000,1,23283.88725000,0.2578
1623457147168000,1,3877.89478453,0.2576
1623457147168000,1,5126.77780547,0.2576
1623457151757000,1,1462.03984179,0.2568
1623457160906000,0,228.60000000,0.2572
1623457160911000,0,3214.00000000,0.2572
1623457178988000,0,3536.36835046,0.2572
1623457178988000,0,2800.00000000,0.2572
1623457178988000,0,8799.29662622,0.2572
1623457178988000,0,3519.74088332,0.2572
1623457179271000,0,0.00001639,0.2572
1623457200805000,0,260.55233810,0.2569
1623457202060000,0,1486.14404370,0.2568
1623457203421000,0,1722.91776720,0.2568
1623457204859000,0,1986.78904570,0.2567
1623457206297000,0,2278.06881550,0.2567
1623457207694000,0,468.30085582,0.2567
1623457219275000,0,3273.38289842,0.2565
1623457219439000,0,3273.16967140,0.2564
1623457219439000,0,4909.27969860,0.2565
1623457235237000,0,8049.00791000,0.2569
1623457235391000,0,400.00000000,0.2570
1623457235479000,0,2094.01934867,0.2570
1623457235479000,0,6234.68958662,0.2570
1623457235675000,0,5678.00000000,0.2571
1623457235867000,0,700.24872819,0.2571
1623457235916000,0,1795.61769808,0.2571
1623457235916000,0,2401.22834416,0.2571
1623457235928000,0,3833.46124246,0.2571
1623457235928000,0,843.66872029,0.2571
1623457235937000,0,1650.35062838,0.2571
1623457236265000,0,1753.67477000,0.2573
1623457236398000,0,400.00000000,0.2573
1623457236505000,0,340.25815966,0.2573
1623457236505000,0,399.99999034,0.2573
1623457236510000,0,2094.01935833,0.2573
1623457276206000,0,1555.40009000,0.2566
1623457276336000,0,0.00000057,0.2566
1623457277221000,0,1554.41785735,0.2568
1623457277221000,0,3477.39878265,0.2568
1623457279436000,0,9544.60432000,0.2570
1623457279510000,0,332.26023152,0.2570
1623457279510000,0,1519.89163915,0.2570
1623457279510000,0,1519.71046933,0.2570
1623457291559000,0,1762.26674000,0.2571
1623457291940000,0,1761.44061516,0.2573
1623457291940000,0,1762.11596484,0.2573
1623457309120000,1,6376.00000000,0.2576
1623457363369000,0,161.73658270,0.2567
1623457364958000,0,1490.53229170,0.2566
1623457366607000,0,1728.00515460,0.2566
1623457368602000,0,1992.65558540,0.2565
1623457370278000,0,2284.79543870,0.2565
1623457371597000,0,1569.87493615,0.2565
1623457371597000,0,1087.59524155,0.2565
1623457373079000,0,1730.73405054,0.2566
1623457373079000,0,1569.87493615,0.2566
1623457373079000,0,233.47327571,0.2566
1623457409003000,0,262.16763820,0.2568
1623457410449000,0,1495.35742720,0.2568
1623457411646000,0,1733.59903470,0.2566
1623457418366000,0,1472.90764595,0.2571
1623457418366000,0,1472.98035405,0.2571
1623457432086000,1,3214.00000000,0.2567
1623457440480000,0,262.26560180,0.2569
1623457441828000,0,1495.91619410,0.2568
1623457463029000,1,3211.00000000,0.2571
1623457477271000,0,262.25319300,0.2571
1623457484499000,1,3215.00000000,0.2567
1623457538227000,0,8058.54111000,0.2565
1623457538525000,0,2719.18130000,0.2566
1623457550670000,0,3898.57247000,0.2568
1623457560855000,0,262.27942090,0.2568
1623457562288000,0,1495.99501620,0.2568
1623457588231000,0,262.35690460,0.2569
1623457595250000,1,3217.00000000,0.2566
1623457602010000,0,262.27940000,0.2567
1623457622302000,0,262.38314290,0.2567
1623457623777000,1,1496.58662000,0.2567
1623457644032000,0,262.38310000,0.2570
1623457652721000,0,999.08040611,0.2571
1623457662205000,0,6614.78738000,0.2570
1623457662279000,0,1429.55056000,0.2570
1623457669790000,0,0.00000004,0.2570
1623457669790000,0,8044.33794004,0.2570
1623457669790000,0,2799.99999992,0.2570
1623457670081000,0,2799.99990000,0.2570
1623457671168000,0,5244.33804000,0.2570
1623457671373000,0,0.00000004,0.2570
1623457671373000,0,5499.99999996,0.2570
1623457682293000,1,8518.22654000,0.2570
1623457690308000,1,0.00000780,0.2567
1623457700817000,0,262.47513620,0.2566
1623457708468000,0,1497.11134130,0.2564
1623457719287000,0,3836.53997550,0.2563
1623457719752000,0,1759.58640000,0.2563
1623457725329000,0,1498.11507840,0.2562
1623457736443000,1,325.58593750,0.2560
1623457751400000,0,262.45100440,0.2567
1623457762408000,0,262.47725210,0.2566
1623457776945000,0,262.47720000,0.2570
1623457801950000,1,2800.00000000,0.2567
1623457814004000,0,3896.97839000,0.2568
1623457851089000,0,262.45100440,0.2565
1623457860156000,0,262.47725210,0.2565
1623457862487000,0,1497.12341000,0.2564
1623457881459000,1,2800.00000000,0.2564
1623457883581000,1,2800.00000000,0.2563
1623457900538000,0,3898.54097000,0.2566
1623457910603000,0,3886.12388000,0.2575
1623457939814000,1,8013.71520000,0.2576
1623457940048000,1,2800.00000000,0.2576
1623457951637000,0,5032.07196000,0.2581
1623457951726000,0,4662.05996633,0.2581
1623457951726000,0,2337.94003367,0.2581
1623457951810000,0,1538.83243000,0.2581
1623457952328000,0,2500.00000000,0.2583
1623457954961000,1,2800.00000000,0.2582
1623457955065000,1,3197.00000000,0.2582
1623458096679000,0,3880.61956000,0.2579
1623458158989000,0,1577.54801000,0.2589
1623458211757000,1,6000.00000000,0.2591
1623458211830000,1,3186.00000000,0.2591
1623458211907000,1,3856.24092728,0.2590
1623458211907000,1,8384.15847272,0.2590
1623458240609000,1,3182.00000000,0.2595
1623458281766000,1,228.60000000,0.2594
1623458294294000,1,3856.12196000,0.2591
1623458350926000,0,100.00000000,0.2600
1623458444697000,1,3853.44798000,0.2593
1623458510263000,0,228.60000000,0.2586
1623458551090000,1,7979.53966000,0.2587
1623458561479000,1,0.00000393,0.2587
1623458724211000,0,261.97169070,0.2576
1623458727197000,0,1494.23977800,0.2575
1623458750442000,0,262.14732940,0.2572
1623458757047000,0,262.17354680,0.2572
1623458758337000,0,1495.39112900,0.2571
1623458846861000,0,3878.18945112,0.2580
1623458846861000,0,1678.92014888,0.2580
1623458847033000,0,2018.38470000,0.2581
1623458854611000,0,11500.00000000,0.2582
1623458885892000,0,3866.34554000,0.2589
1623458886085000,0,0.00000125,0.2589
1623458886085000,0,3866.34554125,0.2590
1623458886085000,0,2267.30891750,0.2590
1623458886249000,0,1264.68259000,0.2590
1623458950156000,1,3850.83626000,0.2591
1623458974034000,1,228.60000000,0.2591
1623459016588000,1,2800.00000000,0.2598
1623459035261000,0,3846.18582271,0.2602
1623459035261000,0,2539.96784729,0.2602
1623459073479000,1,3850.36106263,0.2596
1623459073479000,1,1149.63893737,0.2596
1623459073545000,1,2026.04301000,0.2596
1623459073622000,1,671.36106436,0.2596
1623459073622000,1,2357.23893564,0.2596
1623459189522000,1,3615.00000000,0.2603
1623459284150000,1,2800.00000000,0.2603
1623459315532000,1,3850.98383000,0.2596
1623459367316000,1,5707.97316000,0.2589
1623459588672000,0,3866.58557670,0.2587
1623459588672000,0,9667.06622330,0.2587
1623459607459000,1,3870.78059000,0.2581
1623459610078000,0,134.77721720,0.2583
1623459621602000,1,3877.11388000,0.2578
1623459621867000,1,0.00000289,0.2578
1623459621867000,1,9692.25162636,0.2578
1623459628908000,1,3878.28581000,0.2576
1623459628928000,1,0.00000960,0.2576
1623459629075000,1,1407.47152000,0.2576
1623459629149000,1,8289.59220000,0.2576
1623459629397000,1,4500.00000000,0.2575
1623459629451000,1,2800.00010000,0.2576
1623459629468000,1,1081.29728568,0.2576
1623459629468000,1,918.70271432,0.2575
1623459629835000,0,1493.40225880,0.2575
1623459641506000,0,262.00039620,0.2576
1623459662805000,0,1494.40350910,0.2574
1623459664626000,0,1493.40220000,0.2574
1623459773359000,0,228.60000000,0.2580
1623459840297000,0,156.51220248,0.2579
1623459925562000,0,3866.53941000,0.2588
1623459925728000,0,0.00000097,0.2588
1623459925728000,0,3866.34553903,0.2588
1623459967277000,0,3852.73165000,0.2597
1623460020639000,1,228.60000000,0.2600
1623460042565000,1,3184.00000000,0.2592
1623460042720000,1,3847.07261188,0.2592
1623460042720000,1,3854.24925812,0.2592
1623460043977000,0,500.00000000,0.2596
1623460044436000,0,2189.00000000,0.2602
1623460044537000,0,3828.11700253,0.2602
1623460044537000,0,3828.71725640,0.2602
1623460044656000,0,1419.14929104,0.2602
1623460044780000,0,0.00000001,0.2608
1623460060881000,1,15473.00000000,0.2614
1623460060881000,1,3821.51974197,0.2614
1623460060881000,1,9553.79935493,0.2614
1623460065787000,1,2562.38344000,0.2614
1623460088852000,0,3657.15723000,0.2612
1623460158185000,0,1676.18441000,0.2606
1623460226640000,0,228.60000000,0.2609
1623460226947000,0,3773.99483602,0.2609
1623460226947000,0,1601.04331462,0.2609
1623460227227000,0,11200.00000000,0.2610
1623460227521000,0,11010.12811000,0.2610
1623460265791000,0,1442.17569000,0.2609
1623460351576000,0,7839.31641000,0.2603
1623460503009000,1,228.60000000,0.2605
1623460507110000,1,2790.98340000,0.2604
1623460507235000,1,11200.00000000,0.2604
1623460508564000,1,112642.54000000,0.2604
1623460508675000,1,519.78182563,0.2604
1623460508678000,1,18053.10477437,0.2604
1623460516218000,0,9000.00000000,0.2601
1623460516385000,0,11500.00000000,0.2601
1623460516462000,0,12000.00000000,0.2601
1623460516572000,0,11200.00000000,0.2601
1623460516619000,0,4500.00000000,0.2601
1623460534893000,1,3305.00000000,0.2598
1623460535617000,1,5500.00000000,0.2597
1623460561696000,1,3853.83410000,0.2593
1623460602559000,1,3182.00000000,0.2595
1623460637002000,1,2800.00000000,0.2599
1623460637002000,1,3845.03126000,0.2599
1623460751679000,0,228.60000000,0.2596
1623460779679000,1,3851.48813068,0.2594
1623460779679000,1,3850.59899932,0.2594
1623460790707000,1,7500.00000000,0.2590
1623460790798000,1,7000.00000000,0.2590
1623460985842000,1,3312.04751000,0.2582
1623460986183000,1,228.60000000,0.2582
1623460986185000,1,329.38318870,0.2582
1623460986185000,1,2670.61681130,0.2582
1623460986284000,1,2800.00000000,0.2582
1623461115890000,0,228.60000000,0.2590
1623461307531000,0,2343.41371000,0.2592
1623461323916000,1,3189.00000000,0.2589
1623461334980000,1,3862.37745000,0.2588
1623461335397000,1,0.00000380,0.2588
1623461335397000,1,3862.04927620,0.2587
1623461338283000,1,3864.40739000,0.2586
1623461338339000,1,0.00000310,0.2586
1623461338439000,1,3193.00000000,0.2586
1623461361692000,0,261.76413590,0.2581
1623461364799000,0,1493.05592230,0.2579
1623461366371000,1,3875.82153163,0.2576
1623461366371000,1,7324.17846837,0.2576
1623461394456000,0,2800.00000000,0.2565
1623461400820000,0,1342.91000000,0.2568
1623461405354000,0,4142.91000000,0.2566
1623461405527000,1,2800.00000000,0.2561
1623461425208000,1,3912.05938712,0.2554
1623461425753000,1,2800.00000000,0.2554
1623461428448000,1,3648.43137254,0.2550
1623461428448000,1,3900.00000000,0.2550
1623461428448000,1,80.58823529,0.2550
1623461428448000,1,9782.51512377,0.2549
1623461428448000,1,3912.05938712,0.2549
1623461428448000,1,397.00000000,0.2549
1623461428455000,1,9780.90766823,0.2548
1623461428455000,1,412.00000000,0.2548
1623461428777000,1,3912.05938712,0.2547
1623461428777000,1,9782.51512377,0.2547
1623461428777000,1,9780.90766823,0.2541
1623461428777000,1,329.31219218,0.2541
1623461430160000,0,387.00000000,0.2547
1623461430160000,0,1.60000000,0.2547
1623461473805000,0,391.70000000,0.2550
1623461477038000,1,2800.00000000,0.2545
1623461479948000,1,3000.00000000,0.2544
1623461505844000,0,117.43023027,0.2549
1623461510871000,0,2189.00000000,0.2554
1623461626448000,1,2800.00000000,0.2540
1623461662537000,1,3252.00000000,0.2541
1623461683610000,1,390.00000000,0.2537
1623461692365000,1,410.96363206,0.2535
1623461712256000,0,3068.43092000,0.2538
1623461712929000,0,0.00000084,0.2538
1623461721520000,1,9846.08598390,0.2537
1623461721520000,1,3938.37519610,0.2537
1623461729824000,1,228.60000000,0.2531
1623461751280000,1,90.42645735,0.2530
1623461751318000,1,1.84543790,0.2530
1623461752662000,1,8309.78300444,0.2528
1623461755642000,1,163.88038390,0.2525
1623461779468000,0,3929.73730078,0.2534
1623461820045000,1,3950.73113000,0.2529
1623461823851000,1,0.00000265,0.2529
1623461829946000,0,3955.78694334,0.2529
1623461829946000,0,9889.31873666,0.2529
1623461830217000,0,0.00000795,0.2529
1623461830217000,0,11199.99999205,0.2530
1623461830406000,0,228.60000000,0.2530
1623461830803000,0,3955.94342968,0.2530
1623461846147000,0,7268.53305492,0.2532
1623461846147000,0,2907.43399508,0.2532
1623461847576000,0,797.70625820,0.2533
1623461847586000,0,2109.82723302,0.2533
1623461897856000,0,2907.59617751,0.2535
1623461897856000,0,7268.82733990,0.2535
1623461897856000,0,18897.93446259,0.2535
1623461898866000,0,2907.18386829,0.2536
1623461898866000,0,4592.81613171,0.2536
1623461969887000,0,15000.00000000,0.2529
1623461981257000,0,1000.00000000,0.2538
1623461986881000,1,2800.00000000,0.2535
1623461988177000,0,409.00000000,0.2537
1623461988177000,0,591.00000000,0.2538
1623462085667000,0,7513.24594000,0.2539
1623462184026000,1,3942.31895534,0.2535
1623462184026000,1,9855.94549466,0.2535
1623462184214000,1,0.00000590,0.2535
1623462199913000,1,22264.00605000,0.2531
1623462199999000,1,3948.79509512,0.2530
1623462199999000,1,2051.20490488,0.2530
1623462200084000,1,2800.00000000,0.2530
1623462255871000,1,2800.00000000,0.2531
1623462281085000,0,5623.00000000,0.2532
1623462290504000,1,2800.00000000,0.2532
1623462479703000,1,2800.00000000,0.2543
1623462611930000,0,7839.27050000,0.2541
1623462689578000,1,3957.95550543,0.2521
1623462689578000,1,3957.32897403,0.2521
1623462698765000,0,3282.00000000,0.2523
1623462698893000,0,10218.00000000,0.2523
1623462699085000,0,3453.96530354,0.2523
1623462705802000,1,2800.00000000,0.2523
1623462780274000,1,3955.60546316,0.2525
1623462780274000,1,3198.35983684,0.2525
1623462780433000,1,6694.48091217,0.2525
1623462780849000,1,6500.00000000,0.2524
1623462780921000,1,3385.79924000,0.2524
1623462857135000,1,3957.26474000,0.2525
1623462857586000,1,0.00000617,0.2525
1623462990235000,1,228.60000000,0.2526
1623463003465000,1,2800.00000000,0.2526
1623463029433000,1,2800.00000000,0.2524
1623463029570000,1,3959.08376000,0.2524
1623463031803000,1,3958.92542182,0.2523
1623463093921000,0,8191.42398000,0.2526
1623463095162000,0,0.00000486,0.2526
1623463112935000,1,3953.32386000,0.2527
1623463113148000,1,0.00000536,0.2527
1623463113148000,1,3954.07419464,0.2527
1623463125263000,1,1500.00000000,0.2525
1623463127830000,1,1335.95238000,0.2523
1623463127956000,1,2620.34325075,0.2523
1623463127956000,1,3531.10174925,0.2523
1623463167351000,0,499.10000000,0.2521
1623463179030000,1,3970.30722313,0.2513
1623463196549000,0,228.60000000,0.2520
1623463215673000,1,100.00000000,0.2510
1623463215891000,1,79.70820000,0.2509
1623463216286000,1,0.00000421,0.2509
1623463241308000,0,415.00000000,0.2512
1623463257754000,1,3975.73561000,0.2513
1623463262019000,1,2800.00000000,0.2512
1623463264552000,1,2800.00000000,0.2511
1623463288466000,1,2800.00000000,0.2516
1623463288875000,1,3972.45224388,0.2515
1623463312553000,0,15500.00000000,0.2523
1623463312657000,0,12055.44381000,0.2523
1623463312752000,0,14500.00000000,0.2523
1623463377980000,1,3951.82403000,0.2529
1623463443829000,1,2800.00000000,0.2534
1623463476707000,1,3939.46271000,0.2536
1623463500288000,1,3940.82747703,0.2535
1623463500288000,1,4867.88578297,0.2535
1623463500357000,1,4984.79690547,0.2535
1623463540082000,1,3950.97628624,0.2530
1623463540082000,1,9877.44070376,0.2530
1623463600077000,1,3951.16361000,0.2529
1623463600255000,1,0.00000769,0.2529
1623463600255000,1,7143.44789231,0.2529
1623463654864000,1,228.60000000,0.2526
1623463683573000,0,8204.32483000,0.2523
1623463695699000,1,2800.00000000,0.2522
1623463699334000,1,1139.94733000,0.2522
1623463714657000,0,228.60000000,0.2526
1623463748067000,0,3952.53483199,0.2533
1623463748067000,0,3950.23313801,0.2533
1623463748318000,0,15097.23203000,0.2534
1623463811098000,1,3271.00000000,0.2527
1623463811214000,1,3953.57239217,0.2527
1623463811214000,1,3953.60365436,0.2527
1623463811214000,1,6592.82395347,0.2527
1623463926103000,1,3956.04362908,0.2526
1623463926197000,1,500.00000000,0.2526
1623463967093000,1,2800.00000000,0.2522
1623464057731000,1,228.60000000,0.2517
1623464185853000,0,3984.33210000,0.2512
1623464197489000,0,228.60000000,0.2513
1623464197527000,0,8010.38881837,0.2513
1623464373665000,1,3988.03957909,0.2505
1623464373665000,1,9969.77165235,0.2505
1623464383058000,1,3992.56163529,0.2502
1623464383058000,1,1007.43836471,0.2502
1623464383315000,1,500.00000000,0.2502
1623464383491000,1,3938.05631305,0.2501
1623464383746000,1,54.50532224,0.2501
1623464383746000,1,3992.84859009,0.2501
1623464383951000,1,3992.84859009,0.2500
1623464384346000,1,2742.84000000,0.2500
1623464384346000,1,500.00000000,0.2500
1623464384346000,1,400.00000000,0.2500
1623464384346000,1,4647.98348618,0.2500
1623464384389000,1,5352.01651382,0.2500
1623464384389000,1,112.00000000,0.2500
1623464384389000,1,922.59999999,0.2500
1623464384389000,1,4000.00000000,0.2500
1623464384389000,1,1000.00000000,0.2500
1623464384389000,1,1000.00000000,0.2500
1623464384389000,1,250.00000000,0.2500
1623464384389000,1,1200.00000000,0.2500
1623464384389000,1,5000.00000000,0.2500
1623464384389000,1,995.00000000,0.2500
1623464384389000,1,328.16000000,0.2500
1623464384389000,1,200.00000000,0.2500
1623464384389000,1,10230.76000000,0.2500
1623464384389000,1,102.00000000,0.2500
1623464384389000,1,200.00000000,0.2500
1623464384389000,1,500.00000000,0.2500
1623464384389000,1,200.00000000,0.2500
1623464384389000,1,80.00000000,0.2500
1623464384389000,1,1000.00000000,0.2500
1623464384389000,1,6773.32000000,0.2500
1623464384389000,1,90.00000000,0.2500
1623464384389000,1,10232.02180132,0.2500
1623464384393000,1,228.60000000,0.2500
1623464384396000,1,539.37819868,0.2500
1623464384396000,1,100.00000000,0.2500
1623464384396000,1,465.92894582,0.2500
1623464389560000,0,228.60000000,0.2500
1623464390965000,1,396.00000000,0.2498
1623464438976000,1,2800.00000000,0.2498
1623464439618000,1,1851.09890000,0.2497
1623464460534000,1,100.00000000,0.2492
1623464469518000,1,400.00000000,0.2492
1623464469575000,1,2700.00000000,0.2492
1623464469976000,1,1000.00000000,0.2492
1623464546953000,1,838.00000000,0.2491
1623464547503000,1,409.00000000,0.2491
1623464548003000,1,145.00000000,0.2490
1623464548003000,1,400.00000000,0.2490
1623464599641000,0,4008.45987000,0.2497
1623464654518000,0,4010.74269000,0.2495
1623464689242000,0,3998.61938000,0.2503
1623464747144000,0,3982.34663000,0.2512
1623464747226000,0,0.00000299,0.2512
1623464747226000,0,9957.14444701,0.2512
1623464757531000,0,3981.59021130,0.2516
1623464757531000,0,3978.22342870,0.2516
1623464809374000,0,3998.68456000,0.2503
1623464889037000,0,3993.51875400,0.2507
1623464889037000,0,3993.22230147,0.2507
1623464889037000,0,3993.51874453,0.2507
1623464889053000,0,0.00000947,0.2507
1623464889144000,1,399.99999053,0.2507
1623464903842000,1,228.60000000,0.2504
1623464904437000,1,49686.18054167,0.2502
1623464904835000,1,8283.84841653,0.2502
1623464904933000,1,27058.77104180,0.2502
1623464908528000,0,2116.10000000,0.2501
1623464932509000,0,1887.50000000,0.2492
1623464934312000,0,4016.23017323,0.2492
1623464934312000,0,2983.76982677,0.2492
1623464934327000,0,228.60000000,0.2492
1623464934423000,0,6500.00000000,0.2492
1623464934541000,0,328.08323371,0.2492
1623464936394000,0,2000.00000000,0.2493
1623465044297000,1,4863.74831000,0.2501
1623465044373000,1,10000.00000000,0.2501
1623465044441000,1,7000.00000000,0.2501
1623465059889000,0,1290.74554576,0.2501
1623465059889000,0,3226.85460424,0.2501
1623465060235000,0,0.00000873,0.2501
1623465060235000,0,6999.99999127,0.2502
1623465060317000,0,1389.69227000,0.2502
1623465062498000,1,2800.00000000,0.2500
1623465068353000,1,4005.77428000,0.2495
1623465072752000,1,0.00000734,0.2495
1623465100342000,1,2800.00000000,0.2491
1623465100342000,1,4014.32930465,0.2490
1623465100342000,1,10035.96891258,0.2490
1623465100342000,1,6815.44499412,0.2489
1623465100351000,1,19272.99835497,0.2489
1623465100351000,1,4392.74485638,0.2489
1623465110399000,0,3194.75709575,0.2487
1623465110399000,0,0.31749425,0.2487
1623465110914000,1,400.00000000,0.2484
1623465115730000,0,2871.54815000,0.2486
1623465116554000,0,4500.00000000,0.2487
1623465116640000,0,2676.39585000,0.2487
1623465123325000,0,655.46327000,0.2489
1623465123406000,0,1079.66315000,0.2489
1623465124454000,0,1000.00000000,0.2489
1623465149494000,1,5079.66315000,0.2493
1623465149564000,1,17000.00000000,0.2493
1623465158493000,0,3539.80779508,0.2495
1623465158493000,0,1415.93079492,0.2495
1623465171492000,0,1348.35124000,0.2500
1623465205608000,0,2800.00000000,0.2503
1623465205765000,0,400.00000000,0.2503
1623465205770000,0,1146.78904168,0.2503
1623465205934000,0,1546.79862788,0.2503
1623465205934000,0,3596.28412212,0.2503
1623465232487000,0,6500.00000000,0.2495
1623465232500000,0,2230.30700000,0.2495
1623465232581000,0,912.33782587,0.2495
1623465232829000,0,390.99999999,0.2495
1623465232838000,0,1879.36976782,0.2496
1623465329842000,0,400.00000000,0.2514
1623465329888000,0,4700.30807443,0.2514
1623465329888000,0,3540.81236021,0.2514
1623465329888000,0,1159.49571422,0.2514
1623465329890000,0,790.74251801,0.2514
1623465329890000,0,2350.06984221,0.2515
1623465330095000,0,2350.44360000,0.2515
1623465330206000,0,0.00007023,0.2515
1623465330299000,0,2350.23823223,0.2516
1623465330299000,0,2350.06984221,0.2516
1623465351085000,0,400.00000000,0.2525
1623465351199000,0,10666.93725541,0.2525
1623465351199000,0,1241.12597379,0.2525
1623465351199000,0,399.99987080,0.2525
1623465351211000,0,3702.68688781,0.2525
1623465365908000,1,6518.00000000,0.2525
1623465366055000,1,3956.16883718,0.2525
1623465366055000,1,3957.01418282,0.2525
1623465397978000,0,1669.40203000,0.2521
1623465398006000,0,0.00000731,0.2521
1623465398006000,0,399.99999269,0.2521
1623465398155000,0,3772.78943117,0.2521
1623465398437000,0,1669.35850626,0.2523
1623465438025000,1,2800.00000000,0.2530
1623465438025000,1,700.00000000,0.2530
1623465438074000,1,3951.04332988,0.2529
1623465438074000,1,9879.15813766,0.2529
1623465442533000,0,1540.76190695,0.2531
1623465442533000,0,3849.73544305,0.2531
1623465481527000,1,228.60000000,0.2528
1623465515093000,0,1167.03267561,0.2531
1623465515093000,0,2917.57919439,0.2531
1623465515277000,0,228.60000000,0.2530
1623465515305000,0,3723.35165000,0.2530
1623465549270000,1,228.60000000,0.2532
1623465559851000,0,228.60000000,0.2533
1623465570098000,1,8500.00000000,0.2531
1623465619274000,0,1559.33156000,0.2534
1623465620693000,0,3896.92640880,0.2535
1623465643285000,1,3000.00000000,0.2535
1623465643285000,1,1500.00000000,0.2535
1623465643363000,1,8115.96442000,0.2534
1623465682749000,0,1118.99105534,0.2537
1623465682749000,0,1119.99505293,0.2538
1623465682749000,0,2797.27630924,0.2538
1623465682749000,0,16209.92892219,0.2538
1623465827283000,1,228.60000000,0.2547
1623465904478000,0,228.60000000,0.2549
1623465904606000,0,6659.70646000,0.2549
1623465904692000,0,5000.00000000,0.2549
1623465905075000,1,2800.00000000,0.2549
1623465914973000,1,3925.17319000,0.2546
1623465916088000,1,0.00000026,0.2546
1623465916241000,1,3252.00000000,0.2543
1623465954767000,1,8133.38573304,0.2542
1623466105763000,1,228.60000000,0.2547
1623466105882000,1,3692.94174358,0.2547
1623466105882000,1,228.59999642,0.2547
1623466106023000,1,3694.44814912,0.2547
1623466137431000,1,3928.38185000,0.2544
1623466137591000,1,0.00000693,0.2544
1623466137591000,1,9820.86736307,0.2544
1623466137670000,1,0.00001594,0.2544
1623466176085000,1,3926.77752908,0.2544
1623466176085000,1,8073.22247092,0.2544
1623466176210000,1,1743.94264594,0.2544
1623466216469000,1,3937.94094000,0.2537
1623466256314000,1,3938.87305000,0.2537
1623466266722000,1,3940.79786580,0.2533
1623466266722000,1,5915.25953420,0.2533
1623466266916000,1,3940.79786580,0.2533
1623466448129000,0,228.60000000,0.2523
1623466450597000,0,1228.86652000,0.2524
1623466451057000,0,1228.72466226,0.2524
1623466451057000,0,1223.60787719,0.2524
1623466507850000,1,3961.87582000,0.2522
1623466653425000,1,3977.79330000,0.2511
1623466653449000,1,0.00000302,0.2511
1623466659199000,1,3983.91044942,0.2508
1623466659199000,1,9959.20707058,0.2508
1623466659298000,1,0.00001719,0.2508
1623466660645000,1,3959.00000000,0.2508
1623466696646000,1,3983.33914295,0.2509
1623466696646000,1,9960.07985705,0.2509
1623466696800000,1,0.00014231,0.2509
1623466697108000,1,3299.00000000,0.2507
1623466717052000,0,2800.00000000,0.2500
1623466724473000,1,398.00000000,0.2498
1623466724499000,1,5.00000000,0.2498
1623466724571000,1,398.00000000,0.2498
1623466726198000,1,394.00000000,0.2497
1623466759086000,1,3305.00000000,0.2502
1623466764651000,0,415.00000000,0.2500
1623466818088000,0,410.00000000,0.2505
1623466823154000,1,3991.38236000,0.2503
1623466848228000,1,2500.00000000,0.2508
1623466848228000,1,2800.00000000,0.2508
1623466848228000,1,3000.00000000,0.2508
1623466848228000,1,63.94040543,0.2508
1623466893558000,1,3969.45447000,0.2517
1623466893649000,1,0.00000879,0.2517
1623466917774000,1,410.00010000,0.2516
1623466925958000,1,3972.51536000,0.2516
1623466926455000,1,3973.08185584,0.2515
1623466970824000,0,8234.62014000,0.2516
1623466971130000,0,0.00000508,0.2516
1623467017293000,0,8218.47353000,0.2521
1623467020092000,0,0.00000983,0.2521
1623467020092000,0,2286.11888017,0.2523
1623467022246000,0,0.00001002,0.2523
1623467022246000,0,5714.69768998,0.2523
1623467022324000,0,0.00002299,0.2523
1623467022405000,0,14858.09284000,0.2523
1623467026767000,1,3960.65185000,0.2523
1623467029723000,1,11936.62498000,0.2521
1623467030245000,1,3961.14937419,0.2521
1623467030245000,1,9902.97887581,0.2521
1623467056581000,0,0.00000279,0.2523
1623467093269000,1,3962.87904437,0.2521
1623467093641000,1,9906.95388000,0.2520
1623467093744000,1,3962.87904437,0.2520
1623467093744000,1,0.00000907,0.2520
1623467093744000,1,0.25290656,0.2520
1623467103340000,1,2014.70205000,0.2518
1623467114092000,1,3973.23971000,0.2515
1623467149905000,1,3976.87576933,0.2513
1623467149905000,1,9942.41353067,0.2513
1623467150103000,1,0.00001010,0.2513
1623467150103000,1,228.59998990,0.2512
1623467157542000,1,3979.53284000,0.2510
1623467157693000,1,3979.53284476,0.2510
1623467157693000,1,3520.46715524,0.2510
1623467157811000,1,459.06568952,0.2510
1623467157811000,1,4460.61400000,0.2510
1623467307313000,1,3979.88128000,0.2511
1623467405676000,1,3996.74249519,0.2500
1623467405676000,1,4003.25750481,0.2500
1623467500602000,0,228.60000000,0.2507
1623467642416000,0,5520.00831000,0.2517
1623467801253000,1,228.60000000,0.2529
1623467853157000,0,991.33055963,0.2536
1623467853157000,0,991.70025949,0.2536
1623467853157000,0,991.26805088,0.2536
1623467905684000,1,3000.00000000,0.2534
1623467939964000,0,8177.84321000,0.2535
1623467940727000,0,0.00000612,0.2535
1623467955468000,0,8184.21948000,0.2533
1623468000047000,1,3930.85124000,0.2542
1623468014928000,0,925.34363000,0.2542
1623468025546000,1,3929.86393000,0.2543
1623468099281000,0,6500.00000000,0.2540
1623468115898000,1,9840.66003275,0.2539
1623468234707000,1,7814.48980010,0.2535
1623468235206000,1,3943.12877936,0.2534
1623468235206000,1,9853.22634043,0.2534
1623468257564000,0,2800.00000000,0.2533
1623468261840000,0,2800.00000000,0.2534
1623468329157000,1,4349.00000000,0.2531
1623468330474000,1,2800.00000000,0.2531
1623468356121000,1,1271.73668000,0.2528
1623468357230000,1,8186.71735025,0.2528
1623468405612000,1,402.00000000,0.2525
1623468432466000,0,8196.09036000,0.2529
1623468456546000,1,3948.38971310,0.2531
1623468456546000,1,3247.70064690,0.2531
1623468456630000,1,3000.00000000,0.2531
1623468568635000,0,398.00000000,0.2533
1623468602093000,1,1000.00000000,0.2532
1623468605084000,0,3000.00000000,0.2530
1623468605084000,0,1460.61400000,0.2530
1623468608016000,0,2500.00000000,0.2529
1623468608016000,0,300.00000000,0.2529
1623468669295000,1,25805.93504449,0.2516
1623468716233000,0,2800.00000000,0.2516
1623468716986000,0,2800.00000000,0.2517
1623468754078000,0,1430.26340000,0.2518
1623468754356000,0,3046.71006000,0.2518
1623468763781000,0,0.00000753,0.2518
1623468767943000,1,3967.25142000,0.2518
1623468768121000,1,0.00000010,0.2518
1623468768121000,1,3966.02245990,0.2518
1623468772754000,1,3967.25142010,0.2516
1623468772754000,1,1532.74857990,0.2516
1623468772818000,1,6713.43618000,0.2516
1623468772947000,1,4500.00000000,0.2516
1623468801385000,1,3978.13968372,0.2512
1623468843999000,1,3971.94732000,0.2516
1623468860192000,0,420.00000000,0.2521
1623468860330000,0,400.00000000,0.2521
1623468900723000,0,228.60000000,0.2519
1623468933811000,1,228.60000000,0.2515
1623469012509000,0,8248.27295000,0.2513
1623469022812000,0,8240.39710000,0.2516
1623469023660000,0,0.00000915,0.2516
1623469084852000,1,3970.02180487,0.2517
1623469084852000,1,1466.70092513,0.2517
1623469084935000,1,7000.00000000,0.2517
1623469176044000,0,95.36000000,0.2518
1623469273270000,0,2908.75966000,0.2515
1623469289244000,1,95.36000000,0.2512
1623469311075000,1,2800.00000000,0.2509
1623469311600000,1,3983.94219347,0.2509
1623469318855000,0,404.01880432,0.2510
1623469318860000,0,228.60000000,0.2510
1623469319143000,0,49469.54373441,0.2510
1623469319499000,0,11200.00000000,0.2510
1623469322619000,0,4698.29455617,0.2510
1623469323559000,1,2800.00000000,0.2509
1623469377299000,0,3300.00000000,0.2512
1623469378610000,0,395.99999999,0.2513
1623469378657000,0,0.00000001,0.2513
1623469408062000,0,0.00030450,0.2518
1623469436612000,1,5600.00000000,0.2517
1623469459087000,0,6591.24034000,0.2514
1623469461342000,0,300.00000000,0.2515
1623469464893000,1,812.34602986,0.2512
1623469499868000,0,3000.00000000,0.2514
1623469500840000,0,706.49847000,0.2515
1623469501927000,0,0.00000389,0.2515
1623469502240000,0,24815.62384000,0.2515
1623469505526000,1,228.60000000,0.2512
1623469510432000,0,3980.51201000,0.2514
1623469512393000,0,0.00000357,0.2514
1623469564023000,1,3974.94716000,0.2514
1623469564148000,1,0.00000559,0.2514
1623469564148000,1,3973.96776441,0.2514
1623469564276000,1,0.00000776,0.2514
1623469632330000,1,2053.71939000,0.2506
1623469633284000,1,1934.32018909,0.2506
1623469749707000,0,9993.12473000,0.2504
1623469862743000,1,3995.37109000,0.2501
1623469895260000,0,228.60000000,0.2500
1623469896490000,0,395.99999999,0.2500
1623469896551000,0,0.00000001,0.2500
1623469896704000,0,401.00000000,0.2500
1623469897694000,0,228.60000000,0.2501
1623469909901000,0,3932.14537000,0.2509
1623469909988000,0,0.00000197,0.2509
1623469920383000,0,5936.49743079,0.2513
1623469982828000,1,228.60000000,0.2521
1623469983137000,1,1929.89901000,0.2521
1623469983502000,1,641.50099000,0.2521
1623470075033000,0,1172.10741343,0.2526
1623470098528000,1,100.00000000,0.2526
1623470376535000,0,124.15307649,0.2536
1623470396549000,1,93.36136444,0.2533
1623470402228000,0,8179.62368000,0.2534
1623470472989000,1,2800.00000000,0.2540
1623470534178000,0,2800.00000000,0.2544
1623470537105000,1,2800.00000000,0.2541
1623470553624000,0,78.30526481,0.2541
1623470557125000,1,2800.00000000,0.2540
1623470557247000,1,11200.00000000,0.2540
1623470560783000,1,16752.12127079,0.2536
1623470560783000,1,25596.10389479,0.2536
1623470560783000,1,6680.38011480,0.2536
1623470561287000,1,403.00000000,0.2535
1623470561287000,1,3935.95838199,0.2535
1623470561287000,1,9841.58977105,0.2535
1623470561287000,1,3265.00000000,0.2535
1623470596752000,1,3940.39412098,0.2536
1623470655193000,1,3956.38797041,0.2526
1623470688388000,1,3970.84326111,0.2515
1623470688388000,1,9928.98787869,0.2515
1623470694192000,1,3974.82076000,0.2514
1623470710077000,1,3977.50850000,0.2512
1623470756627000,1,3973.43089000,0.2515
1623470849065000,1,3970.71712000,0.2517
1623470920537000,1,3975.19825525,0.2513
1623470920537000,1,9940.27879475,0.2513
1623471031217000,0,118.74751372,0.2514
1623471077433000,1,3974.34683494,0.2514
1623471077433000,1,1452.92840506,0.2514
1623471120314000,0,569.70282248,0.2519
1623471240352000,0,2800.00000000,0.2531
1623471240352000,0,2601.21687495,0.2531
1623471241436000,0,3488.45030000,0.2531
1623471241615000,0,4702.19100000,0.2531
1623471650543000,1,3964.48321180,0.2521
1623471840352000,1,2775.91036142,0.2515
1623471883143000,1,2775.91030000,0.2519
1623472129256000,0,8237.31521000,0.2517
1623472292521000,1,2800.00000000,0.2514
1623472292709000,1,3976.33635000,0.2513
1623472295977000,1,2800.00000000,0.2513
1623472296182000,1,2800.00000000,0.2513
1623472324769000,1,141.23034043,0.2511
1623472325480000,1,9949.77354315,0.2510
1623472325480000,1,3976.17999160,0.2510
1623472325480000,1,3074.04646525,0.2510
1623472365974000,1,2800.00000000,0.2508
1623472525787000,0,228.60000000,0.2514
1623472551866000,1,141.43300000,0.2508
1623472560344000,0,393.28319966,0.2510
1623472580978000,0,228.60000000,0.2514
1623472614032000,0,3982.87463549,0.2512
1623472614032000,0,9957.11177546,0.2512
1623472614049000,1,2800.00000000,0.2513
1623472614055000,1,30479.46754115,0.2513
1623472680283000,0,2800.00000000,0.2512
1623472680283000,0,1134.11353296,0.2512
1623472698208000,1,0.00007149,0.2508
1623472717764000,1,87.16700000,0.2505
1623472778214000,0,5512.83300000,0.2501
1623472778237000,0,2777.53204182,0.2501
1623472813707000,0,198.41821000,0.2512
1623472958638000,1,100.00000000,0.2506
1623472987793000,1,8292.51795011,0.2500
1623472990758000,0,8297.45389000,0.2499
1623473053791000,1,3991.25491000,0.2503
1623473066386000,0,198.41820000,0.2504
1623473079778000,1,0.00000849,0.2503
1623473227324000,0,5219.77333000,0.2518
1623473275279000,0,8230.14144000,0.2518
1623473318519000,0,8227.04881000,0.2519
1623473322040000,1,10000.00000000,0.2518
1623473359913000,0,2800.00000000,0.2516
1623473359913000,0,11790.80930886,0.2516
1623473359913000,0,8240.45962069,0.2516
1623473359913000,0,16487.71064316,0.2516
1623473359913000,0,2800.00000000,0.2516
1623473359913000,0,1520.90445302,0.2517
1623473377806000,0,6042.80975000,0.2513
1623473417488000,0,195.97310095,0.2510
1623473444383000,0,5600.00000000,0.2506
1623473444647000,0,2676.13510000,0.2506
1623473525815000,0,8000.00000000,0.2496
1623473525876000,0,228.60000000,0.2496
1623473525894000,0,77.02437747,0.2496
1623473536623000,1,7203.98029000,0.2497
1623473537136000,1,0.00000872,0.2497
