timestamp ms,type,amount,price
1623456047448000,1,7102.94243395,0.2620
1623456047880000,1,144.95800886,0.2620
1623456125374000,1,3813.91292811,0.2618
1623456128860000,1,47436.70997824,0.2615
1623456139257000,0,1585.45054224,0.2612
1623456139261000,0,0.00000001,0.2612
1623456139345000,0,1585.59256354,0.2612
1623456139345000,0,3963.97290931,0.2612
1623456178071000,1,47510.38090181,0.2610
1623456194225000,0,228.60000000,0.2610
1623456280019000,1,3851.78483721,0.2595
1623456280770000,1,228.60000000,0.2594
1623456311719000,0,228.60000000,0.2604
1623456463535000,1,3809.75723000,0.2623
1623456516528000,1,3819.36100057,0.2617
1623456516528000,1,7180.63899943,0.2617
1623456649972000,0,80.00000000,0.2605
1623456665034000,1,80.00000000,0.2600
1623456734631000,0,1973.90011000,0.2604
1623456787888000,1,7924.29939000,0.2604
1623456792494000,1,0.00000714,0.2604
1623456792494000,1,148.59999286,0.2602
1623456793632000,1,7779.95002000,0.2602
1623456797568000,1,0.00000551,0.2602
1623456853675000,0,2113.89147000,0.2596
1623456854251000,0,228.60000000,0.2596
1623456854481000,0,1885.35818052,0.2596
1623456854481000,0,4351.36181948,0.2596
1623456896742000,1,3855.11183000,0.2592
1623456899643000,1,228.60000000,0.2591
1623456903517000,1,139.34274774,0.2591
1623456907151000,1,500.00000000,0.2590
1623456907151000,1,325.98455598,0.2590
1623456909471000,1,1000.00000000,0.2590
1623456913685000,1,3861.95978982,0.2588
1623456913685000,1,9655.04456769,0.2588
1623456921664000,1,9637.92252652,0.2587
1623456922311000,1,3865.57258610,0.2584
1623456922311000,1,9664.07669411,0.2584
1623456922311000,1,1008.40208193,0.2584
1623456922361000,1,8353.71823172,0.2584
1623456922465000,1,5377.10400000,0.2584
1623456924670000,0,2800.00000000,0.2584
1623456927146000,0,78.00000000,0.2585
1623456962931000,0,1243.14099000,0.2581
1623456963014000,0,400.00000000,0.2581
1623456963022000,0,7677.53491000,0.2581
1623456963409000,0,3841.49131165,0.2582
1623456963409000,0,19950.72501555,0.2582
1623457008985000,0,2230.30700000,0.2584
1623457008985000,0,400.00000000,0.2584
1623457009048000,1,169.69300000,0.2584
1623457009048000,1,3868.38388986,0.2583
1623457009048000,1,1779.49906891,0.2583
1623457009139000,1,7885.10066203,0.2583
1623457009192000,1,8339.85157405,0.2582
1623457009192000,1,25129.45475457,0.2582
1623457009192000,1,3197.00000000,0.2582
1623457009192000,1,5275.57000000,0.2580
1623457009311000,0,1289.45500000,0.2579
1623457010236000,1,13700.00000000,0.2575
1623457010236000,1,9664.59973094,0.2575
1623457010236000,1,3868.38388986,0.2575
1623457012220000,1,77.77694816,0.2571
1623457015816000,0,3217.00000000,0.2569
1623457016031000,0,3461.13178614,0.2571
1623457016115000,0,3280.74476000,0.2571
1623457027574000,1,3887.63392050,0.2570
1623457027574000,1,9719.23085895,0.2570
1623457027574000,1,2800.00000000,0.2570
1623457031325000,0,2800.00000000,0.2573
1623457037807000,0,3891.74506000,0.2572
1623457037875000,0,0.00000224,0.2572
1623457038069000,0,3890.53276000,0.2573
1623457038140000,0,0.00000359,0.2573
1623457038489000,0,3889.26279238,0.2573
1623457039174000,0,402.00000000,0.2575
1623457039745000,0,405.00000000,0.2575
1623457042637000,1,396.00000000,0.2581
1623457046769000,0,2800.00000000,0.2583
1623457061466000,1,3877.20314000,0.2577
1623457065093000,1,3878.22659000,0.2577
1623457065343000,1,0.00000611,0.2577
1623457065382000,1,9696.23630000,0.2576
1623457065394000,1,0.00000891,0.2576
1623457065528000,1,25203.83557000,0.2576
1623457065558000,1,0.00000546,0.2576
1623457065667000,1,700.86767000,0.2574
1623457098156000,0,8050.73230000,0.2568
1623457101444000,0,0.00000237,0.2568
1623457105110000,0,3892.34992000,0.2571
1623457128224000,0,3810.67767717,0.2579
1623457128224000,0,9522.92507525,0.2579
1623457136690000,0,3511.87487000,0.2583
1623457146532000,1,23283.88725000,0.2578
1623457147168000,1,3877.89478453,0.2576
1623457147168000,1,5126.77780547,0.2576
1623457151757000,1,1462.03984179,0.2568
1623457160906000,0,228.60000000,0.2572
1623457160911000,0,3214.00000000,0.2572
1623457178988000,0,3536.36835046,0.2572
1623457178988000,0,2800.00000000,0.2572
1623457178988000,0,8799.29662622,0.2572
1623457178988000,0,3519.74088332,0.2572
1623457179271000,0,0.00001639,0.2572
1623457200805000,0,260.55233810,0.2569
1623457202060000,0,1486.14404370,0.2568
1623457203421000,0,1722.91776720,0.2568
1623457204859000,0,1986.78904570,0.2567
1623457206297000,0,2278.06881550,0.2567
1623457207694000,0,468.30085582,0.2567
1623457219275000,0,3273.38289842,0.2565
1623457219439000,0,3273.16967140,0.2564
1623457219439000,0,4909.27969860,0.2565
1623457235237000,0,8049.00791000,0.2569
1623457235391000,0,400.00000000,0.2570
1623457235479000,0,2094.01934867,0.2570
1623457235479000,0,6234.68958662,0.2570
1623457235675000,0,5678.00000000,0.2571
1623457235867000,0,700.24872819,0.2571
1623457235916000,0,1795.61769808,0.2571
1623457235916000,0,2401.22834416,0.2571
1623457235928000,0,3833.46124246,0.2571
1623457235928000,0,843.66872029,0.2571
1623457235937000,0,1650.35062838,0.2571
1623457236265000,0,1753.67477000,0.2573
1623457236398000,0,400.00000000,0.2573
1623457236505000,0,340.25815966,0.2573
1623457236505000,0,399.99999034,0.2573
1623457236510000,0,2094.01935833,0.2573
1623457276206000,0,1555.40009000,0.2566
1623457276336000,0,0.00000057,0.2566
1623457277221000,0,1554.41785735,0.2568
1623457277221000,0,3477.39878265,0.2568
1623457279436000,0,9544.60432000,0.2570
1623457279510000,0,332.26023152,0.2570
1623457279510000,0,1519.89163915,0.2570
1623457279510000,0,1519.71046933,0.2570
1623457291559000,0,1762.26674000,0.2571
1623457291940000,0,1761.44061516,0.2573
1623457291940000,0,1762.11596484,0.2573
1623457309120000,1,6376.00000000,0.2576
1623457363369000,0,161.73658270,0.2567
1623457364958000,0,1490.53229170,0.2566
1623457366607000,0,1728.00515460,0.2566
1623457368602000,0,1992.65558540,0.2565
1623457370278000,0,2284.79543870,0.2565
1623457371597000,0,1569.87493615,0.2565
1623457371597000,0,1087.59524155,0.2565
1623457373079000,0,1730.73405054,0.2566
1623457373079000,0,1569.87493615,0.2566
1623457373079000,0,233.47327571,0.2566
1623457409003000,0,262.16763820,0.2568
1623457410449000,0,1495.35742720,0.2568
1623457411646000,0,1733.59903470,0.2566
1623457418366000,0,1472.90764595,0.2571
1623457418366000,0,1472.98035405,0.2571
1623457432086000,1,3214.00000000,0.2567
1623457440480000,0,262.26560180,0.2569
1623457441828000,0,1495.91619410,0.2568
1623457463029000,1,3211.00000000,0.2571
1623457477271000,0,262.25319300,0.2571
1623457484499000,1,3215.00000000,0.2567
1623457538227000,0,8058.54111000,0.2565
1623457538525000,0,2719.18130000,0.2566
1623457550670000,0,3898.57247000,0.2568
1623457560855000,0,262.27942090,0.2568
1623457562288000,0,1495.99501620,0.2568
1623457588231000,0,262.35690460,0.2569
1623457595250000,1,3217.00000000,0.2566
1623457602010000,0,262.27940000,0.2567
1623457622302000,0,262.38314290,0.2567
1623457623777000,1,1496.58662000,0.2567
1623457644032000,0,262.38310000,0.2570
1623457652721000,0,999.08040611,0.2571
1623457662205000,0,6614.78738000,0.2570
1623457662279000,0,1429.55056000,0.2570
1623457669790000,0,0.00000004,0.2570
1623457669790000,0,8044.33794004,0.2570
1623457669790000,0,2799.99999992,0.2570
1623457670081000,0,2799.99990000,0.2570
1623457671168000,0,5244.33804000,0.2570
1623457671373000,0,0.00000004,0.2570
1623457671373000,0,5499.99999996,0.2570
1623457682293000,1,8518.22654000,0.2570
1623457690308000,1,0.00000780,0.2567
1623457700817000,0,262.47513620,0.2566
1623457708468000,0,1497.11134130,0.2564
1623457719287000,0,3836.53997550,0.2563
1623457719752000,0,1759.58640000,0.2563
1623457725329000,0,1498.11507840,0.2562
1623457736443000,1,325.58593750,0.2560
1623457751400000,0,262.45100440,0.2567
1623457762408000,0,262.47725210,0.2566
1623457776945000,0,262.47720000,0.2570
1623457801950000,1,2800.00000000,0.2567
1623457814004000,0,3896.97839000,0.2568
1623457851089000,0,262.45100440,0.2565
1623457860156000,0,262.47725210,0.2565
1623457862487000,0,1497.12341000,0.2564
1623457881459000,1,2800.00000000,0.2564
1623457883581000,1,2800.00000000,0.2563
1623457900538000,0,3898.54097000,0.2566
1623457910603000,0,3886.12388000,0.2575
1623457939814000,1,8013.71520000,0.2576
1623457940048000,1,2800.00000000,0.2576
1623457951637000,0,5032.07196000,0.2581
1623457951726000,0,4662.05996633,0.2581
1623457951726000,0,2337.94003367,0.2581
1623457951810000,0,1538.83243000,0.2581
1623457952328000,0,2500.00000000,0.2583
1623457954961000,1,2800.00000000,0.2582
1623457955065000,1,3197.00000000,0.2582
1623458096679000,0,3880.61956000,0.2579
1623458158989000,0,1577.54801000,0.2589
1623458211757000,1,6000.00000000,0.2591
1623458211830000,1,3186.00000000,0.2591
1623458211907000,1,3856.24092728,0.2590
1623458211907000,1,8384.15847272,0.2590
1623458240609000,1,3182.00000000,0.2595
1623458281766000,1,228.60000000,0.2594
1623458294294000,1,3856.12196000,0.2591
1623458350926000,0,100.00000000,0.2600
1623458444697000,1,3853.44798000,0.2593
1623458510263000,0,228.60000000,0.2586
1623458551090000,1,7979.53966000,0.2587
1623458561479000,1,0.00000393,0.2587
1623458724211000,0,261.97169070,0.2576
1623458727197000,0,1494.23977800,0.2575
1623458750442000,0,262.14732940,0.2572
1623458757047000,0,262.17354680,0.2572
1623458758337000,0,1495.39112900,0.2571
1623458846861000,0,3878.18945112,0.2580
1623458846861000,0,1678.92014888,0.2580
1623458847033000,0,2018.38470000,0.2581
1623458854611000,0,11500.00000000,0.2582
1623458885892000,0,3866.34554000,0.2589
1623458886085000,0,0.00000125,0.2589
1623458886085000,0,3866.34554125,0.2590
1623458886085000,0,2267.30891750,0.2590
1623458886249000,0,1264.68259000,0.2590
1623458950156000,1,3850.83626000,0.2591
1623458974034000,1,228.60000000,0.2591
1623459016588000,1,2800.00000000,0.2598
1623459035261000,0,3846.18582271,0.2602
1623459035261000,0,2539.96784729,0.2602
1623459073479000,1,3850.36106263,0.2596
1623459073479000,1,1149.63893737,0.2596
1623459073545000,1,2026.04301000,0.2596
1623459073622000,1,671.36106436,0.2596
1623459073622000,1,2357.23893564,0.2596
1623459189522000,1,3615.00000000,0.2603
1623459284150000,1,2800.00000000,0.2603
1623459315532000,1,3850.98383000,0.2596
1623459367316000,1,5707.97316000,0.2589
1623459588672000,0,3866.58557670,0.2587
1623459588672000,0,9667.06622330,0.2587
1623459607459000,1,3870.78059000,0.2581
1623459610078000,0,134.77721720,0.2583
1623459621602000,1,3877.11388000,0.2578
1623459621867000,1,0.00000289,0.2578
1623459621867000,1,9692.25162636,0.2578
1623459628908000,1,3878.28581000,0.2576
1623459628928000,1,0.00000960,0.2576
1623459629075000,1,1407.47152000,0.2576
1623459629149000,1,8289.59220000,0.2576
1623459629397000,1,4500.00000000,0.2575
1623459629451000,1,2800.00010000,0.2576
1623459629468000,1,1081.29728568,0.2576
1623459629468000,1,918.70271432,0.2575
1623459629835000,0,1493.40225880,0.2575
1623459641506000,0,262.00039620,0.2576
1623459662805000,0,1494.40350910,0.2574
1623459664626000,0,1493.40220000,0.2574
1623459773359000,0,228.60000000,0.2580
1623459840297000,0,156.51220248,0.2579
1623459925562000,0,3866.53941000,0.2588
1623459925728000,0,0.00000097,0.2588
1623459925728000,0,3866.34553903,0.2588
1623459967277000,0,3852.73165000,0.2597
1623460020639000,1,228.60000000,0.2600
1623460042565000,1,3184.00000000,0.2592
1623460042720000,1,3847.07261188,0.2592
1623460042720000,1,3854.24925812,0.2592
1623460043977000,0,500.00000000,0.2596
1623460044436000,0,2189.00000000,0.2602
1623460044537000,0,3828.11700253,0.2602
1623460044537000,0,3828.71725640,0.2602
1623460044656000,0,1419.14929104,0.2602
1623460044780000,0,0.00000001,0.2608
1623460060881000,1,15473.00000000,0.2614
1623460060881000,1,3821.51974197,0.2614
1623460060881000,1,9553.79935493,0.2614
1623460065787000,1,2562.38344000,0.2614
1623460088852000,0,3657.15723000,0.2612
1623460158185000,0,1676.18441000,0.2606
1623460226640000,0,228.60000000,0.2609
1623460226947000,0,3773.99483602,0.2609
1623460226947000,0,1601.04331462,0.2609
1623460227227000,0,11200.00000000,0.2610
1623460227521000,0,11010.12811000,0.2610
1623460265791000,0,1442.17569000,0.2609
1623460351576000,0,7839.31641000,0.2603
1623460503009000,1,228.60000000,0.2605
1623460507110000,1,2790.98340000,0.2604
1623460507235000,1,11200.00000000,0.2604
1623460508564000,1,112642.54000000,0.2604
1623460508675000,1,519.78182563,0.2604
1623460508678000,1,18053.10477437,0.2604
1623460516218000,0,9000.00000000,0.2601
1623460516385000,0,11500.00000000,0.2601
1623460516462000,0,12000.00000000,0.2601
1623460516572000,0,11200.00000000,0.2601
1623460516619000,0,4500.00000000,0.2601
1623460534893000,1,3305.00000000,0.2598
1623460535617000,1,5500.00000000,0.2597
1623460561696000,1,3853.83410000,0.2593
1623460602559000,1,3182.00000000,0.2595
1623460637002000,1,2800.00000000,0.2599
1623460637002000,1,3845.03126000,0.2599
1623460751679000,0,228.60000000,0.2596
1623460779679000,1,3851.48813068,0.2594
1623460779679000,1,3850.59899932,0.2594
1623460790707000,1,7500.00000000,0.2590
1623460790798000,1,7000.00000000,0.2590
1623460985842000,1,3312.04751000,0.2582
1623460986183000,1,228.60000000,0.2582
1623460986185000,1,329.38318870,0.2582
1623460986185000,1,2670.61681130,0.2582
1623460986284000,1,2800.00000000,0.2582
1623461115890000,0,228.60000000,0.2590
1623461307531000,0,2343.41371000,0.2592
1623461323916000,1,3189.00000000,0.2589
1623461334980000,1,3862.37745000,0.2588
1623461335397000,1,0.00000380,0.2588
1623461335397000,1,3862.04927620,0.2587
1623461338283000,1,3864.40739000,0.2586
1623461338339000,1,0.00000310,0.2586
1623461338439000,1,3193.00000000,0.2586
1623461361692000,0,261.76413590,0.2581
1623461364799000,0,1493.05592230,0.2579
1623461366371000,1,3875.82153163,0.2576
1623461366371000,1,7324.17846837,0.2576
1623461394456000,0,2800.00000000,0.2565
1623461400820000,0,1342.91000000,0.2568
1623461405354000,0,4142.91000000,0.2566
1623461405527000,1,2800.00000000,0.2561
1623461425208000,1,3912.05938712,0.2554
1623461425753000,1,2800.00000000,0.2554
1623461428448000,1,3648.43137254,0.2550
1623461428448000,1,3900.00000000,0.2550
1623461428448000,1,80.58823529,0.2550
1623461428448000,1,9782.51512377,0.2549
1623461428448000,1,3912.05938712,0.2549
1623461428448000,1,397.00000000,0.2549
1623461428455000,1,9780.90766823,0.2548
1623461428455000,1,412.00000000,0.2548
1623461428777000,1,3912.05938712,0.2547
1623461428777000,1,9782.51512377,0.2547
1623461428777000,1,9780.90766823,0.2541
1623461428777000,1,329.31219218,0.2541
1623461430160000,0,387.00000000,0.2547
1623461430160000,0,1.60000000,0.2547
1623461473805000,0,391.70000000,0.2550
1623461477038000,1,2800.00000000,0.2545
1623461479948000,1,3000.00000000,0.2544
1623461505844000,0,117.43023027,0.2549
1623461510871000,0,2189.00000000,0.2554
1623461626448000,1,2800.00000000,0.2540
1623461662537000,1,3252.00000000,0.2541
1623461683610000,1,390.00000000,0.2537
1623461692365000,1,410.96363206,0.2535
1623461712256000,0,3068.43092000,0.2538
1623461712929000,0,0.00000084,0.2538
1623461721520000,1,9846.08598390,0.2537
1623461721520000,1,3938.37519610,0.2537
1623461729824000,1,228.60000000,0.2531
1623461751280000,1,90.42645735,0.2530
1623461751318000,1,1.84543790,0.2530
1623461752662000,1,8309.78300444,0.2528
1623461755642000,1,163.88038390,0.2525
1623461779468000,0,3929.73730078,0.2534
1623461820045000,1,3950.73113000,0.2529
1623461823851000,1,0.00000265,0.2529
1623461829946000,0,3955.78694334,0.2529
1623461829946000,0,9889.31873666,0.2529
1623461830217000,0,0.00000795,0.2529
1623461830217000,0,11199.99999205,0.2530
1623461830406000,0,228.60000000,0.2530
1623461830803000,0,3955.94342968,0.2530
1623461846147000,0,7268.53305492,0.2532
1623461846147000,0,2907.43399508,0.2532
1623461847576000,0,797.70625820,0.2533
1623461847586000,0,2109.82723302,0.2533
1623461897856000,0,2907.59617751,0.2535
1623461897856000,0,7268.82733990,0.2535
1623461897856000,0,18897.93446259,0.2535
1623461898866000,0,2907.18386829,0.2536
1623461898866000,0,4592.81613171,0.2536
1623461969887000,0,15000.00000000,0.2529
1623461981257000,0,1000.00000000,0.2538
1623461986881000,1,2800.00000000,0.2535
1623461988177000,0,409.00000000,0.2537
1623461988177000,0,591.00000000,0.2538
1623462085667000,0,7513.24594000,0.2539
1623462184026000,1,3942.31895534,0.2535
1623462184026000,1,9855.94549466,0.2535
1623462184214000,1,0.00000590,0.2535
1623462199913000,1,22264.00605000,0.2531
1623462199999000,1,3948.79509512,0.2530
1623462199999000,1,2051.20490488,0.2530
1623462200084000,1,2800.00000000,0.2530
1623462255871000,1,2800.00000000,0.2531
1623462281085000,0,5623.00000000,0.2532
1623462290504000,1,2800.00000000,0.2532
1623462479703000,1,2800.00000000,0.2543
1623462611930000,0,7839.27050000,0.2541
1623462689578000,1,3957.95550543,0.2521
1623462689578000,1,3957.32897403,0.2521
1623462698765000,0,3282.00000000,0.2523
1623462698893000,0,10218.00000000,0.2523
1623462699085000,0,3453.96530354,0.2523
1623462705802000,1,2800.00000000,0.2523
1623462780274000,1,3955.60546316,0.2525
1623462780274000,1,3198.35983684,0.2525
1623462780433000,1,6694.48091217,0.2525
1623462780849000,1,6500.00000000,0.2524
1623462780921000,1,3385.79924000,0.2524
1623462857135000,1,3957.26474000,0.2525
1623462857586000,1,0.00000617,0.2525
1623462990235000,1,228.60000000,0.2526
1623463003465000,1,2800.00000000,0.2526
1623463029433000,1,2800.00000000,0.2524
1623463029570000,1,3959.08376000,0.2524
1623463031803000,1,3958.92542182,0.2523
1623463093921000,0,8191.42398000,0.2526
1623463095162000,0,0.00000486,0.2526
1623463112935000,1,3953.32386000,0.2527
1623463113148000,1,0.00000536,0.2527
1623463113148000,1,3954.07419464,0.2527
1623463125263000,1,1500.00000000,0.2525
1623463127830000,1,1335.95238000,0.2523
1623463127956000,1,2620.34325075,0.2523
1623463127956000,1,3531.10174925,0.2523
1623463167351000,0,499.10000000,0.2521
1623463179030000,1,3970.30722313,0.2513
1623463196549000,0,228.60000000,0.2520
1623463215673000,1,100.00000000,0.2510
1623463215891000,1,79.70820000,0.2509
1623463216286000,1,0.00000421,0.2509
1623463241308000,0,415.00000000,0.2512
1623463257754000,1,3975.73561000,0.2513
1623463262019000,1,2800.00000000,0.2512
1623463264552000,1,2800.00000000,0.2511
1623463288466000,1,2800.00000000,0.2516
1623463288875000,1,3972.45224388,0.2515
1623463312553000,0,15500.00000000,0.2523
1623463312657000,0,12055.44381000,0.2523
1623463312752000,0,14500.00000000,0.2523
1623463377980000,1,3951.82403000,0.2529
1623463443829000,1,2800.00000000,0.2534
1623463476707000,1,3939.46271000,0.2536
1623463500288000,1,3940.82747703,0.2535
1623463500288000,1,4867.88578297,0.2535
1623463500357000,1,4984.79690547,0.2535
1623463540082000,1,3950.97628624,0.2530
1623463540082000,1,9877.44070376,0.2530
1623463600077000,1,3951.16361000,0.2529
1623463600255000,1,0.00000769,0.2529
1623463600255000,1,7143.44789231,0.2529
1623463654864000,1,228.60000000,0.2526
1623463683573000,0,8204.32483000,0.2523
1623463695699000,1,2800.00000000,0.2522
1623463699334000,1,1139.94733000,0.2522
1623463714657000,0,228.60000000,0.2526
1623463748067000,0,3952.53483199,0.2533
1623463748067000,0,3950.23313801,0.2533
1623463748318000,0,15097.23203000,0.2534
1623463811098000,1,3271.00000000,0.2527
1623463811214000,1,3953.57239217,0.2527
1623463811214000,1,3953.60365436,0.2527
1623463811214000,1,6592.82395347,0.2527
1623463926103000,1,3956.04362908,0.2526
1623463926197000,1,500.00000000,0.2526
1623463967093000,1,2800.00000000,0.2522
1623464057731000,1,228.60000000,0.2517
1623464185853000,0,3984.33210000,0.2512
1623464197489000,0,228.60000000,0.2513
1623464197527000,0,8010.38881837,0.2513
1623464373665000,1,3988.03957909,0.2505
1623464373665000,1,9969.77165235,0.2505
1623464383058000,1,3992.56163529,0.2502
1623464383058000,1,1007.43836471,0.2502
1623464383315000,1,500.00000000,0.2502
1623464383491000,1,3938.05631305,0.2501
1623464383746000,1,54.50532224,0.2501
1623464383746000,1,3992.84859009,0.2501
1623464383951000,1,3992.84859009,0.2500
1623464384346000,1,2742.84000000,0.2500
1623464384346000,1,500.00000000,0.2500
1623464384346000,1,400.00000000,0.2500
1623464384346000,1,4647.98348618,0.2500
1623464384389000,1,5352.01651382,0.2500
1623464384389000,1,112.00000000,0.2500
1623464384389000,1,922.59999999,0.2500
1623464384389000,1,4000.00000000,0.2500
1623464384389000,1,1000.00000000,0.2500
1623464384389000,1,1000.00000000,0.2500
1623464384389000,1,250.00000000,0.2500
1623464384389000,1,1200.00000000,0.2500
1623464384389000,1,5000.00000000,0.2500
1623464384389000,1,995.00000000,0.2500
1623464384389000,1,328.16000000,0.2500
1623464384389000,1,200.00000000,0.2500
1623464384389000,1,10230.76000000,0.2500
1623464384389000,1,102.00000000,0.2500
1623464384389000,1,200.00000000,0.2500
1623464384389000,1,500.00000000,0.2500
1623464384389000,1,200.00000000,0.2500
1623464384389000,1,80.00000000,0.2500
1623464384389000,1,1000.00000000,0.2500
1623464384389000,1,6773.32000000,0.2500
1623464384389000,1,90.00000000,0.2500
1623464384389000,1,10232.02180132,0.2500
1623464384393000,1,228.60000000,0.2500
1623464384396000,1,539.37819868,0.2500
1623464384396000,1,100.00000000,0.2500
1623464384396000,1,465.92894582,0.2500
1623464389560000,0,228.60000000,0.2500
1623464390965000,1,396.00000000,0.2498
1623464438976000,1,2800.00000000,0.2498
1623464439618000,1,1851.09890000,0.2497
1623464460534000,1,100.00000000,0.2492
1623464469518000,1,400.00000000,0.2492
1623464469575000,1,2700.00000000,0.2492
1623464469976000,1,1000.00000000,0.2492
1623464546953000,1,838.00000000,0.2491
1623464547503000,1,409.00000000,0.2491
1623464548003000,1,145.00000000,0.2490
1623464548003000,1,400.00000000,0.2490
1623464599641000,0,4008.45987000,0.2497
1623464654518000,0,4010.74269000,0.2495
1623464689242000,0,3998.61938000,0.2503
1623464747144000,0,3982.34663000,0.2512
1623464747226000,0,0.00000299,0.2512
1623464747226000,0,9957.14444701,0.2512
1623464757531000,0,3981.59021130,0.2516
1623464757531000,0,3978.22342870,0.2516
1623464809374000,0,3998.68456000,0.2503
1623464889037000,0,3993.51875400,0.2507
1623464889037000,0,3993.22230147,0.2507
1623464889037000,0,3993.51874453,0.2507
1623464889053000,0,0.00000947,0.2507
1623464889144000,1,399.99999053,0.2507
1623464903842000,1,228.60000000,0.2504
1623464904437000,1,49686.18054167,0.2502
1623464904835000,1,8283.84841653,0.2502
1623464904933000,1,27058.77104180,0.2502
1623464908528000,0,2116.10000000,0.2501
1623464932509000,0,1887.50000000,0.2492
1623464934312000,0,4016.23017323,0.2492
1623464934312000,0,2983.76982677,0.2492
1623464934327000,0,228.60000000,0.2492
1623464934423000,0,6500.00000000,0.2492
1623464934541000,0,328.08323371,0.2492
1623464936394000,0,2000.00000000,0.2493
1623465044297000,1,4863.74831000,0.2501
1623465044373000,1,10000.00000000,0.2501
1623465044441000,1,7000.00000000,0.2501
1623465059889000,0,1290.74554576,0.2501
1623465059889000,0,3226.85460424,0.2501
1623465060235000,0,0.00000873,0.2501
1623465060235000,0,6999.99999127,0.2502
1623465060317000,0,1389.69227000,0.2502
1623465062498000,1,2800.00000000,0.2500
1623465068353000,1,4005.77428000,0.2495
1623465072752000,1,0.00000734,0.2495
1623465100342000,1,2800.00000000,0.2491
1623465100342000,1,4014.32930465,0.2490
1623465100342000,1,10035.96891258,0.2490
1623465100342000,1,6815.44499412,0.2489
1623465100351000,1,19272.99835497,0.2489
1623465100351000,1,4392.74485638,0.2489
1623465110399000,0,3194.75709575,0.2487
1623465110399000,0,0.31749425,0.2487
1623465110914000,1,400.00000000,0.2484
1623465115730000,0,2871.54815000,0.2486
1623465116554000,0,4500.00000000,0.2487
1623465116640000,0,2676.39585000,0.2487
1623465123325000,0,655.46327000,0.2489
1623465123406000,0,1079.66315000,0.2489
1623465124454000,0,1000.00000000,0.2489
1623465149494000,1,5079.66315000,0.2493
1623465149564000,1,17000.00000000,0.2493
1623465158493000,0,3539.80779508,0.2495
1623465158493000,0,1415.93079492,0.2495
1623465171492000,0,1348.35124000,0.2500
1623465205608000,0,2800.00000000,0.2503
1623465205765000,0,400.00000000,0.2503
1623465205770000,0,1146.78904168,0.2503
1623465205934000,0,1546.79862788,0.2503
1623465205934000,0,3596.28412212,0.2503
1623465232487000,0,6500.00000000,0.2495
1623465232500000,0,2230.30700000,0.2495
1623465232581000,0,912.33782587,0.2495
1623465232829000,0,390.99999999,0.2495
1623465232838000,0,1879.36976782,0.2496
1623465329842000,0,400.00000000,0.2514
1623465329888000,0,4700.30807443,0.2514
1623465329888000,0,3540.81236021,0.2514
1623465329888000,0,1159.49571422,0.2514
1623465329890000,0,790.74251801,0.2514
1623465329890000,0,2350.06984221,0.2515
1623465330095000,0,2350.44360000,0.2515
1623465330206000,0,0.00007023,0.2515
1623465330299000,0,2350.23823223,0.2516
1623465330299000,0,2350.06984221,0.2516
1623465351085000,0,400.00000000,0.2525
1623465351199000,0,10666.93725541,0.2525
1623465351199000,0,1241.12597379,0.2525
1623465351199000,0,399.99987080,0.2525
1623465351211000,0,3702.68688781,0.2525
1623465365908000,1,6518.00000000,0.2525
1623465366055000,1,3956.16883718,0.2525
1623465366055000,1,3957.01418282,0.2525
1623465397978000,0,1669.40203000,0.2521
1623465398006000,0,0.00000731,0.2521
1623465398006000,0,399.99999269,0.2521
1623465398155000,0,3772.78943117,0.2521
1623465398437000,0,1669.35850626,0.2523
1623465438025000,1,2800.00000000,0.2530
1623465438025000,1,700.00000000,0.2530
1623465438074000,1,3951.04332988,0.2529
1623465438074000,1,9879.15813766,0.2529
1623465442533000,0,1540.76190695,0.2531
1623465442533000,0,3849.73544305,0.2531
1623465481527000,1,228.60000000,0.2528
1623465515093000,0,1167.03267561,0.2531
1623465515093000,0,2917.57919439,0.2531
1623465515277000,0,228.60000000,0.2530
1623465515305000,0,3723.35165000,0.2530
1623465549270000,1,228.60000000,0.2532
1623465559851000,0,228.60000000,0.2533
1623465570098000,1,8500.00000000,0.2531
1623465619274000,0,1559.33156000,0.2534
1623465620693000,0,3896.92640880,0.2535
1623465643285000,1,3000.00000000,0.2535
1623465643285000,1,1500.00000000,0.2535
1623465643363000,1,8115.96442000,0.2534
1623465682749000,0,1118.99105534,0.2537
1623465682749000,0,1119.99505293,0.2538
1623465682749000,0,2797.27630924,0.2538
1623465682749000,0,16209.92892219,0.2538
1623465827283000,1,228.60000000,0.2547
1623465904478000,0,228.60000000,0.2549
1623465904606000,0,6659.70646000,0.2549
1623465904692000,0,5000.00000000,0.2549
1623465905075000,1,2800.00000000,0.2549
1623465914973000,1,3925.17319000,0.2546
1623465916088000,1,0.00000026,0.2546
1623465916241000,1,3252.00000000,0.2543
1623465954767000,1,8133.38573304,0.2542
1623466105763000,1,228.60000000,0.2547
1623466105882000,1,3692.94174358,0.2547
1623466105882000,1,228.59999642,0.2547
1623466106023000,1,3694.44814912,0.2547
1623466137431000,1,3928.38185000,0.2544
1623466137591000,1,0.00000693,0.2544
1623466137591000,1,9820.86736307,0.2544
1623466137670000,1,0.00001594,0.2544
1623466176085000,1,3926.77752908,0.2544
1623466176085000,1,8073.22247092,0.2544
1623466176210000,1,1743.94264594,0.2544
1623466216469000,1,3937.94094000,0.2537
1623466256314000,1,3938.87305000,0.2537
1623466266722000,1,3940.79786580,0.2533
1623466266722000,1,5915.25953420,0.2533
1623466266916000,1,3940.79786580,0.2533
1623466448129000,0,228.60000000,0.2523
1623466450597000,0,1228.86652000,0.2524
1623466451057000,0,1228.72466226,0.2524
1623466451057000,0,1223.60787719,0.2524
1623466507850000,1,3961.87582000,0.2522
1623466653425000,1,3977.79330000,0.2511
1623466653449000,1,0.00000302,0.2511
1623466659199000,1,3983.91044942,0.2508
1623466659199000,1,9959.20707058,0.2508
1623466659298000,1,0.00001719,0.2508
1623466660645000,1,3959.00000000,0.2508
1623466696646000,1,3983.33914295,0.2509
1623466696646000,1,9960.07985705,0.2509
1623466696800000,1,0.00014231,0.2509
1623466697108000,1,3299.00000000,0.2507
1623466717052000,0,2800.00000000,0.2500
1623466724473000,1,398.00000000,0.2498
1623466724499000,1,5.00000000,0.2498
1623466724571000,1,398.00000000,0.2498
1623466726198000,1,394.00000000,0.2497
1623466759086000,1,3305.00000000,0.2502
1623466764651000,0,415.00000000,0.2500
1623466818088000,0,410.00000000,0.2505
1623466823154000,1,3991.38236000,0.2503
1623466848228000,1,2500.00000000,0.2508
1623466848228000,1,2800.00000000,0.2508
1623466848228000,1,3000.00000000,0.2508
1623466848228000,1,63.94040543,0.2508
1623466893558000,1,3969.45447000,0.2517
1623466893649000,1,0.00000879,0.2517
1623466917774000,1,410.00010000,0.2516
1623466925958000,1,3972.51536000,0.2516
1623466926455000,1,3973.08185584,0.2515
1623466970824000,0,8234.62014000,0.2516
1623466971130000,0,0.00000508,0.2516
1623467017293000,0,8218.47353000,0.2521
1623467020092000,0,0.00000983,0.2521
1623467020092000,0,2286.11888017,0.2523
1623467022246000,0,0.00001002,0.2523
1623467022246000,0,5714.69768998,0.2523
1623467022324000,0,0.00002299,0.2523
1623467022405000,0,14858.09284000,0.2523
1623467026767000,1,3960.65185000,0.2523
1623467029723000,1,11936.62498000,0.2521
1623467030245000,1,3961.14937419,0.2521
1623467030245000,1,9902.97887581,0.2521
1623467056581000,0,0.00000279,0.2523
1623467093269000,1,3962.87904437,0.2521
1623467093641000,1,9906.95388000,0.2520
1623467093744000,1,3962.87904437,0.2520
1623467093744000,1,0.00000907,0.2520
1623467093744000,1,0.25290656,0.2520
1623467103340000,1,2014.70205000,0.2518
1623467114092000,1,3973.23971000,0.2515
1623467149905000,1,3976.87576933,0.2513
1623467149905000,1,9942.41353067,0.2513
1623467150103000,1,0.00001010,0.2513
1623467150103000,1,228.59998990,0.2512
1623467157542000,1,3979.53284000,0.2510
1623467157693000,1,3979.53284476,0.2510
1623467157693000,1,3520.46715524,0.2510
1623467157811000,1,459.06568952,0.2510
1623467157811000,1,4460.61400000,0.2510
1623467307313000,1,3979.88128000,0.2511
1623467405676000,1,3996.74249519,0.2500
1623467405676000,1,4003.25750481,0.2500
1623467500602000,0,228.60000000,0.2507
1623467642416000,0,5520.00831000,0.2517
1623467801253000,1,228.60000000,0.2529
1623467853157000,0,991.33055963,0.2536
1623467853157000,0,991.70025949,0.2536
1623467853157000,0,991.26805088,0.2536
1623467905684000,1,3000.00000000,0.2534
1623467939964000,0,8177.84321000,0.2535
1623467940727000,0,0.00000612,0.2535
1623467955468000,0,8184.21948000,0.2533
1623468000047000,1,3930.85124000,0.2542
1623468014928000,0,925.34363000,0.2542
1623468025546000,1,3929.86393000,0.2543
1623468099281000,0,6500.00000000,0.2540
1623468115898000,1,9840.66003275,0.2539
1623468234707000,1,7814.48980010,0.2535
1623468235206000,1,3943.12877936,0.2534
1623468235206000,1,9853.22634043,0.2534
1623468257564000,0,2800.00000000,0.2533
1623468261840000,0,2800.00000000,0.2534
1623468329157000,1,4349.00000000,0.2531
1623468330474000,1,2800.00000000,0.2531
1623468356121000,1,1271.73668000,0.2528
1623468357230000,1,8186.71735025,0.2528
1623468405612000,1,402.00000000,0.2525
1623468432466000,0,8196.09036000,0.2529
1623468456546000,1,3948.38971310,0.2531
1623468456546000,1,3247.70064690,0.2531
1623468456630000,1,3000.00000000,0.2531
1623468568635000,0,398.00000000,0.2533
1623468602093000,1,1000.00000000,0.2532
1623468605084000,0,3000.00000000,0.2530
1623468605084000,0,1460.61400000,0.2530
1623468608016000,0,2500.00000000,0.2529
1623468608016000,0,300.00000000,0.2529
1623468669295000,1,25805.93504449,0.2516
1623468716233000,0,2800.00000000,0.2516
1623468716986000,0,2800.00000000,0.2517
1623468754078000,0,1430.26340000,0.2518
1623468754356000,0,3046.71006000,0.2518
1623468763781000,0,0.00000753,0.2518
1623468767943000,1,3967.25142000,0.2518
1623468768121000,1,0.00000010,0.2518
1623468768121000,1,3966.02245990,0.2518
1623468772754000,1,3967.25142010,0.2516
1623468772754000,1,1532.74857990,0.2516
1623468772818000,1,6713.43618000,0.2516
1623468772947000,1,4500.00000000,0.2516
1623468801385000,1,3978.13968372,0.2512
1623468843999000,1,3971.94732000,0.2516
1623468860192000,0,420.00000000,0.2521
1623468860330000,0,400.00000000,0.2521
1623468900723000,0,228.60000000,0.2519
1623468933811000,1,228.60000000,0.2515
1623469012509000,0,8248.27295000,0.2513
1623469022812000,0,8240.39710000,0.2516
1623469023660000,0,0.00000915,0.2516
1623469084852000,1,3970.02180487,0.2517
1623469084852000,1,1466.70092513,0.2517
1623469084935000,1,7000.00000000,0.2517
1623469176044000,0,95.36000000,0.2518
1623469273270000,0,2908.75966000,0.2515
1623469289244000,1,95.36000000,0.2512
1623469311075000,1,2800.00000000,0.2509
1623469311600000,1,3983.94219347,0.2509
1623469318855000,0,404.01880432,0.2510
1623469318860000,0,228.60000000,0.2510
1623469319143000,0,49469.54373441,0.2510
1623469319499000,0,11200.00000000,0.2510
1623469322619000,0,4698.29455617,0.2510
1623469323559000,1,2800.00000000,0.2509
1623469377299000,0,3300.00000000,0.2512
1623469378610000,0,395.99999999,0.2513
1623469378657000,0,0.00000001,0.2513
1623469408062000,0,0.00030450,0.2518
1623469436612000,1,5600.00000000,0.2517
1623469459087000,0,6591.24034000,0.2514
1623469461342000,0,300.00000000,0.2515
1623469464893000,1,812.34602986,0.2512
1623469499868000,0,3000.00000000,0.2514
1623469500840000,0,706.49847000,0.2515
1623469501927000,0,0.00000389,0.2515
1623469502240000,0,24815.62384000,0.2515
1623469505526000,1,228.60000000,0.2512
1623469510432000,0,3980.51201000,0.2514
1623469512393000,0,0.00000357,0.2514
1623469564023000,1,3974.94716000,0.2514
1623469564148000,1,0.00000559,0.2514
1623469564148000,1,3973.96776441,0.2514
1623469564276000,1,0.00000776,0.2514
1623469632330000,1,2053.71939000,0.2506
1623469633284000,1,1934.32018909,0.2506
1623469749707000,0,9993.12473000,0.2504
1623469862743000,1,3995.37109000,0.2501
1623469895260000,0,228.60000000,0.2500
1623469896490000,0,395.99999999,0.2500
1623469896551000,0,0.00000001,0.2500
1623469896704000,0,401.00000000,0.2500
1623469897694000,0,228.60000000,0.2501
1623469909901000,0,3932.14537000,0.2509
1623469909988000,0,0.00000197,0.2509
1623469920383000,0,5936.49743079,0.2513
1623469982828000,1,228.60000000,0.2521
1623469983137000,1,1929.89901000,0.2521
1623469983502000,1,641.50099000,0.2521
1623470075033000,0,1172.10741343,0.2526
1623470098528000,1,100.00000000,0.2526
1623470376535000,0,124.15307649,0.2536
1623470396549000,1,93.36136444,0.2533
1623470402228000,0,8179.62368000,0.2534
1623470472989000,1,2800.00000000,0.2540
1623470534178000,0,2800.00000000,0.2544
1623470537105000,1,2800.00000000,0.2541
1623470553624000,0,78.30526481,0.2541
1623470557125000,1,2800.00000000,0.2540
1623470557247000,1,11200.00000000,0.2540
1623470560783000,1,16752.12127079,0.2536
1623470560783000,1,25596.10389479,0.2536
1623470560783000,1,6680.38011480,0.2536
1623470561287000,1,403.00000000,0.2535
1623470561287000,1,3935.95838199,0.2535
1623470561287000,1,9841.58977105,0.2535
1623470561287000,1,3265.00000000,0.2535
1623470596752000,1,3940.39412098,0.2536
1623470655193000,1,3956.38797041,0.2526
1623470688388000,1,3970.84326111,0.2515
1623470688388000,1,9928.98787869,0.2515
1623470694192000,1,3974.82076000,0.2514
1623470710077000,1,3977.50850000,0.2512
1623470756627000,1,3973.43089000,0.2515
1623470849065000,1,3970.71712000,0.2517
1623470920537000,1,3975.19825525,0.2513
1623470920537000,1,9940.27879475,0.2513
1623471031217000,0,118.74751372,0.2514
1623471077433000,1,3974.34683494,0.2514
1623471077433000,1,1452.92840506,0.2514
1623471120314000,0,569.70282248,0.2519
1623471240352000,0,2800.00000000,0.2531
1623471240352000,0,2601.21687495,0.2531
1623471241436000,0,3488.45030000,0.2531
1623471241615000,0,4702.19100000,0.2531
1623471650543000,1,3964.48321180,0.2521
1623471840352000,1,2775.91036142,0.2515
1623471883143000,1,2775.91030000,0.2519
1623472129256000,0,8237.31521000,0.2517
1623472292521000,1,2800.00000000,0.2514
1623472292709000,1,3976.33635000,0.2513
1623472295977000,1,2800.00000000,0.2513
1623472296182000,1,2800.00000000,0.2513
1623472324769000,1,141.23034043,0.2511
1623472325480000,1,9949.77354315,0.2510
1623472325480000,1,3976.17999160,0.2510
1623472325480000,1,3074.04646525,0.2510
1623472365974000,1,2800.00000000,0.2508
1623472525787000,0,228.60000000,0.2514
1623472551866000,1,141.43300000,0.2508
1623472560344000,0,393.28319966,0.2510
1623472580978000,0,228.60000000,0.2514
1623472614032000,0,3982.87463549,0.2512
1623472614032000,0,9957.11177546,0.2512
1623472614049000,1,2800.00000000,0.2513
1623472614055000,1,30479.46754115,0.2513
1623472680283000,0,2800.00000000,0.2512
1623472680283000,0,1134.11353296,0.2512
1623472698208000,1,0.00007149,0.2508
1623472717764000,1,87.16700000,0.2505
1623472778214000,0,5512.83300000,0.2501
1623472778237000,0,2777.53204182,0.2501
1623472813707000,0,198.41821000,0.2512
1623472958638000,1,100.00000000,0.2506
1623472987793000,1,8292.51795011,0.2500
1623472990758000,0,8297.45389000,0.2499
1623473053791000,1,3991.25491000,0.2503
1623473066386000,0,198.41820000,0.2504
1623473079778000,1,0.00000849,0.2503
1623473227324000,0,5219.77333000,0.2518
1623473275279000,0,8230.14144000,0.2518
1623473318519000,0,8227.04881000,0.2519
1623473322040000,1,10000.00000000,0.2518
1623473359913000,0,2800.00000000,0.2516
1623473359913000,0,11790.80930886,0.2516
1623473359913000,0,8240.45962069,0.2516
1623473359913000,0,16487.71064316,0.2516
1623473359913000,0,2800.00000000,0.2516
1623473359913000,0,1520.90445302,0.2517
1623473377806000,0,6042.80975000,0.2513
1623473417488000,0,195.97310095,0.2510
1623473444383000,0,5600.00000000,0.2506
1623473444647000,0,2676.13510000,0.2506
1623473525815000,0,8000.00000000,0.2496
1623473525876000,0,228.60000000,0.2496
1623473525894000,0,77.02437747,0.2496
1623473536623000,1,7203.98029000,0.2497
1623473537136000,1,0.00000872,0.2497
1623473537136000,1,4001.73266542,0.2497
1623473537136000,1,10004.48198586,0.2497
1623473573375000,1,4005.35512000,0.2495
1623473582609000,0,6138.52570000,0.2494
1623473586382000,0,13500.00000000,0.2494
1623473587138000,0,17000.00000000,0.2494
1623473587208000,0,9500.00000000,0.2494
1623473587425000,0,35677.84430000,0.2494
1623473605831000,1,4005.54765000,0.2494
1623473622920000,1,228.60000000,0.2495
1623473637922000,1,3316.00000000,0.2492
1623473692269000,1,4019.55531000,0.2486
1623473692314000,1,0.00000915,0.2486
1623473692400000,1,4019.71900906,0.2486
1623473692400000,1,7180.28099094,0.2486
1623473692489000,1,2869.24306360,0.2486
1623473712010000,1,4013.97273000,0.2489
1623473758762000,1,4009.85224000,0.2492
1623473759074000,1,0.00000394,0.2492
1623473759074000,1,10024.78124606,0.2492
1623473760350000,0,199.36587504,0.2493
1623473787179000,0,11200.00000000,0.2486
1623473787186000,0,10500.00000000,0.2486
1623473787190000,0,228.60000000,0.2486
1623473880327000,0,1809.63393133,0.2493
1623473905640000,1,2800.00000000,0.2489
1623473905640000,1,900.00000000,0.2488
1623473992757000,0,5824.15747000,0.2499
1623473995649000,0,0.00000482,0.2499
1623474007977000,0,1800.51172281,0.2499
1623474025017000,0,810.14560000,0.2504
1623474109781000,1,228.60000000,0.2512
1623474139687000,1,10000.00000000,0.2510
1623474139824000,1,11200.00000000,0.2508
1623474286820000,0,782.03899304,0.2511
1623474287553000,1,2800.00000000,0.2509
1623474292249000,1,2017.96110000,0.2505
1623474396256000,0,2800.00000000,0.2497
1623474436510000,0,8285.36957000,0.2501
1623474436726000,0,2800.00000000,0.2503
1623474471028000,0,228.60000000,0.2506
1623474496716000,0,8269.18849000,0.2505
1623474497035000,0,0.00000688,0.2505
1623474497035000,0,11199.99999312,0.2506
1623474667922000,1,2800.00000000,0.2511
1623474694390000,0,2800.00000000,0.2509
1623474709472000,0,8248.85737000,0.2512
1623474712646000,0,0.00000148,0.2512
1623474712646000,0,8248.85736852,0.2512
1623474748941000,1,2800.00000000,0.2521
1623474926975000,1,228.60000000,0.2529
1623474927145000,0,4874.63948480,0.2531
1623474927354000,1,2800.00000000,0.2528
1623474960363000,0,1016.79262133,0.2525
1623475006360000,1,2800.00000000,0.2521
1623475007460000,0,136.72959467,0.2521
1623475018944000,0,2800.00000000,0.2520
1623475102545000,1,228.60000000,0.2520
1623475135100000,0,8209.76833000,0.2524
1623475144705000,0,0.00000067,0.2524
1623475161181000,0,228.60000000,0.2527
1623475243148000,1,2800.00000000,0.2537
1623475243526000,1,2800.00000000,0.2536
1623475275474000,0,8174.91100000,0.2535
1623475279907000,0,0.00000178,0.2535
1623475279907000,0,8168.82729822,0.2536
1623475294726000,1,3942.47145000,0.2535
1623475320366000,0,195.45748898,0.2536
1623475320967000,0,185.00000000,0.2535
1623475358975000,0,1134.88575040,0.2531
1623475359128000,0,380.45740000,0.2531
1623475500439000,0,8180.75511000,0.2533
1623475501600000,0,0.00000775,0.2533
1623475501600000,0,8177.54828225,0.2534
1623475686537000,1,228.60000000,0.2524
1623475857323000,0,1180.74377883,0.2536
1623476039792000,0,903.17699000,0.2546
1623476040201000,0,391.98743126,0.2546
1623476067622000,0,117.54082914,0.2546
1623476374569000,1,3929.55507000,0.2544
1623476374694000,1,0.00000964,0.2544
1623476374694000,1,3929.55499036,0.2543
1623476695644000,0,371.76838903,0.2531
1623476772645000,0,389.11274394,0.2528
1623476827393000,1,117.54082914,0.2525
1623476921538000,0,228.60000000,0.2525
1623476921917000,0,371.76830000,0.2525
1623477000384000,1,527.66875284,0.2515
1623477001247000,1,414.00000000,0.2515
1623477001724000,1,113.66870000,0.2514
1623477069175000,0,3673.56730000,0.2521
1623477069308000,0,9179.80550000,0.2521
1623477120393000,1,13956.00245173,0.2518
1623477381753000,1,228.60000000,0.2519
1623477416454000,0,228.60000000,0.2524
1623477482536000,1,143.14298424,0.2527
1623477485733000,1,576.87769300,0.2526
1623477492074000,1,228.60000000,0.2526
1623477541721000,0,8209.61688000,0.2525
1623477541852000,0,0.00000493,0.2525
1623477541852000,0,16424.06820507,0.2525
1623477558012000,0,0.00000833,0.2525
1623477558012000,0,228.59999167,0.2528
1623477658605000,0,2666.60742000,0.2538
1623477658724000,0,0.00000623,0.2538
1623477658724000,0,2666.91352377,0.2538
1623477684442000,0,419.56615384,0.2535
1623477718925000,0,115.75714623,0.2539
1623477720304000,1,107.95642486,0.2536
1623477754769000,0,8159.78019000,0.2540
1623477790112000,1,9076.99206000,0.2537
1623477790378000,1,1863.18527000,0.2537
1623477808537000,1,0.00000990,0.2537
1623477921936000,0,2446.23629436,0.2528
1623477921936000,0,4053.76370564,0.2528
1623477971811000,0,8205.56800000,0.2526
1623478081227000,0,359.52010000,0.2522
1623478266186000,1,228.60000000,0.2533
1623478400174000,1,8157.31948000,0.2538
1623478402785000,1,0.00000949,0.2538
1623478411845000,0,1562.81541006,0.2539
1623478421842000,0,7000.00000000,0.2541
1623478422242000,0,6214.09481000,0.2541
1623478429349000,0,0.00000260,0.2541
1623478559040000,1,5758.67816000,0.2546
1623478560372000,0,271.96948291,0.2549
1623478584659000,1,4984.82922000,0.2541
1623478598387000,0,8157.10083000,0.2541
1623478598436000,0,0.00000664,0.2541
1623478598436000,0,3743.01920547,0.2542
1623478598436000,0,9356.88532782,0.2542
1623478598436000,0,9845.46520152,0.2543
1623478598439000,0,6466.76546827,0.2543
1623478598439000,0,9358.20957194,0.2543
1623478598439000,0,1059.40282507,0.2543
1623478598439000,0,6060.99187617,0.2544
1623478598440000,0,6892.17711420,0.2544
1623478621086000,1,10172.27161000,0.2551
1623478621530000,0,2800.00000000,0.2554
1623478621530000,0,399.00000000,0.2554
1623478621530000,0,2299.84896281,0.2555
1623478622090000,1,1500.00000000,0.2548
1623478726835000,0,1239.86680000,0.2551
1623478756425000,0,18500.00000000,0.2551
1623478857025000,1,8136.20093000,0.2545
1623478857151000,1,2299.84896619,0.2544
1623478891269000,1,8131.89734032,0.2546
1623478891269000,1,3926.09784100,0.2545
1623478891269000,1,3731.00481868,0.2545
1623478917422000,0,1168.30162000,0.2544
1623478920387000,1,287.25291576,0.2542
1623478924935000,0,13500.00000000,0.2546
1623478991756000,1,100.00000000,0.2551
1623479030568000,0,1951.41180623,0.2550
1623479073331000,0,1142.48034133,0.2556
1623479073331000,0,1713.17265867,0.2556
1623479073463000,0,228.60000000,0.2556
1623479073566000,0,913.88035063,0.2556
1623479102614000,1,228.60000000,0.2564
1623479207331000,0,3314.91922127,0.2557
1623479207331000,0,1325.97077532,0.2557
1623479207331000,0,1359.11000341,0.2557
1623479290660000,1,9761.73555849,0.2559
1623479290660000,1,3904.51356151,0.2559
1623479290670000,1,0.00001585,0.2559
1623479290914000,1,415.85290000,0.2559
1623479291349000,1,3904.51357000,0.2558
1623479346054000,0,228.60000000,0.2562
1623479390499000,1,228.60000000,0.2561
1623479512377000,0,190.47787125,0.2555
1623479595337000,0,190.47780000,0.2551
1623479595402000,0,7000.00000000,0.2551
1623479595487000,0,5683.00900000,0.2551
1623479655447000,1,2800.00000000,0.2549
1623479655804000,1,3921.26494407,0.2548
1623479711745000,1,2800.00000000,0.2546
1623479714514000,0,2037.22257988,0.2547
1623479880308000,0,233.74507620,0.2543
1623480170874000,0,135.56289568,0.2538
1623480200274000,0,100.00000000,0.2537
1623480200424000,0,2037.22250000,0.2537
1623480304780000,0,228.60000000,0.2538
1623480305916000,0,2800.00000000,0.2539
1623480698152000,1,228.60000000,0.2548
1623480746311000,0,114.84351264,0.2554
1623480760127000,0,3028.60000000,0.2556
1623480820326000,0,228.60000000,0.2558
1623480840351000,1,159.09220871,0.2555
1623480866325000,1,3028.60000000,0.2556
1623480866342000,1,228.60000000,0.2556
1623480884222000,1,3911.87331000,0.2554
1623480902004000,0,214.66648416,0.2557
1623481225273000,0,228.60000000,0.2566
1623481228346000,0,400.00000000,0.2567
1623481228408000,0,2400.00000000,0.2567
1623481228587000,0,3417.24077780,0.2568
1623481228702000,0,0.00000001,0.2568
1623481229468000,0,2800.00000000,0.2571
1623481229704000,0,3084.17420000,0.2572
1623481229908000,0,2800.00000000,0.2572
1623481235229000,0,1565.40427000,0.2574
1623481235261000,0,0.00000622,0.2574
1623481235574000,0,664.90280000,0.2576
1623481235586000,0,3248.14109192,0.2576
1623481235586000,0,1565.40427622,0.2576
1623481235626000,1,1238.69733450,0.2575
1623481236210000,0,1571.52940000,0.2581
1623481236260000,0,0.00001569,0.2581
1623481237141000,1,399.99998431,0.2581
1623481237141000,1,939.68640309,0.2581
1623481238289000,1,2800.00000000,0.2583
1623481238715000,1,200.00000000,0.2583
1623481238735000,1,2002.92977940,0.2583
1623481257267000,1,262.98758630,0.2583
1623481279861000,1,3028.60000000,0.2582
1623481284699000,1,2800.00000000,0.2578
1623481315870000,0,387.86750446,0.2586
1623481403783000,1,228.60000000,0.2588
1623481408573000,0,76.94430731,0.2593
1623481423601000,0,405.47522287,0.2595
1623481423601000,0,1013.50826093,0.2595
1623481460650000,0,1531.27866266,0.2599
1623481492727000,0,90.00000000,0.2600
1623481507510000,0,415.00000000,0.2603
1623481515586000,1,8617.73610000,0.2603
1623481516375000,1,16324.24807851,0.2603
1623481516375000,1,4175.75192149,0.2603
1623481516534000,1,5416.75824657,0.2603
1623481516534000,1,3836.91757519,0.2603
1623481592564000,0,228.60000000,0.2598
1623481592785000,0,6500.00000000,0.2598
1623481610645000,0,3840.56832046,0.2605
1623481610645000,0,9605.04564820,0.2605
1623481622700000,1,17532.65514000,0.2602
1623481622793000,1,10000.00000000,0.2602
1623481625462000,1,228.60000000,0.2602
1623481625732000,1,11200.00000000,0.2602
1623481627229000,0,181.67845066,0.2604
1623481867755000,1,500.00000000,0.2597
1623481893541000,0,3860.28285000,0.2592
1623481893737000,0,9650.57208000,0.2592
1623481920464000,0,304.64161362,0.2600
1623481928147000,1,3510.85493000,0.2599
1623481968518000,0,3811.43437000,0.2592
1623482026631000,0,3731.36859000,0.2591
1623482026846000,0,0.00000816,0.2591
1623482026846000,0,304.64159184,0.2592
1623482036713000,1,3855.34888000,0.2591
1623482066119000,0,228.60000000,0.2596
1623482066156000,0,8579.97227721,0.2596
1623482090926000,1,7979.58266000,0.2595
1623482116945000,1,228.60000000,0.2589
1623482127388000,1,3199.00000000,0.2588
1623482159855000,0,96.14534100,0.2586
1623482281852000,0,2323.92515434,0.2581
1623482281868000,0,1143.01331819,0.2581
1623482281868000,0,8662.63012885,0.2581
1623482310160000,0,96.14540000,0.2588
1623482310180000,0,21000.00000000,0.2588
1623482441571000,0,192.47616836,0.2585
1623482501754000,0,228.60000000,0.2585
1623482572000000,0,2800.00000000,0.2585
1623482617940000,1,2700.22191073,0.2582
1623482678250000,0,520.85420000,0.2591
1623482760330000,0,287.59766812,0.2587
1623482811918000,1,228.60000000,0.2583
1623483163673000,0,228.60000000,0.2589
1623483276302000,1,4500.00000000,0.2589
1623483276537000,1,228.60000000,0.2589
1623483605945000,1,6498.46331155,0.2603
1623483606022000,1,0.00000001,0.2603
1623483620605000,1,995.00000000,0.2598
1623483706213000,0,400.00000000,0.2604
1623483706340000,0,2230.30700000,0.2604
1623483706401000,0,21.39025029,0.2604
1623483706401000,0,4662.18353954,0.2604
1623483706415000,0,1967.00076980,0.2604
1623483706641000,0,3437.23978491,0.2605
1623483707522000,0,6590.98717058,0.2609
1623483707522000,0,2636.41816624,0.2609
1623483707522000,0,1682.21919763,0.2609
1623483707806000,0,79.70800000,0.2610
1623483708003000,0,0.00020000,0.2610
1623483708003000,0,0.00000421,0.2610
1623483723260000,0,1492.08410573,0.2610
1623483723260000,0,9698.44240708,0.2610
1623483723260000,0,3730.19450848,0.2610
1623483723651000,0,2800.00000000,0.2613
1623483723651000,0,217.22621245,0.2613
1623483723651000,0,1492.08410573,0.2613
1623483723651000,0,3730.19450848,0.2613
1623483723651000,0,9710.20124220,0.2613
1623483724161000,0,1800.51170000,0.2616
1623483724188000,0,0.00002281,0.2616
1623483730846000,1,1148.35430990,0.2621
1623483739093000,1,79.70800000,0.2622
1623483740287000,1,707.37640000,0.2619
1623483767186000,1,3821.95890682,0.2615
1623483768260000,1,3821.31628095,0.2611
1623483772266000,0,2982.13098223,0.2611
1623483772266000,0,6629.02512777,0.2611
1623483772348000,0,826.23051000,0.2611
1623483772383000,0,0.00000775,0.2611
1623483805544000,1,500.00000000,0.2608
1623483820430000,0,2797.07755000,0.2609
1623483875827000,1,7936.82573000,0.2609
1623483936371000,1,800.00000000,0.2600
1623484024669000,0,2800.00000000,0.2603
1623484024847000,0,21863.57574000,0.2603
1623484025110000,0,2000.00000000,0.2604
1623484025389000,0,1244.13147657,0.2604
1623484025401000,0,1000.00000000,0.2604
1623484025486000,0,1244.13147000,0.2604
1623484026352000,0,3244.13147657,0.2606
1623484026352000,0,755.86852343,0.2606
1623484039240000,0,2800.00000000,0.2613
1623484039240000,0,3282.00563789,0.2613
1623484039240000,0,8204.89570478,0.2613
1623484039240000,0,21414.99653408,0.2613
1623484039240000,0,3283.97495892,0.2615
1623484039240000,0,3174.00000000,0.2615
1623484039240000,0,2669.41263563,0.2616
1623484069716000,1,10094.18954000,0.2604
1623484069791000,1,5000.00000000,0.2604
1623484133092000,0,2800.00000000,0.2610
1623484133092000,0,3092.84050920,0.2610
1623484133092000,0,12898.91531954,0.2610
1623484133092000,0,3653.49031494,0.2610
1623484151003000,0,1360.00000000,0.2610
1623484162108000,0,2800.00000000,0.2612
1623484162108000,0,7940.60584841,0.2612
1623484162108000,0,2941.54236035,0.2613
1623484162108000,0,7352.74293879,0.2613
1623484162108000,0,1388.45094960,0.2613
1623484331076000,0,7958.54950000,0.2606
1623484331278000,0,1829.90140000,0.2607
1623484411860000,0,228.60000000,0.2604
1623484440288000,1,3000.00000000,0.2606
1623484440288000,1,1409.48442215,0.2606
1623484508423000,1,228.60000000,0.2602
1623484560318000,0,950.28984585,0.2606
1623484775681000,0,1595.41184076,0.2608
1623484775681000,0,3988.50153924,0.2608
1623484775762000,0,0.00000458,0.2608
1623484895650000,1,10583.91338000,0.2591
1623484895887000,1,8000.00000000,0.2592
1623484896056000,1,13500.00000000,0.2592
1623484924417000,1,3852.85335934,0.2592
1623484924417000,1,3854.51743610,0.2592
1623484925906000,1,2800.00000000,0.2586
1623484952253000,1,1849.71020000,0.2587
1623484952436000,1,13500.00000000,0.2587
1623484961481000,1,1490.71045000,0.2587
1623484961491000,1,0.00000570,0.2587
1623485145782000,0,1677.74459227,0.2581
1623485145782000,0,4194.34187773,0.2581
1623485308247000,1,8008.17239000,0.2585
1623485412947000,0,8008.27145656,0.2589
1623485413080000,0,1181.78021910,0.2590
1623485413080000,0,2954.50818090,0.2590
1623485495362000,1,3847.19171000,0.2598
1623485640358000,0,608.96142091,0.2600
1623485806983000,0,608.96140000,0.2596
1623485807097000,0,7378.21247123,0.2596
1623485807496000,0,7378.21240000,0.2596
1623486000436000,1,230.76923077,0.2584
1623486042260000,0,228.60000000,0.2591
1623486089993000,1,230.76920000,0.2595
1623486130879000,1,3852.64628000,0.2594
1623486130917000,1,0.00000229,0.2594
1623486131039000,1,3192.00000000,0.2594
1623486143984000,0,1400.00000000,0.2595
1623486168321000,1,228.60000000,0.2596
1623486293533000,1,3851.96361525,0.2593
1623486293533000,1,9630.12610475,0.2593
1623486579168000,1,9666.76720105,0.2584
1623486579168000,1,3866.61970895,0.2584
1623486607009000,0,2800.00000000,0.2584
1623486607254000,0,8024.13141000,0.2584
1623486646357000,1,1000.00000000,0.2580
1623486651519000,0,1493.15791960,0.2579
1623486655052000,0,4293.15790000,0.2579
1623486665503000,1,9690.14783290,0.2579
1623486665503000,1,3875.97175710,0.2579
1623486665673000,1,0.00000366,0.2579
1623486712770000,1,3879.85074000,0.2576
1623486712939000,1,9700.07372000,0.2575
1623486713144000,1,3879.85074881,0.2575
1623486713144000,1,1618.99821400,0.2573
1623486939239000,0,193.32920072,0.2581
1623487097360000,0,8041.59266000,0.2579
1623487587727000,0,262.30639720,0.2571
1623487619101000,1,115.75714623,0.2567
1623487635953000,0,8069.69981000,0.2569
1623487636170000,0,0.00000505,0.2569
1623487636170000,0,339.87839495,0.2570
1623487656915000,0,8070.22505000,0.2569
1623487656980000,0,0.00000234,0.2569
1623487694089000,0,1496.71250470,0.2566
1623487782551000,0,193.75799353,0.2568
1623487783511000,1,22663.96498207,0.2564
1623487783511000,1,13285.66733543,0.2564
1623487783767000,1,1500.00000000,0.2563
1623487783833000,1,2397.63231000,0.2563
1623487783939000,1,0.00000144,0.2563
1623487783939000,1,114.84351120,0.2563
1623487783986000,1,3782.39146877,0.2563
1623487784046000,0,260.25187567,0.2564
1623487836022000,1,2800.00000000,0.2560
1623487837004000,1,387.00000000,0.2558
1623487837778000,1,399.00000000,0.2557
1623487925384000,0,194.74935572,0.2561
1623487936488000,0,228.60000000,0.2564
1623487976638000,1,3232.00000000,0.2562
1623487976898000,1,19191.95404000,0.2562
1623487976970000,1,3200.09728000,0.2562
1623488160353000,1,437.75882138,0.2563
1623488225286000,1,705.28720000,0.2562
1623488391895000,1,228.60000000,0.2560
1623488405289000,0,1332.45262807,0.2564
1623488405289000,0,1221.74981146,0.2564
1623488411420000,0,2800.00000000,0.2570
1623488426292000,0,2800.00000000,0.2571
1623488427996000,0,1706.85009104,0.2574
1623488437426000,0,2800.00000000,0.2574
1623488437976000,0,2024.54844000,0.2575
1623488438224000,0,449.86263923,0.2575
1623488438224000,0,450.02922418,0.2575
1623488438224000,0,1124.65657659,0.2575
1623488443360000,0,12131.39840000,0.2577
1623488449907000,1,2800.00000000,0.2574
1623488450624000,1,4891.00000000,0.2573
1623488511676000,1,2800.00000000,0.2562
1623488511716000,1,400.00000000,0.2561
1623488511766000,1,2842.69241950,0.2561
1623488511814000,1,660.14601670,0.2561
1623488511986000,1,3902.83843620,0.2561
1623488512489000,1,3902.83843620,0.2557
1623488512489000,1,44739.42504209,0.2557
1623488518166000,0,2800.00000000,0.2556
1623488540405000,1,2800.00000000,0.2550
1623488545134000,0,2800.00000000,0.2554
1623488591418000,0,2800.00000000,0.2562
1623488617411000,0,228.60000000,0.2565
1623488640238000,0,187.78809598,0.2567
1623488643333000,0,15500.00000000,0.2567
1623488644009000,0,14072.43420000,0.2567
1623488644600000,0,2000.00000000,0.2567
1623488644689000,0,1500.00000000,0.2567
1623488645027000,0,72309.16580000,0.2567
1623488760346000,1,376.15258940,0.2570
1623488821676000,1,17157.99960000,0.2567
1623488907148000,1,228.60000000,0.2574
1623488907186000,1,2571.40000000,0.2574
1623488907276000,1,2800.00000000,0.2573
1623488940285000,1,5600.00000000,0.2571
1623488963889000,0,1102.31707222,0.2573
1623489064594000,0,386.04263821,0.2577
1623489096616000,0,2565.77027000,0.2575
1623489109431000,1,5315.72084000,0.2574
1623489254925000,0,2569.97052000,0.2564
1623489255206000,0,0.00000329,0.2564
1623489255206000,0,6424.71121671,0.2564
1623489265435000,0,5023.35836111,0.2566
1623489265435000,0,2009.35308889,0.2566
1623489345341000,0,8049.94664000,0.2575
1623489345471000,0,228.60000000,0.2576
1623489362298000,0,8049.18464000,0.2576
1623489390967000,1,228.60000000,0.2573
1623489391114000,1,22400.00000000,0.2573
1623489650396000,0,1705.80870000,0.2578
1623489721230000,0,8042.33305000,0.2577
1623489721587000,0,0.00000896,0.2577
1623489721587000,0,1630.28588618,0.2579
1623489721587000,0,4075.33660486,0.2579
1623489721661000,0,0.00002286,0.2579
1623489721816000,0,10596.52954000,0.2579
1623489933487000,0,1112.44736000,0.2567
1623490034173000,1,1866.53232727,0.2562
1623490098363000,0,1174.43883000,0.2568
1623490200355000,1,655.33814688,0.2565
1623490319844000,1,655.33810000,0.2558
1623490342320000,0,707.52303194,0.2557
1623490348924000,0,228.60000000,0.2560
1623490683877000,0,247.07718147,0.2558
1623490691853000,0,535.84061000,0.2557
1623490691879000,0,0.00000109,0.2557
1623490723378000,0,247.07710000,0.2557
1623490727185000,1,228.60000000,0.2555
1623490800312000,1,197.80536530,0.2553
1623490829242000,0,228.60000000,0.2560
1623490847472000,0,77.94537995,0.2560
1623490981944000,0,124.51105737,0.2564
1623490982927000,0,194.49627694,0.2565
1623490997993000,0,11500.00000000,0.2564
1623491040372000,1,228.60000000,0.2567
1623491040384000,1,127.04523580,0.2567
1623491255215000,0,199.14720000,0.2568
1623491255411000,0,703.90052013,0.2568
1623491255411000,0,2257.68117987,0.2568
1623491351722000,0,8073.56985000,0.2567
1623491351857000,0,0.00000388,0.2567
1623491352267000,0,902.98889607,0.2568
1623491352267000,0,2257.47223393,0.2568
1623491774552000,1,3909.39941000,0.2556
1623492159903000,0,338.81785100,0.2575
1623492186278000,0,115.88473931,0.2576
1623492263754000,0,338.81780000,0.2579
1623492263978000,0,1918.70320000,0.2579
1623492387346000,0,385.89328500,0.2577
1623492432997000,0,733.73721182,0.2577
1623492487034000,1,6000.00000000,0.2569
1623492487117000,1,2060.03076000,0.2569
1623492517708000,0,733.73720000,0.2563
1623492669231000,0,228.60000000,0.2561
1623492899137000,0,1054.50572883,0.2540
1623492910222000,1,7101.25311687,0.2541
1623492928876000,1,228.60000000,0.2541
1623493000893000,0,2800.00000000,0.2530
1623493005049000,0,805.97880000,0.2534
1623493005620000,0,0.00003766,0.2534
1623493005620000,0,1994.02116234,0.2534
1623493024615000,0,967.37388000,0.2531
1623493071536000,0,863.24882000,0.2532
1623493071585000,0,0.00000906,0.2532
1623493083572000,0,835.35571000,0.2535
1623493099946000,0,717.22850000,0.2532
1623493122772000,0,701.46854000,0.2535
1623493158085000,0,413.95941000,0.2545
1623493179150000,0,711.05145000,0.2543
1623493179279000,0,0.00000997,0.2543
1623493179461000,0,1777.64240000,0.2543
1623493179649000,0,0.00001571,0.2543
1623493241224000,1,2800.00000000,0.2545
1623493241224000,1,8130.84404347,0.2545
1623493241224000,1,395.00000000,0.2545
1623493241230000,0,3000.00000000,0.2544
1623493241254000,0,2500.00000000,0.2544
1623493241258000,0,5886.09313877,0.2544
1623493292587000,1,2800.00000000,0.2546
1623493292587000,1,2133.00371887,0.2546
1623493354129000,0,1333.11777000,0.2551
1623493354413000,0,0.00000058,0.2551
1623493354413000,0,1333.54839942,0.2551
1623493380504000,1,2265.74316000,0.2545
1623493380763000,1,5599.99990000,0.2545
1623493380865000,1,16645.73517691,0.2545
1623493502862000,0,3277.96645891,0.2544
1623493502862000,0,1311.19443109,0.2544
1623493550718000,1,110.74176610,0.2549
1623493619338000,1,2800.00000000,0.2557
1623493619338000,1,200.00000000,0.2557
1623493671121000,0,1236.08730000,0.2567
1623493680937000,0,1208.99503000,0.2571
1623493827864000,0,211.37181275,0.2581
1623493837783000,0,1177.36890000,0.2584
1623493838738000,0,1177.68408495,0.2585
1623493838738000,0,2849.45760135,0.2585
1623493923785000,0,4579.65661608,0.2608
1623493924536000,0,5403.64263803,0.2608
1623493926181000,0,6684.11269000,0.2607
1623493926277000,0,1261.96911528,0.2607
1623493926359000,0,8000.00000000,0.2608
1623493936340000,1,5185.00000000,0.2599
1623493945970000,0,5923.03089000,0.2601
1623493947145000,1,2500.00000000,0.2599
1623493947145000,1,2800.00000000,0.2598
1623493953449000,0,20732.29699026,0.2604
1623493953449000,0,12717.74444877,0.2607
1623493959544000,0,4410.82872441,0.2608
1623493959544000,0,42678.86977073,0.2608
1623493959571000,0,961.01425500,0.2608
1623493987702000,1,2668.07260000,0.2600
1623493993851000,1,15200.00000000,0.2597
1623494029381000,0,10500.00000000,0.2598
1623494042231000,1,33450.04143903,0.2595
1623494110114000,1,3042.66910000,0.2604
1623494110214000,1,6544.02916442,0.2604
1623494110214000,1,3836.09269788,0.2604
1623494181640000,0,3000.00000000,0.2615
1623494210547000,0,3000.00000000,0.2618
1623494210547000,0,3000.00000000,0.2618
1623494210547000,0,27026.37716751,0.2618
1623494236684000,1,3824.12205000,0.2613
1623494236902000,1,0.00000365,0.2613
1623494236902000,1,9560.44879635,0.2612
1623494315752000,1,7000.00000000,0.2610
1623494328310000,0,2800.00000000,0.2608
1623494403290000,0,2024.93742000,0.2611
1623494487234000,1,3811.67411000,0.2622
1623494487476000,1,0.00000909,0.2622
1623494487646000,1,6819.00000000,0.2621
1623494489848000,1,21688.20816000,0.2619
1623494520300000,1,193.71821423,0.2621
1623494565710000,0,465.92894000,0.2625
1623494568052000,0,0.00000582,0.2625
1623494687501000,1,3811.26610000,0.2622
1623494705655000,0,2800.00000000,0.2622
1623494711686000,1,3814.63905000,0.2620
1623494731543000,0,5600.00000000,0.2628
1623494760364000,1,5745.43139702,0.2628
1623494765225000,1,3804.71175504,0.2626
1623494768561000,1,3804.71175504,0.2623
1623494768661000,1,1000.00000000,0.2622
1623494821940000,1,3806.39169000,0.2626
1623494880337000,1,192.51900413,0.2627
1623494935019000,1,3800.20065059,0.2630
1623494935019000,1,6030.53093941,0.2630
1623494991270000,0,7895.13595000,0.2624
1623494991538000,0,0.00000342,0.2624
1623494991538000,0,2799.99999658,0.2625
1623495080992000,0,2800.00000000,0.2621
1623495088983000,0,33504.86405000,0.2623
1623495184979000,0,228.60000000,0.2625
1623495236886000,0,1743.34600000,0.2619
1623495349426000,1,228.60000000,0.2617
1623495360023000,0,7911.89924000,0.2619
1623495395044000,0,2800.00000000,0.2616
1623495428126000,0,0.00000870,0.2619
1623495428126000,0,3437.53590695,0.2621
1623495428126000,0,1375.10789499,0.2621
1623495428126000,0,1732.11094936,0.2621
1623495428298000,0,7204.11119000,0.2621
1623495428705000,1,2800.00000000,0.2622
1623495497895000,0,484.78983125,0.2620
1623495497895000,0,2799.99999875,0.2620
1623495506749000,0,380.95784972,0.2619
1623495604375000,0,2800.00000000,0.2624
1623495604375000,0,2575.64618902,0.2626
1623495604467000,0,2557.80072197,0.2626
1623495604467000,0,1975.40710858,0.2626
1623495604467000,0,790.16272291,0.2626
1623495806250000,1,3802.07897000,0.2628
1623495806542000,1,0.00000678,0.2628
1623495806542000,1,2686.82204322,0.2628
1623495806947000,1,33504.86405134,0.2628
1623495847955000,0,6500.00000000,0.2632
1623495855731000,1,6500.00000000,0.2632
1623495855985000,1,500.00000000,0.2632
1623495960327000,1,677.73137061,0.2624
1623496006958000,1,3792.82094000,0.2634
1623496007174000,1,3793.97213000,0.2634
1623496046844000,0,157.72863597,0.2634
1623496200314000,0,181.71104566,0.2639
1623496207270000,0,6586.79307000,0.2637
1623496207289000,0,1268.39472828,0.2637
1623496207289000,0,2800.00000000,0.2637
1623496425357000,1,3791.92925777,0.2636
1623496425357000,1,2208.07074223,0.2636
1623496564212000,1,1500.00000000,0.2631
1623496597665000,0,770.07965486,0.2638
1623496597665000,0,11421.99578981,0.2638
1623496615953000,1,1500.00000000,0.2632
1623496986079000,0,19781.71080000,0.2623
1623496993195000,1,2800.00000000,0.2621
1623496993195000,1,3973.32000000,0.2620
1623497032978000,1,2800.00000000,0.2621
1623497043428000,0,121.62200580,0.2622
1623497157739000,1,3000.00000000,0.2620
1623497222966000,0,110.26534010,0.2621
1623497238180000,0,88.16948620,0.2619
1623497385699000,0,228.60000000,0.2621
1623497400328000,0,377.88999966,0.2619
1623497445455000,0,804.92460000,0.2630
1623497445660000,0,11200.00000000,0.2630
1623497857148000,0,2800.00000000,0.2621
1623497857148000,0,7945.75299689,0.2621
1623497857148000,0,2500.00000000,0.2621
1623497857148000,0,24811.63816533,0.2621
1623497879456000,0,7899.10491000,0.2621
1623497879547000,0,0.00000681,0.2621
1623497880286000,0,377.93904874,0.2624
1623498021487000,0,7922.74086112,0.2614
1623498157514000,1,11500.00000000,0.2613
1623498290105000,1,2800.00000000,0.2611
1623498290105000,1,712.38000000,0.2610
1623498380603000,1,12500.00000000,0.2628
1623498572298000,1,228.60000000,0.2621
1623498785336000,1,6500.00000000,0.2627
1623498840339000,1,376.51575600,0.2628
1623498844326000,1,1500.00000000,0.2628
1623499003338000,1,309.43827638,0.2633
1623499080324000,0,1034.94254352,0.2631
1623499126459000,0,94.53019190,0.2631
1623499311122000,0,1129.47260000,0.2631
1623499369081000,1,2735.35667000,0.2629
1623499402425000,0,94.49795100,0.2633
1623499685765000,1,33026.37716751,0.2641
1623500005268000,1,3759.22890000,0.2659
1623500010720000,1,3762.31216000,0.2656
1623500010800000,1,0.00000657,0.2656
1623500011406000,1,3762.31216657,0.2655
1623500025046000,1,100.00000000,0.2654
1623500043276000,1,100.00000000,0.2655
1623500044034000,1,15588.00000000,0.2654
1623500054027000,0,250.00000000,0.2655
1623500110454000,1,3762.36878000,0.2656
1623500110634000,1,0.00000739,0.2656
1623500110634000,1,11199.99999261,0.2656
1623500250503000,1,3756.88449083,0.2658
1623500250503000,1,3759.08759426,0.2657
1623500250503000,1,9392.42294456,0.2657
1623500250503000,1,5275.57000000,0.2657
1623500250503000,1,7.57528095,0.2656
1623500250505000,1,10827.06653080,0.2656
1623500250511000,1,22191.54031060,0.2656
1623500250566000,1,3756.88449000,0.2658
1623500250589000,1,400.00000000,0.2658
1623500251609000,1,3759.08759426,0.2648
1623500253590000,0,376.60000000,0.2650
1623500253724000,0,2423.40000000,0.2650
1623500254104000,0,2248.03446000,0.2651
1623500262623000,0,2611.54537000,0.2654
1623500282098000,1,2800.00000000,0.2654
1623500288523000,1,21658.80854000,0.2652
1623500288642000,1,0.00000788,0.2652
1623500311947000,1,21412.03275128,0.2651
1623500354542000,1,3765.91097000,0.2654
1623500354779000,1,0.00000386,0.2654
1623500354779000,1,3765.91096614,0.2654
1623500383028000,0,250.00000000,0.2653
1623500410416000,0,356.10231682,0.2655
1623500573436000,0,2800.00000000,0.2657
1623500600145000,0,3001.27853623,0.2659
1623500602497000,0,4791.91463456,0.2659
1623500602497000,0,2799.99999544,0.2659
1623500663096000,1,11500.00000000,0.2656
1623500663169000,1,4076.00000000,0.2656
1623500672482000,1,3766.30818481,0.2654
1623500675911000,0,5956.10220000,0.2655
1623500712128000,0,125.00000000,0.2658
1623500885002000,1,500.00000000,0.2658
1623501199935000,0,77.77694000,0.2674
1623501200023000,0,0.00000816,0.2674
1623501306976000,1,42481.47178700,0.2674
1623501310208000,0,1725.05557676,0.2676
1623501405975000,0,398.00000000,0.2683
1623501414315000,0,445.98547648,0.2685
1623501416783000,0,381.00000000,0.2688
1623501417560000,0,433.00000000,0.2689
1623501426045000,0,412.00000000,0.2692
1623501432909000,1,2800.00000000,0.2695
1623501485689000,1,5956.10220686,0.2681
1623501486480000,1,22029.10917185,0.2680
1623501570350000,1,2800.00000000,0.2683
1623501759168000,0,2800.00000000,0.2676
1623501766880000,1,3000.00000000,0.2675
1623501844556000,0,228.60000000,0.2681
1623501901856000,0,2800.00000000,0.2679
1623501902241000,0,2738.48519000,0.2681
1623501902948000,0,2738.48519000,0.2685
1623501903100000,0,0.00000414,0.2685
1623501903349000,1,399.99999586,0.2685
1623501974693000,0,118.54184053,0.2679
1623502065899000,1,2162.23020251,0.2677
1623502129060000,0,111.59298200,0.2683
1623502202950000,1,228.60000000,0.2678
1623502285037000,0,2800.00000000,0.2685
1623502300513000,0,2800.00000000,0.2688
1623502303513000,1,3720.79178449,0.2686
1623502311831000,1,3725.19948000,0.2682
1623502313172000,1,9924.41900000,0.2681
1623502313258000,1,5501.58100000,0.2681
1623502313424000,1,3725.08847000,0.2681
1623502313640000,1,0.00000085,0.2681
1623502369926000,0,228.60000000,0.2678
1623502432874000,1,228.60000000,0.2676
1623502433509000,1,1273.33053000,0.2676
1623502480626000,0,12058.73460000,0.2680
1623502480693000,0,228.60000000,0.2680
1623502508530000,1,228.60000000,0.2679
1623502541757000,0,2800.00000000,0.2681
1623502569275000,1,3300.00000000,0.2677
1623502579935000,0,228.60000000,0.2679
1623502605836000,1,228.60000000,0.2676
1623502606145000,1,271.40000000,0.2676
1623502624418000,0,2744.00000000,0.2677
1623502661127000,0,353.01699219,0.2678
1623502710011000,0,228.60000000,0.2685
1623502786402000,1,357.22240000,0.2685
1623502801498000,0,41631.84235126,0.2687
1623502801531000,0,849.62943574,0.2687
1623502802110000,0,3978.56539173,0.2690
1623502830810000,0,90.00000000,0.2700
1623502947996000,1,228.60000000,0.2682
1623503158164000,0,345.48188554,0.2686
1623503214862000,1,345.48188554,0.2683
1623503232005000,0,341.93089188,0.2684
1623503720196000,0,228.60000000,0.2683
1623503977071000,0,2844.44180000,0.2689
1623504190727000,1,228.60000000,0.2685
1623504325129000,0,228.60000000,0.2686
1623504325272000,0,9084.53810000,0.2686
1623504325327000,0,0.00009029,0.2686
1623504346144000,1,228.60000000,0.2684
1623504997874000,0,228.60000000,0.2703
1623505024711000,1,228.60000000,0.2700
1623505048189000,1,15332.00000000,0.2700
1623505048189000,1,9254.04957209,0.2700
1623505048189000,1,3701.61982884,0.2699
1623505048189000,1,7666.63432378,0.2699
1623505048189000,1,8595.69627529,0.2698
1623505107856000,0,209.96108796,0.2704
1623505133878000,0,76.85024654,0.2707
1623505139822000,0,1747.97002252,0.2709
1623505500961000,1,1356.87000000,0.2707
1623505706421000,1,2800.00000000,0.2710
1623505706421000,1,4411.28451430,0.2710
1623505725205000,1,952.60000000,0.2711
1623505764843000,1,924.39514794,0.2710
1623505764845000,1,1875.60485206,0.2710
1623505764845000,1,15273.00000000,0.2710
1623505764970000,1,3361.50000000,0.2710
1623505769578000,0,325.38006196,0.2711
1623505822848000,1,2474.61990000,0.2708
1623505833895000,1,93.70000000,0.2707
1623505853823000,1,93.70000000,0.2706
1623506261576000,0,7656.07627000,0.2707
1623506591793000,1,5151.00000000,0.2683
1623506615838000,0,3722.50926905,0.2688
1623506615838000,0,3723.28541095,0.2688
1623506617761000,0,0.00001611,0.2688
1623506681422000,0,400.00000000,0.2687
1623506704889000,0,119.21100000,0.2695
1623506708226000,0,95.46210000,0.2695
1623506709803000,0,0.00000270,0.2695
1623506710350000,0,0.00003060,0.2695
1623506740106000,1,8101.87104000,0.2691
1623506750084000,0,553.98183700,0.2691
1623506798070000,0,10000.00000000,0.2694
1623506798775000,0,739.30870000,0.2695
1623506824197000,1,80.00000000,0.2694
1623506844714000,0,228.60000000,0.2696
1623506953939000,1,228.60000000,0.2691
1623507024534000,0,369.63815900,0.2696
1623507085955000,0,228.60000000,0.2695
1623507198015000,0,3717.05757722,0.2692
1623507198015000,0,4732.72433278,0.2692
1623507198157000,0,9292.09220000,0.2692
1623507422534000,1,228.60000000,0.2697
1623507550928000,0,3724.86815000,0.2686
1623507959735000,0,3742.20685000,0.2674
1623507959906000,0,9354.74719000,0.2674
1623507959999000,0,3741.95479719,0.2674
1623507959999000,0,0.00000688,0.2674
1623507960097000,0,13000.00000000,0.2675
1623508142619000,0,903.77933450,0.2684
1623508291025000,0,228.60000000,0.2686
1623508381602000,1,228.60000000,0.2687
1623508800298000,0,365.73046631,0.2688
1623508864724000,1,2800.00000000,0.2687
1623508864724000,1,3000.00000000,0.2686
1623508864724000,1,11422.20171900,0.2686
1623508864724000,1,11076.50194100,0.2686
1623508966123000,1,2514.26960000,0.2689
1623508966336000,1,11200.00000000,0.2689
1623509175113000,1,1305.65110000,0.2701
1623509520321000,0,199.39802469,0.2702
1623509640245000,0,916.89230205,0.2694
1623509675744000,1,15362.00000000,0.2694
1623509675744000,1,2800.00000000,0.2694
1623509675744000,1,2849.44258242,0.2693
1623509759978000,1,2989.36080000,0.2699
1623510126959000,1,27500.00000000,0.2703
1623510127037000,1,5000.00000000,0.2703
1623510128880000,1,45995.29045753,0.2703
1623510238830000,0,146.94321400,0.2708
1623510240273000,1,410.80315474,0.2705
1623510275879000,0,6259.19826536,0.2710
1623510402618000,0,3682.93481585,0.2717
1623510402618000,0,0.38783415,0.2717
1623510402833000,0,3682.93480000,0.2717
1623510440064000,1,263.85990000,0.2716
1623510461732000,1,1000.00000000,0.2718
1623510667174000,0,228.60000000,0.2716
1623510675117000,1,15234.00000000,0.2716
1623510675671000,1,228.60000000,0.2716
1623510675694000,1,7627.84673481,0.2716
1623510675697000,1,7384.55326519,0.2716
1623510676067000,1,15245.00000000,0.2716
1623510676420000,0,15249.00000000,0.2715
1623510676937000,1,407.00000000,0.2714
1623510677937000,1,406.00000000,0.2713
1623510692959000,1,15268.00000000,0.2711
1623510692959000,1,3687.83236000,0.2711
1623510693273000,1,1000.00000000,0.2711
1623510874776000,0,2800.00000000,0.2700
1623510981626000,0,2800.00000000,0.2698
1623510981895000,0,11200.00000000,0.2698
1623510982128000,0,228.60000000,0.2699
1623510997257000,1,228.60000000,0.2692
1623511080275000,1,113.84856907,0.2687
1623511089928000,0,228.60000000,0.2694
1623511142424000,1,113.84850000,0.2692
1623511186373000,1,228.60000000,0.2693
1623511302003000,0,184.20927132,0.2701
1623511369102000,0,329.31219000,0.2699
1623511489530000,0,7678.63912000,0.2698
1623511490176000,0,0.00000702,0.2698
1623511490176000,0,15357.27824298,0.2699
1623511500577000,0,228.60000000,0.2700
1623511806288000,0,15648.29759000,0.2698
1623511806406000,0,6500.00000000,0.2698
1623511806507000,0,10000.00000000,0.2698
1623511806730000,0,16000.00000000,0.2698
1623511806812000,0,12500.00000000,0.2698
1623511806890000,0,5500.00000000,0.2698
1623511806973000,0,6500.00000000,0.2698
1623511807240000,0,2000.00000000,0.2698
1623511810717000,1,2800.00000000,0.2698
1623511812734000,0,263.03241000,0.2698
1623511883878000,1,2800.00000000,0.2700
1623511884341000,1,11200.00000000,0.2699
1623511884485000,1,5004.04985000,0.2699
1623511884795000,1,3703.56653000,0.2698
1623512012031000,1,228.60000000,0.2703
1623512108762000,0,127.53875180,0.2711
1623512180585000,1,2800.00000000,0.2706
1623512356372000,0,228.60000000,0.2711
1623512562402000,1,228.60000000,0.2708
1623512562531000,1,2800.00000000,0.2708
1623512586019000,1,2800.00000000,0.2709
1623512640323000,0,158.86281434,0.2707
1623512708235000,1,2800.00000000,0.2704
1623512708235000,1,5235.44754311,0.2704
1623512832168000,0,228.60000000,0.2711
1623512928414000,1,5441.13720000,0.2703
1623512929104000,1,228.60000000,0.2702
1623512935519000,1,3702.05834444,0.2700
1623512946627000,0,199.13866920,0.2701
1623512994883000,1,6000.00000000,0.2696
1623512994959000,1,6696.43347000,0.2696
1623513232356000,1,3718.24617764,0.2688
1623513270947000,1,9000.00000000,0.2687
1623513271026000,1,6406.00000000,0.2687
1623513608575000,0,199.13860000,0.2697
1623513611311000,1,2800.00000000,0.2693
1623513616017000,1,2800.00000000,0.2692
1623513616837000,1,2800.00000000,0.2691
1623513796805000,1,4000.00000000,0.2713
1623513796810000,1,3625.89093179,0.2713
1623513802076000,1,4460.61400000,0.2711
1623513802237000,1,313.49510000,0.2710
1623513873181000,0,228.60000000,0.2716
1623513873415000,0,3456.23860000,0.2716
1623513874433000,0,0.00001288,0.2716
1623513907436000,0,256.37049000,0.2717
1623513911508000,0,0.00000760,0.2717
1623514080323000,0,2800.00000000,0.2716
1623514080323000,0,570.28047676,0.2716
1623514453728000,1,228.60000000,0.2697
1623514922089000,0,2800.00000000,0.2704
1623514922232000,0,900.11322346,0.2704
1623515760330000,1,2000.00000000,0.2714
1623516222915000,1,2000.00000000,0.2709
1623516313201000,0,370.00000000,0.2710
1623516360347000,1,824.70610872,0.2708
1623517209332000,0,8059.76937494,0.2724
1623517209335000,0,164.48508928,0.2724
1623517263774000,0,126.55091403,0.2731
1623517281330000,1,210.57520857,0.2729
1623517281448000,1,698.15520000,0.2729
1623517423711000,0,365.48219448,0.2732
1623517514793000,0,365.48210000,0.2735
1623517528257000,0,228.60000000,0.2737
1623517528278000,0,3427.03615015,0.2737
1623517558167000,0,3650.59258000,0.2741
1623517560312000,1,377.88999966,0.2740
1623517623933000,0,3644.20862000,0.2747
1623517624121000,0,9104.45733896,0.2747
1623517624121000,0,2095.54266104,0.2747
1623517644569000,0,3638.77184000,0.2747
1623517644582000,0,16219.87031930,0.2747
1623517644916000,0,9096.73357000,0.2750
1623517645075000,0,2500.00000000,0.2750
1623517723324000,1,400.00000000,0.2759
1623517762304000,1,15024.00000000,0.2754
1623517763193000,1,8559.82647000,0.2750
1623517763297000,1,365.48219454,0.2746
1623517787656000,1,125.00000000,0.2756
1623517800329000,1,2800.00000000,0.2756
1623517800329000,1,4293.04863536,0.2755
1623517800329000,1,2430.03483074,0.2755
1623517840997000,0,3635.94054000,0.2752
1623518058648000,1,228.60000000,0.2753
1623518160297000,0,2147.66089929,0.2758
1623518445241000,0,3651.20745431,0.2741
1623518445241000,0,9127.88685569,0.2741
1623518481936000,1,1155.22910000,0.2742
1623518549703000,0,3658.15182000,0.2736
1623518624443000,0,400.00000000,0.2739
1623518624448000,0,3255.72082436,0.2739
1623518624458000,0,3655.54645536,0.2739
1623518624631000,0,7354.48400000,0.2740
1623518624644000,0,1784.28823150,0.2740
1623518624760000,1,7543.70482140,0.2749
1623518624804000,0,384.34860849,0.2751
1623518625833000,0,228.60000000,0.2750
1623518627173000,1,365.30000000,0.2750
1623518627728000,1,34.70000000,0.2750
1623518627728000,1,330.60000000,0.2750
1623518628277000,1,365.30000000,0.2750
1623518628892000,1,365.30000000,0.2750
1623518632692000,1,730.60000000,0.2755
1623518632830000,1,2500.00000000,0.2755
1623518632830000,1,15009.00000000,0.2755
1623518642622000,0,3549.15791000,0.2757
1623518642835000,0,0.00000634,0.2757
1623518642835000,0,8870.96754366,0.2758
1623518642850000,0,0.00001195,0.2758
1623518651950000,1,15005.00000000,0.2757
1623518652051000,1,3625.36888000,0.2757
1623518652263000,1,0.00000128,0.2757
1623518652349000,1,15014.00000000,0.2756
1623518702191000,0,2516.18133000,0.2762
1623518880301000,1,177.67202552,0.2768
1623518881673000,0,854.42847972,0.2771
1623518899792000,0,2528.94831000,0.2766
1623518948707000,1,2506.13765000,0.2768
1623518977212000,1,367.99984704,0.2765
1623519000324000,1,250.00000000,0.2766
1623519105572000,0,32595.69110000,0.2780
1623519105693000,0,1288.24766291,0.2780
1623519105693000,0,3221.41660562,0.2781
1623519105693000,0,1288.87413147,0.2781
1623519108349000,1,228.60000000,0.2779
1623519123599000,1,35111.87243000,0.2778
1623519282738000,0,228.60000000,0.2769
1623519282818000,0,3961.69768824,0.2769
1623519283100000,0,400.00000000,0.2769
1623519283125000,0,1585.05359000,0.2769
1623519283148000,0,2375.31703357,0.2769
1623519283307000,0,1585.05359957,0.2772
1623519304911000,1,2800.00000000,0.2777
1623519323723000,1,6618.50518000,0.2778
1623519323724000,1,3595.67180000,0.2778
1623519328170000,0,1185.83505000,0.2779
1623519361897000,0,8000.00000000,0.2785
1623519371587000,0,175.55835307,0.2787
1623519371607000,0,3.58282353,0.2787
1623519380733000,0,535.81243000,0.2794
1623519380845000,0,0.00000395,0.2794
1623519380845000,0,1339.53107605,0.2795
1623519391180000,0,90.00000000,0.2800
1623519391180000,0,95.00000000,0.2800
1623519391180000,0,104.00000000,0.2800
1623519391180000,0,493.90442129,0.2803
1623519391180000,0,3206.84249976,0.2803
1623519391180000,0,493.36426342,0.2803
1623519391180000,0,74.18700000,0.2804
1623519391180000,0,0.00049852,0.2804
1623519391180000,0,406.00000000,0.2804
1623519391180000,0,3000.00000000,0.2804
1623519391180000,0,1819.49704228,0.2805
1623519396008000,0,997.77030215,0.2802
1623519396008000,0,399.10811785,0.2802
1623519401483000,0,335.55021000,0.2808
1623519407925000,0,399.00000000,0.2814
1623519428389000,0,335.71848000,0.2817
1623519428560000,0,838.99513000,0.2819
1623519428731000,0,335.56118730,0.2819
1623519428731000,0,0.15729270,0.2819
1623519428910000,0,335.56119629,0.2819
1623519428910000,0,839.16490371,0.2819
1623519428994000,0,0.00017664,0.2819
1623519429173000,0,335.56118000,0.2821
1623519429413000,0,0.08299887,0.2821
1623519429413000,0,839.11044716,0.2821
1623519429413000,0,55.46961399,0.2821
1623519429432000,0,18.25842980,0.2821
1623519550651000,0,33500.00000000,0.2822
1623519551767000,0,578.19994058,0.2824
1623519551783000,0,7621.80005942,0.2824
1623519600294000,0,2467.97501000,0.2825
1623519600294000,0,173.25482447,0.2825
1623519600294000,0,173.26913845,0.2825
1623519600294000,0,574.72661959,0.2826
1623519689690000,1,228.60000000,0.2815
1623519713076000,1,3551.03548195,0.2814
1623519713076000,1,14695.99999805,0.2814
1623519715519000,1,13500.00000000,0.2811
1623519762253000,0,6500.00000000,0.2814
1623519840315000,0,211.14785065,0.2816
1623519900562000,0,2372.01089709,0.2824
1623519900562000,0,3336.42395291,0.2824
1623519900606000,0,228.60000000,0.2824
1623519900656000,0,2367.51552780,0.2824
1623519910162000,1,2800.00000000,0.2830
1623519926752000,1,228.60000000,0.2830
1623519944768000,1,6567.51552000,0.2828
1623519944898000,1,2800.00000000,0.2828
1623519948013000,1,14647.00000000,0.2825
1623519949790000,1,10000.00000000,0.2823
1623519956142000,0,2544.90072000,0.2821
1623519957211000,0,2542.71767000,0.2822
1623519957455000,0,2544.90072965,0.2824
1623519957455000,0,7014.48088035,0.2824
1623519957532000,0,2052.49082000,0.2823
1623519971814000,0,228.60000000,0.2825
1623519992729000,0,4618.19084000,0.2835
1623519993030000,0,0.00000817,0.2835
1623519993315000,0,398.23329231,0.2835
1623519993808000,1,2800.00000000,0.2835
1623520027353000,1,2800.00000000,0.2816
1623520028328000,1,14690.00000000,0.2814
1623520028674000,1,14708.00000000,0.2813
1623520028753000,1,972.68166000,0.2813
1623520028817000,1,2572.11033161,0.2813
1623520045749000,0,3088.87166000,0.2813
1623520045922000,0,0.00000963,0.2813
1623520045922000,0,3088.65208037,0.2814
1623520051734000,1,228.60000000,0.2807
1623520057515000,0,2555.84311000,0.2812
1623520063192000,0,2315.32344294,0.2818
1623520063192000,0,6184.67655706,0.2818
1623520063280000,0,7337.65303000,0.2818
1623520064061000,0,2430.56883669,0.2821
1623520064061000,0,2317.58960331,0.2821
1623520064333000,0,0.00000890,0.2821
1623520127497000,1,8819.17833000,0.2807
1623520127617000,1,11200.00000000,0.2807
1623520175569000,0,1711.81473000,0.2816
1623520200312000,0,351.69613454,0.2821
1623520250775000,0,2800.00000000,0.2822
1623520250775000,0,2475.53750000,0.2822
1623520250775000,0,2084.91219156,0.2825
1623520276219000,0,2369.01118000,0.2814
1623520276429000,0,0.00000496,0.2814
1623520276429000,0,2369.24690868,0.2815
1623520286774000,0,782.44920000,0.2820
1623520286997000,0,4320.08367000,0.2821
1623520320318000,0,685.39657148,0.2815
1623520330699000,1,1500.00000000,0.2809
1623520400672000,0,176.96296200,0.2810
1623520563419000,0,2912.32866451,0.2807
1623520563419000,0,7169.74382789,0.2807
1623520622183000,1,10400.90958000,0.2807
1623520690153000,0,2800.00000000,0.2806
1623520812490000,0,228.60000000,0.2820
1623520820416000,0,3332.24486280,0.2820
1623520820422000,0,68.00499720,0.2820
1623520846114000,0,1554.70114841,0.2824
1623520869348000,0,2800.00000000,0.2829
1623520869488000,0,1599.52489689,0.2829
1623520869488000,0,1598.76643311,0.2829
1623520889277000,0,1920.00000000,0.2839
1623520889416000,0,1527.06540000,0.2840
1623520892717000,1,3521.62276000,0.2837
1623520892867000,1,0.00000377,0.2837
1623520892867000,1,1999.99999623,0.2836
1623520892945000,1,3000.00000000,0.2836
1623520893431000,0,400.00000000,0.2836
1623520905898000,1,3306.38038296,0.2830
1623520905905000,1,228.60000000,0.2830
1623520905924000,1,2160.72142466,0.2830
1623520905959000,1,400.00000000,0.2830
1623520906013000,1,8517.29819238,0.2830
1623520911996000,0,2800.00000000,0.2829
1623520912100000,0,2963.05495000,0.2829
1623520912186000,0,0.00000847,0.2829
1623520912186000,0,3061.01998153,0.2830
1623520912204000,0,0.00001609,0.2830
1623520915403000,0,2800.00000000,0.2833
1623520915403000,0,3061.01999762,0.2834
1623520915403000,0,393.00000000,0.2835
1623520915403000,0,7489.35000000,0.2836
1623520915403000,0,407.00000000,0.2836
1623520915403000,0,5639.27332172,0.2836
1623520920307000,0,2800.00000000,0.2834
1623520920307000,0,403.00000000,0.2835
1623520920307000,0,3000.00000000,0.2835
1623520920307000,0,288.26145637,0.2836
1623520920307000,0,26844.97266526,0.2836
1623520932938000,1,9000.00000000,0.2827
1623520944049000,1,10075.44465000,0.2825
1623520951889000,0,2097.35242000,0.2827
1623520952108000,0,0.00000105,0.2827
1623521004456000,0,176.20414379,0.2823
1623521018905000,0,228.60000000,0.2822
1623521072912000,0,1997.78661055,0.2826
1623521072912000,0,4994.39768945,0.2826
1623521073217000,0,0.00009864,0.2826
1623521073892000,0,400.00000000,0.2828
1623521073933000,0,1597.73411935,0.2828
1623521073933000,0,4993.94987683,0.2828
1623521085731000,1,9004.19888000,0.2825
1623521085799000,1,1093.15354000,0.2825
1623521085841000,1,228.60000000,0.2825
1623521095908000,0,354.70000000,0.2817
1623521099616000,0,2800.00000000,0.2817
1623521113299000,1,7800.00000000,0.2816
1623521160339000,0,1405.95043670,0.2813
1623521187307000,0,1461.10022000,0.2817
1623521187411000,0,0.00000373,0.2817
1623521187411000,0,1461.39090016,0.2817
1623521187411000,0,1461.11039611,0.2817
1623521187640000,0,1461.11042000,0.2817
1623521188666000,0,1461.39090016,0.2820
1623521188666000,0,1460.59174984,0.2820
1623521494278000,0,1850.53567164,0.2842
1623521494907000,0,3854.57254451,0.2842
1623521495340000,0,1851.03149758,0.2844
1623521496452000,0,228.60000000,0.2845
1623521496506000,0,1331.26027508,0.2845
1623521496519000,0,1850.53567164,0.2845
1623521496519000,0,1023.20592836,0.2845
1623521497700000,1,400.00000000,0.2845
1623521498050000,1,2400.00000000,0.2846
1623521498128000,1,400.00000000,0.2846
1623521524916000,1,14500.00000000,0.2841
1623521524919000,1,58.00000000,0.2841
1623521524919000,1,170.60000000,0.2841
1623521525487000,1,2799.99990000,0.2840
1623521600387000,1,655.50000000,0.2830
1623521628324000,0,1153.45200316,0.2843
1623521628324000,0,1152.64101684,0.2843
1623521630889000,1,354.83264300,0.2838
1623521718535000,1,1000.00000000,0.2835
1623521718774000,1,13589.00000000,0.2835
1623521795660000,0,1286.36049000,0.2838
1623521795745000,0,0.00000613,0.2838
1623521795984000,0,3217.31356000,0.2838
1623521869411000,0,2800.00000000,0.2835
1623521880370000,0,2474.34537286,0.2838
1623522064420000,0,1398.21707000,0.2835
1623522070186000,0,7306.14692000,0.2835
1623522082478000,0,0.00000608,0.2835
1623522082478000,0,7305.15556392,0.2835
1623522121328000,0,1179.86813000,0.2836
1623522240331000,0,296.48575804,0.2829
1623522415139000,1,1274.60832000,0.2821
1623522496041000,0,2634.98117000,0.2827
1623522578856000,1,3540.39949000,0.2823
1623522600320000,1,1038.05637556,0.2822
1623522603645000,0,228.60000000,0.2826
1623522614536000,0,5000.00000000,0.2826
1623522615269000,0,176.05509800,0.2829
1623522620973000,0,1586.36177000,0.2837
1623522621231000,0,1230.91800000,0.2837
1623522685627000,1,14598.00000000,0.2833
1623522705494000,1,3531.14825879,0.2831
1623522706020000,1,1500.00000000,0.2830
1623522706091000,1,1000.00000000,0.2830
1623522739920000,1,1180.00000000,0.2828
1623522796523000,0,2800.00000000,0.2823
1623522814985000,0,2321.28312000,0.2829
1623522815146000,0,0.00000238,0.2829
1623522815146000,0,5842.86401762,0.2829
1623522815174000,0,0.00000765,0.2829
1623522861462000,1,228.60000000,0.2825
1623523080291000,0,407.39459117,0.2829
1623523265636000,0,233.24454674,0.2824
1623523291494000,0,2341.18814000,0.2821
1623523354557000,1,7336.03396000,0.2820
1623523392526000,0,2158.55209000,0.2817
1623523411107000,0,1357.33420000,0.2821
1623523411116000,0,0.00001934,0.2821
1623523411214000,0,1357.19730000,0.2822
1623523411242000,0,0.00000310,0.2822
1623523487300000,0,1812.82473000,0.2816
1623523534836000,0,228.60000000,0.2819
1623523570306000,1,228.60000000,0.2811
1623523570499000,1,14488.40000000,0.2811
1623523615755000,0,228.60000000,0.2813
1623523618471000,0,503.64451390,0.2815
1623523718620000,0,1367.74184000,0.2812
1623523718690000,0,0.00000795,0.2812
1623523718781000,0,3419.33262000,0.2812
1623523718831000,0,0.00000680,0.2812
1623523718882000,0,8890.13221249,0.2812
1623523720311000,0,2800.00000000,0.2817
1623523787328000,0,1409.42543000,0.2812
1623523787528000,0,0.00000836,0.2812
1623523787528000,0,3523.80054270,0.2813
1623523787528000,0,9018.50284894,0.2813
1623523800342000,0,2800.00000000,0.2813
1623523800342000,0,7363.49597706,0.2813
1623523800342000,0,1094.81086135,0.2814
1623523800342000,0,9379.48728680,0.2814
1623523847370000,1,228.60000000,0.2808
1623523862628000,0,2800.00000000,0.2805
1623523862984000,0,1044.66584300,0.2805
1623523862984000,0,1107.45852474,0.2805
1623523896901000,0,2800.00000000,0.2806
1623523920388000,1,2516.57035752,0.2802
1623523940221000,0,228.60000000,0.2808
1623523977919000,1,598.61923956,0.2806
1623523997487000,1,228.60000000,0.2804
1623524091260000,0,517.12252000,0.2804
1623524091355000,0,0.00000894,0.2804
1623524091355000,0,1293.01472106,0.2804
1623524091423000,0,0.00001059,0.2804
1623524188166000,0,697.06209025,0.2800
1623524188166000,0,1742.65521975,0.2800
1623524188579000,1,2800.00000000,0.2798
1623524188579000,1,2603.64263803,0.2797
1623524188614000,1,2957.00000000,0.2797
1623524188614000,1,1917.63948480,0.2797
1623524321017000,0,1776.63978859,0.2800
1623524378164000,1,1500.00000000,0.2796
1623524378355000,1,3579.06746000,0.2796
1623524388203000,0,2800.00000000,0.2796
1623524388315000,0,1287.64060000,0.2797
1623524518334000,0,228.60000000,0.2797
1623524520292000,0,360.45865793,0.2799
1623524531292000,0,376.94327407,0.2796
1623524547063000,1,5777.34959759,0.2790
1623524547205000,1,228.60000000,0.2790
1623524547720000,1,4946.03060000,0.2790
1623524547727000,1,329.53940000,0.2790
1623524551376000,1,10900.00000000,0.2785
1623524601841000,0,228.60000000,0.2786
1623524602091000,0,1404.89476641,0.2786
1623524602091000,0,4083.76742650,0.2786
1623524635119000,0,1451.95088000,0.2786
1623524635140000,0,0.00000551,0.2786
1623524635206000,0,1451.86678000,0.2787
1623524635251000,0,0.00000491,0.2787
1623524712612000,0,1439.96886000,0.2786
1623524712663000,0,0.00000287,0.2786
1623524712720000,0,1440.19621000,0.2786
1623524957951000,0,2800.00000000,0.2793
1623524958108000,0,1150.27930009,0.2793
1623524958108000,0,2586.06079991,0.2793
1623524958282000,0,289.63166674,0.2793
1623524958381000,0,1150.85604000,0.2794
1623524958450000,0,0.00000639,0.2794
1623524958716000,0,1150.27930009,0.2796
1623524958716000,0,1360.08919991,0.2796
1623524958743000,0,2964.00000000,0.2797
1623524959151000,0,2800.00000000,0.2800
1623524959151000,0,1150.52573640,0.2800
1623524959151000,0,1150.27930009,0.2800
1623524959151000,0,75.69245351,0.2800
1623524959428000,0,1574.02825000,0.2800
1623524959508000,0,1150.27930000,0.2800
1623524959632000,0,75.69246314,0.2800
1623524959918000,0,1051.32732166,0.2802
1623524959918000,0,1150.27930009,0.2802
1623524959918000,0,598.39337825,0.2802
1623524965853000,0,2800.00000000,0.2804
1623524966221000,0,2800.00000000,0.2808
1623524974892000,1,3569.56729705,0.2800
1623524974892000,1,8924.10535295,0.2800
1623525027177000,0,727.52150000,0.2798
1623525027203000,0,0.00000653,0.2798
1623525027453000,0,727.16358781,0.2800
1623525027453000,0,727.48508753,0.2800
1623525027453000,0,1503.35132466,0.2800
1623525027695000,0,4726.52259000,0.2801
1623525089577000,1,185.00000000,0.2797
1623525095635000,1,3488.00000000,0.2799
1623525184709000,1,228.60000000,0.2792
1623525240284000,1,242.68708674,0.2790
1623525384129000,0,912.67320000,0.2787
1623525451110000,1,7290.13435000,0.2790
1623525451453000,1,1500.00000000,0.2790
1623525455856000,1,3540.24656846,0.2790
1623525637860000,0,228.60000000,0.2782
1623525637875000,0,5340.40000000,0.2782
1623525638003000,0,3597.04466810,0.2782
1623525638003000,0,2749.16073190,0.2782
1623525638037000,0,6243.58377537,0.2782
1623525638387000,0,5564.00000000,0.2783
1623525720348000,1,1162.32395138,0.2781
1623525794903000,1,3589.34968000,0.2780
1623525805485000,0,3497.46120850,0.2783
1623525805488000,0,3497.71255318,0.2783
1623525960362000,1,7414.81538000,0.2791
1623525964623000,1,5113.99353875,0.2790
1623526062142000,0,1798.08169759,0.2797
1623526390707000,0,178.31351100,0.2789
1623526656622000,1,2883.64903000,0.2782
1623526712006000,0,178.65309900,0.2784
1623526781031000,1,228.60000000,0.2774
1623527047208000,0,228.60000000,0.2779
1623527098101000,1,228.60000000,0.2779
1623527111061000,0,356.96660000,0.2783
1623527111192000,0,4643.03340000,0.2783
1623527204985000,1,14875.00000000,0.2782
1623527205368000,1,9385.16968000,0.2780
1623527732604000,0,228.60000000,0.2772
1623527760305000,0,683.61935042,0.2772
1623528194594000,1,9500.00000000,0.2781
1623528240267000,0,348.97190337,0.2786
1623528240414000,0,5402.80719388,0.2786
1623528382579000,0,353.60352233,0.2794
1623528404008000,0,353.60350000,0.2793
1623528431456000,0,7422.02615000,0.2791
1623528499843000,1,228.60000000,0.2792
1623528648149000,0,228.60000000,0.2793
1623528648361000,0,7186.68295894,0.2793
1623528720308000,0,2616.95764189,0.2793
1623528762741000,0,1484.90527000,0.2799
1623528762804000,0,0.00000651,0.2799
1623528763525000,0,1151.55577626,0.2801
1623528763525000,0,2878.88342374,0.2801
1623528780004000,1,228.60000000,0.2800
1623528819656000,1,7593.61437000,0.2794
1623528819730000,1,1585.38563000,0.2794
1623528867395000,1,8603.00000000,0.2790
1623528901170000,1,228.60000000,0.2785
1623529179828000,1,7311.61437000,0.2787
1623529325491000,0,7428.30301000,0.2787
1623529354724000,0,0.00000742,0.2787
1623529410735000,0,7423.37598000,0.2789
1623529757547000,0,2800.00000000,0.2783
1623529823478000,1,268.93472700,0.2784
1623529957670000,1,14822.00000000,0.2792
1623530064729000,0,1592.35097718,0.2798
1623530064729000,0,1592.35097718,0.2798
1623530064729000,0,371.87026566,0.2798
1623530064872000,0,2800.00000000,0.2798
1623530317912000,1,44931.83330445,0.2765
1623530318776000,1,14963.00000000,0.2764
1623530327348000,0,1872.16660000,0.2765
1623530360239000,0,1894.82821000,0.2763
1623530367942000,0,1168.09242000,0.2764
1623530368062000,0,0.00000115,0.2764
1623530368062000,0,2959.77933885,0.2764
1623530368249000,0,0.00000493,0.2764
1623530368249000,0,1168.15439507,0.2764
1623530368270000,0,228.60000000,0.2764
1623530368284000,0,5190.10565103,0.2764
1623530368306000,0,1108.42094095,0.2764
1623530410479000,0,810.06135000,0.2770
1623530416350000,1,228.60000000,0.2770
1623530435859000,0,2800.00000000,0.2776
1623530435991000,0,400.00000000,0.2776
1623530436063000,0,391.49113245,0.2776
1623530436063000,0,1979.74469548,0.2776
1623530436063000,0,5146.12381842,0.2776
1623530503959000,0,434.97980000,0.2776
1623530504127000,0,2365.02020000,0.2777
1623530582052000,0,301.91003897,0.2772
1623530582052000,0,754.77508103,0.2772
1623530688283000,1,3614.04852000,0.2765
1623530688438000,1,0.00000944,0.2765
1623530688438000,1,14955.00000000,0.2765
1623530688438000,1,9034.40299056,0.2765
1623530688455000,1,0.00001609,0.2765
1623530763289000,0,228.60000000,0.2771
1623530784397000,0,2073.02817347,0.2777
1623530784397000,0,829.38098653,0.2777
1623530789005000,1,14898.00000000,0.2777
1623530826660000,1,80.00000000,0.2775
1623530836289000,0,101.55013050,0.2778
1623530989383000,1,228.60000000,0.2777
1623531130595000,1,6616.31384000,0.2780
1623531131949000,1,16410.65869973,0.2780
1623531132388000,1,334.91140204,0.2780
1623531188417000,1,1029.18158817,0.2775
1623531253765000,1,5391.00000000,0.2778
1623531253765000,1,2800.00000000,0.2778
1623531253765000,1,1591.79572527,0.2778
1623531262848000,0,461.19109000,0.2780
1623531371441000,1,321.76838903,0.2777
1623531421969000,1,3121.76830000,0.2776
1623531659199000,0,370.62567538,0.2773
1623531722860000,0,2193.93361000,0.2765
1623531723783000,0,2193.93361786,0.2766
1623531723783000,0,806.06638214,0.2767
1623531909665000,0,7480.55993000,0.2768
1623531909797000,0,0.00000050,0.2768
1623531909797000,0,370.62559950,0.2768
1623531913539000,0,7480.98643000,0.2768
1623531913693000,0,0.00000357,0.2768
1623531913789000,0,2990.00000000,0.2769
1623531917868000,0,228.60000000,0.2772
1623531918424000,0,1512.41100000,0.2772
1623531951554000,1,228.60000000,0.2776
1623532080798000,0,7463.14537000,0.2774
1623532081056000,0,2352.27397489,0.2775
1623532274511000,0,2316.23964000,0.2776
1623532275352000,0,2316.35482966,0.2778
1623532275352000,0,2316.23963034,0.2778
1623532296063000,0,1946.00009000,0.2785
1623532296153000,0,0.00000825,0.2785
1623532296153000,0,4865.22125175,0.2785
1623532296198000,0,0.00001734,0.2785
1623532296198000,0,11199.99998266,0.2785
1623532328043000,0,1282.89087273,0.2794
1623532328043000,0,3208.30043727,0.2794
1623532328815000,0,1282.93679000,0.2795
1623532332678000,0,2448.80844000,0.2798
1623532338372000,0,0.00000528,0.2798
1623532338573000,0,687.75097000,0.2801
1623532338667000,0,0.00000784,0.2801
1623532338667000,0,687.99585514,0.2801
1623532338667000,0,1719.98961702,0.2801
1623532339249000,0,688.77248475,0.2805
1623532339249000,0,1541.53451525,0.2805
1623532344041000,1,2800.00000000,0.2806
1623532347819000,1,2800.00000000,0.2806
1623532347819000,1,2948.00000000,0.2806
1623532360379000,0,469.22182000,0.2800
1623532360464000,0,0.00000992,0.2800
1623532360464000,0,469.16150008,0.2801
1623532554364000,0,313.60239242,0.2801
1623532723921000,0,228.60000000,0.2797
1623532741105000,1,3575.15690000,0.2795
1623532741266000,1,0.00004939,0.2795
1623532741266000,1,2024.84295061,0.2794
1623533004050000,1,342.43720000,0.2779
1623533004559000,1,364.50000000,0.2779
1623533160345000,0,355.28803163,0.2787
1623533310498000,1,387.86750446,0.2779
1623533526590000,1,2971.00000000,0.2784
1623533599994000,0,1874.55460685,0.2767
1623533599994000,0,4686.56291315,0.2767
1623533942294000,0,2424.50500106,0.2761
1623533942294000,0,6061.02820071,0.2762
1623534053726000,0,1303.46895509,0.2762
1623534053726000,0,3258.65488165,0.2762
1623534053726000,0,8472.36399326,0.2762
1623534166855000,0,1010.93915064,0.2760
1623534166855000,0,2527.21966936,0.2760
1623534200740000,0,1280.76357766,0.2757
1623534200740000,0,3201.90048234,0.2757
1623534206508000,0,11000.00000000,0.2762
1623534212152000,0,2149.30890611,0.2769
1623534212152000,0,859.72356244,0.2769
1623534212152000,0,859.61765145,0.2769
1623534240324000,1,159.40249882,0.2770
1623534240686000,1,11000.00000000,0.2771
1623534279014000,0,1342.61395000,0.2765
1623534279229000,0,0.00000553,0.2765
