timestamp ms,type,amount,price
1627171289397000,1,500.00000000,0.2266
1627171289447000,1,3910.99992892,0.2266
1627171290962000,1,718.68786529,0.2263
1627171291496000,1,18881.31213471,0.2263
1627172170577000,1,4408.78291000,0.2267
1627172400288000,0,218.65019944,0.2268
1627172441402000,1,4410.14397000,0.2266
1627172541361000,1,4413.68666000,0.2263
1627172662531000,1,1500.00000000,0.2264
1627172759649000,1,3271.80035000,0.2264
1627172888844000,1,1500.00000000,0.2246
1627172934389000,1,2500.00000000,0.2246
1627172938997000,1,4450.10238000,0.2245
1627172961474000,1,1549.89762000,0.2245
1627172969068000,0,1600.23109110,0.2244
1627172969188000,0,218.65010000,0.2244
1627173046226000,1,1000.00000000,0.2251
1627173098669000,0,280.74229660,0.2242
1627173101336000,0,1601.30396470,0.2240
1627173123592000,1,1500.00000000,0.2240
1627173138277000,1,4466.40093745,0.2237
1627173167254000,1,500.00000000,0.2237
1627173167412000,1,3965.56323296,0.2237
1627173167412000,1,0.00000001,0.2237
1627173175494000,1,4471.79369415,0.2233
1627173211270000,0,281.33547920,0.2233
1627173221160000,0,281.36361560,0.2232
1627173223425000,0,1882.04610000,0.2232
1627173223543000,0,7349.84330000,0.2232
1627173264762000,0,0.00000805,0.2232
1627173314374000,0,9491.01074000,0.2237
1627173385171000,1,4469.23550000,0.2235
1627173426962000,1,4473.15392341,0.2234
1627173426962000,1,5548.62131659,0.2234
1627173438902000,1,4476.95895000,0.2232
1627173438949000,1,0.00000401,0.2232
1627173438949000,1,5023.04104599,0.2232
1627173557802000,1,4477.68063676,0.2230
1627173559573000,0,752.14565187,0.2230
1627173619774000,1,5432.00000000,0.2228
1627173775397000,0,264.60000000,0.2224
1627173818886000,0,752.14560000,0.2220
1627173819367000,1,4460.61400000,0.2218
1627173819367000,1,2698.74013932,0.2218
1627173831619000,1,4000.00000000,0.2217
1627173860820000,0,130.60000000,0.2217
1627173863280000,1,90.35186631,0.2214
1627173863280000,1,90.35173369,0.2214
1627173863292000,1,0.00013262,0.2214
1627173863292000,1,4507.63248738,0.2213
1627173863319000,1,0.00014160,0.2213
1627173863391000,1,126.03763000,0.2213
1627173863430000,1,0.00000345,0.2213
1627173863430000,1,2010.40399655,0.2213
1627173863432000,1,4507.63250000,0.2213
1627173863509000,1,4538.44938335,0.2213
1627173863520000,1,215.23472571,0.2213
1627173863567000,1,215.23472000,0.2213
1627173864073000,1,11216.92738945,0.2212
1627173902070000,1,4517.04086000,0.2212
1627173913735000,1,452.00000000,0.2210
1627173914639000,1,4524.02983000,0.2208
1627173916261000,1,4524.02983146,0.2207
1627173916538000,1,4524.02983000,0.2206
1627173916689000,1,0.00000146,0.2206
1627173916689000,1,1561.96467854,0.2206
1627173999256000,1,500.00000000,0.2199
1627173999360000,1,697.94713173,0.2199
1627174055147000,1,500.00000000,0.2196
1627174055302000,1,4549.05402933,0.2195
1627174055302000,1,3395.69278191,0.2195
1627174055306000,1,1154.06655839,0.2195
1627174055354000,1,4549.50934451,0.2194
1627174055354000,1,827.59465549,0.2188
1627174082369000,1,4556.35002000,0.2192
1627174097151000,1,9500.00000000,0.2191
1627174097207000,1,3000.00000000,0.2191
1627174128043000,0,9684.30832000,0.2193
1627174136415000,1,4554.06915000,0.2193
1627174167510000,1,4547.15255000,0.2197
1627174167611000,1,0.00000002,0.2197
1627174167611000,1,4526.73659998,0.2197
1627174167705000,1,6840.20651000,0.2197
1627174172494000,1,4550.29762000,0.2195
1627174172600000,1,0.00000145,0.2195
1627174172600000,1,10499.99999855,0.2195
1627174172668000,1,881.64004000,0.2195
1627174172747000,1,0.00001025,0.2195
1627174273925000,0,9662.16460000,0.2198
1627174440238000,0,2752.53842317,0.2207
1627174512479000,1,11338.38269309,0.2201
1627174512479000,1,3661.61730691,0.2201
1627174543152000,0,9655.78724000,0.2200
1627174555902000,1,4000.00000000,0.2200
1627174555995000,1,4542.27801000,0.2200
1627174572715000,0,500.00000000,0.2204
1627174618006000,1,4523.70237000,0.2209
1627174618104000,1,0.00000990,0.2209
1627174624447000,1,4527.63492000,0.2207
1627174812064000,1,4000.00010000,0.2200
1627174857115000,1,3000.00000000,0.2193
1627175288000000,0,9598.49712381,0.2213
1627175345500000,1,4513.08594000,0.2214
1627175345741000,1,2037.60354000,0.2213
1627175494420000,0,9612.45046000,0.2210
1627175494506000,0,0.00000413,0.2210
1627175494506000,0,820.24616794,0.2210
1627175494506000,0,19225.84390968,0.2210
1627175494506000,0,11953.90991825,0.2210
1627175757235000,1,4534.81979803,0.2202
1627175757235000,1,4535.80858197,0.2202
1627175840987000,1,4524.88824000,0.2208
1627175841151000,1,0.00000760,0.2208
1627175841151000,1,23016.93383240,0.2208
1627175986969000,1,4532.02471309,0.2205
1627175986969000,1,11330.16088827,0.2204
1627176022773000,0,9625.48509000,0.2206
1627176022808000,0,0.00000961,0.2206
1627176022947000,0,19253.42511000,0.2207
1627176022979000,0,0.00000653,0.2207
1627176023196000,0,4533.14253000,0.2207
1627176023235000,0,0.00000416,0.2207
1627176034982000,1,4525.62546000,0.2208
1627176043462000,1,4530.62988000,0.2205
1627176096941000,1,4539.39120000,0.2201
1627176096988000,1,0.00008370,0.2201
1627176096988000,1,11345.27764163,0.2200
1627176096988000,1,4537.99027467,0.2200
1627176097081000,1,0.00020394,0.2200
1627176145615000,0,9652.46590000,0.2200
1627176194320000,1,4543.80534000,0.2200
1627176218792000,0,4546.98083078,0.2201
1627176228485000,1,4543.84509000,0.2199
1627176268534000,1,4537.33157000,0.2203
1627176343603000,1,4537.29040022,0.2203
1627176343787000,1,4000.00000000,0.2202
1627176388892000,0,9661.52096000,0.2198
1627176389257000,0,0.00000567,0.2198
1627176389257000,0,11499.99999433,0.2198
1627176407475000,1,4548.22800000,0.2197
1627176541500000,0,9657.16987000,0.2199
1627176546352000,0,0.00000536,0.2199
1627176546352000,0,9652.60433464,0.2200
1627176546584000,0,0.00000728,0.2200
1627176546994000,0,8138.88156000,0.2203
1627176555387000,1,4531.36897000,0.2205
1627176557047000,1,4531.36897000,0.2203
1627176557276000,1,0.00000719,0.2203
1627176557276000,1,4531.08008281,0.2203
1627176578935000,1,4533.62880000,0.2204
1627176682843000,1,4558.59495211,0.2192
1627176683367000,1,4558.59495211,0.2191
1627176683367000,1,11400.94855892,0.2191
1627176685077000,0,3000.00000000,0.2190
1627176685135000,0,9699.78066624,0.2190
1627176768073000,0,9672.55345000,0.2196
1627176771939000,0,9669.45959000,0.2196
1627176820143000,1,4551.33151000,0.2196
1627176823526000,1,4552.57637484,0.2195
1627176873488000,1,4537.78455000,0.2202
1627177120731000,1,4542.64790000,0.2199
1627177140095000,1,4000.00000000,0.2198
1627177320600000,1,4551.33313000,0.2195
1627177320701000,1,0.00000558,0.2195
1627177320701000,1,3999.99999442,0.2195
1627177321414000,1,4551.99611000,0.2195
1627177321610000,1,0.00000201,0.2195
1627177321610000,1,11380.18935799,0.2195
1627177431158000,1,4500.00000000,0.2196
1627177440538000,1,3741.15320091,0.2194
1627177440539000,1,813.82869675,0.2194
1627177532831000,1,4549.92495000,0.2195
1627177691427000,0,9688.74366000,0.2192
1627177800231000,1,1500.00000000,0.2190
1627177811920000,0,0.00000122,0.2192
1627177857823000,1,4542.89554403,0.2198
1627177857823000,1,4542.89707597,0.2198
1627177857968000,1,4254.43448000,0.2197
1627177944685000,1,4568.25784560,0.2188
1627177964827000,0,9706.51453000,0.2188
1627178014894000,0,249.31899936,0.2191
1627178106200000,1,91.51726473,0.2185
1627178160976000,1,4572.60279000,0.2185
1627178215832000,1,4573.77400535,0.2185
1627178215988000,1,500.00000000,0.2184
1627178216000000,1,2060.13774000,0.2184
1627178216027000,1,2014.22209406,0.2184
1627178216103000,1,23285.13476431,0.2184
1627178216118000,1,6450.05826953,0.2184
1627178223662000,1,4587.74914614,0.2178
1627178247714000,1,4592.04692183,0.2176
1627178255520000,0,9766.33136000,0.2175
1627178257443000,0,0.00000958,0.2175
1627178257443000,0,9760.80075042,0.2176
1627178336417000,0,0.00001594,0.2176
1627178450084000,0,9744.00696000,0.2180
1627178450997000,0,0.00000875,0.2180
1627178450997000,0,40499.99999125,0.2181
1627178451188000,0,4586.10020000,0.2182
1627178505049000,1,10271.13908000,0.2186
1627178505102000,1,12000.00000000,0.2186
1627178530721000,1,4571.59938000,0.2185
1627178530840000,1,0.00000321,0.2185
1627178530840000,1,4571.30679679,0.2185
1627178532127000,1,4571.30680353,0.2182
1627178532127000,1,11445.83829320,0.2182
1627178533561000,1,4000.00000000,0.2180
1627178533611000,1,4571.30680353,0.2180
1627178533611000,1,6268.64192647,0.2180
1627178533658000,1,5177.19636000,0.2180
1627178571190000,0,9738.29002000,0.2182
1627178571360000,0,0.00000988,0.2182
1627178628023000,1,4582.02936000,0.2181
1627178652056000,1,4585.18080000,0.2179
1627178652210000,1,0.00000875,0.2179
1627178652210000,1,3999.99999125,0.2179
1627178697686000,1,4000.00010000,0.2173
1627178710083000,0,5606.11650000,0.2171
1627178721772000,0,9779.11188000,0.2173
1627178762258000,0,8000.00000000,0.2180
1627178762603000,1,4000.00000000,0.2180
1627178792914000,1,4581.52553000,0.2181
1627178793018000,1,0.00000738,0.2181
1627178793018000,1,5197.58634262,0.2181
1627178847074000,1,2500.00000000,0.2180
1627178886277000,1,4574.23245000,0.2184
1627178886383000,1,0.00000054,0.2184
1627178942670000,1,4578.29527032,0.2182
1627179080976000,1,4558.34390000,0.2192
1627179080999000,1,0.00000700,0.2192
1627179081122000,1,4000.00000000,0.2191
1627179081139000,1,7395.95944862,0.2191
1627179081397000,1,4558.34390700,0.2191
1627179119368000,1,4000.00000000,0.2184
1627179119615000,1,4000.00000000,0.2184
1627179136515000,1,3500.00000000,0.2182
1627179136601000,1,1077.71030000,0.2182
1627179150086000,1,4576.95602000,0.2183
1627179171170000,1,4000.00000000,0.2182
1627179171170000,1,4580.09862000,0.2182
1627179171245000,1,0.00000386,0.2182
1627179171396000,1,11447.09610000,0.2181
1627179171671000,1,2184.97764000,0.2181
1627179171844000,1,2000.00000000,0.2181
1627179171924000,1,395.54050000,0.2181
1627179255923000,1,4572.35190000,0.2185
1627179354011000,1,4557.55613000,0.2191
1627179380641000,1,6370.09197000,0.2190
1627179380701000,1,6526.74920000,0.2190
1627179380721000,1,11000.00000000,0.2190
1627179380770000,1,350.01521396,0.2190
1627179411964000,1,4558.01147000,0.2192
1627179412098000,1,0.00000235,0.2192
1627179412098000,1,8091.97331765,0.2192
1627179789793000,1,4545.87093000,0.2198
1627180216651000,1,4000.00000000,0.2199
1627180282738000,0,500.00000000,0.2203
1627180282827000,0,4542.10970870,0.2203
1627180282827000,0,11257.50182964,0.2203
1627180282871000,0,98.84810527,0.2203
1627180282972000,0,16000.00000000,0.2204
1627180283070000,0,13525.35590000,0.2204
1627180308987000,1,4000.00000000,0.2204
1627180532558000,0,116.94486545,0.2204
1627180533571000,1,4539.30885945,0.2202
1627180533577000,1,0.00000001,0.2202
1627180586269000,0,116.94480000,0.2202
1627180905222000,0,450.80988000,0.2207
1627180961905000,0,18045.87093000,0.2204
1627181188771000,0,450.80980000,0.2200
1627181364576000,1,4000.00000000,0.2206
1627181464771000,0,9624.09160000,0.2207
1627181640256000,0,533.48377537,0.2208
1627181679958000,0,9620.12090000,0.2208
1627181722032000,1,4000.00000000,0.2213
1627181722133000,1,4513.69707000,0.2213
1627181737033000,1,4000.00000000,0.2213
1627181737125000,1,4000.00000000,0.2213
1627181737247000,1,514.55166924,0.2213
1627181737247000,1,3485.44833076,0.2213
1627181737301000,1,6730.51543000,0.2213
1627181737356000,1,1074.38795628,0.2213
1627181774836000,0,490.26113442,0.2216
1627182307886000,0,9576.00966000,0.2218
1627182552455000,1,4508.65002000,0.2216
1627182963794000,1,4517.93881000,0.2211
1627182963877000,1,0.00000649,0.2211
1627182963877000,1,11294.53429351,0.2210
1627182965896000,0,4524.55591000,0.2212
1627183055026000,1,4525.87125000,0.2208
1627183100148000,1,4523.12945000,0.2209
1627183191072000,0,9602.02228000,0.2212
1627183193729000,1,4519.73447000,0.2210
1627183314112000,1,4524.88961000,0.2208
1627183348382000,1,4524.02983000,0.2208
1627183645691000,0,9611.99270000,0.2210
1627183645708000,0,0.00000165,0.2210
1627184065034000,1,4521.28888000,0.2210
1627184177837000,1,4520.34873000,0.2210
1627184458081000,1,4519.97962000,0.2211
1627184613078000,1,11318.15794000,0.2207
1627184613125000,1,0.00000716,0.2207
1627184613125000,1,4527.34794284,0.2207
1627184613141000,1,0.00000753,0.2207
1627184613147000,1,16000.00000000,0.2206
1627184686878000,0,9635.42120000,0.2204
1627184686953000,0,16000.00000000,0.2205
1627184696904000,1,4528.78321000,0.2206
1627184967829000,0,9660.36314000,0.2199
1627184968085000,0,4548.30678795,0.2200
1627184968085000,0,0.00000001,0.2200
1627184969403000,0,3000.00000000,0.2207
1627184991403000,1,4531.24434000,0.2205
1627184991490000,1,0.00000923,0.2205
1627184991490000,1,15999.99999077,0.2205
1627185163587000,1,4523.98889000,0.2209
1627185292190000,1,4532.31228000,0.2205
1627185292587000,1,4532.31228000,0.2204
1627185329198000,0,9650.74322000,0.2201
1627185329393000,0,0.00000239,0.2201
1627185329393000,0,2999.99989761,0.2202
1627185367533000,1,4550.62893000,0.2196
1627185371830000,1,5436.08367000,0.2193
1627185814269000,1,1000.00000000,0.2203
1627186233124000,1,4524.64393000,0.2208
1627186381836000,1,1000.00000000,0.2208
1627186708743000,1,2000.00000000,0.2206
1627186883394000,0,14800.00000000,0.2213
1627186883733000,1,500.00000000,0.2214
1627186883733000,1,4000.00000000,0.2214
1627186890262000,1,4510.35701000,0.2215
1627186890326000,1,0.00000115,0.2215
1627186890326000,1,11278.63644885,0.2215
1627186890340000,1,0.00000912,0.2215
1627186897072000,1,4510.39893321,0.2215
1627186897072000,1,11275.58429679,0.2215
1627186899075000,1,4510.39893321,0.2213
1627186899075000,1,2489.60106679,0.2213
1627186899125000,1,3000.00000000,0.2213
1627186899149000,1,3999.99990000,0.2213
1627186899259000,1,1000.00000000,0.2213
1627187011576000,1,4000.00000000,0.2216
1627187011703000,1,4508.77199000,0.2216
1627187287824000,1,4520.83786000,0.2210
1627187287968000,1,0.00000751,0.2210
1627187287968000,1,3999.99999249,0.2210
1627187355746000,1,2500.00000000,0.2211
1627187373171000,0,3174.81074607,0.2213
1627187473577000,1,2000.00000000,0.2213
1627187632865000,1,4502.72196000,0.2219
1627187661330000,1,4000.00000000,0.2220
1627187676591000,1,4368.04757000,0.2223
1627187676684000,1,126.78106564,0.2223
1627187676684000,1,698.40833436,0.2223
1627187676809000,1,5500.00000000,0.2223
1627187778696000,1,4000.00000000,0.2221
1627187778813000,1,4499.56131000,0.2221
1627187778912000,1,0.00000158,0.2221
1627187779052000,1,500.00000000,0.2220
1627187818290000,1,2000.43869000,0.2224
1627187818483000,1,4000.00000000,0.2224
1627187890206000,1,500.00000000,0.2223
1627187920450000,1,4492.00187000,0.2224
1627187920532000,1,0.00000718,0.2224
1627187920532000,1,500.00009282,0.2224
1627188003548000,1,1007.99813000,0.2225
1627188125027000,1,5000.00000000,0.2225
1627188153219000,1,4486.31875000,0.2225
1627188155294000,1,4000.00000000,0.2225
1627188171324000,1,4000.00000000,0.2228
1627188171407000,1,4486.68108000,0.2227
1627188171466000,1,0.00000062,0.2227
1627188171514000,1,4527.00017000,0.2227
1627188239106000,1,2000.00000000,0.2226
1627188239175000,1,2486.96292755,0.2226
1627188239175000,1,5513.03717245,0.2226
1627189090907000,0,4496.27132523,0.2226
1627189090907000,0,11240.60085477,0.2226
1627189091112000,0,0.00000894,0.2226
1627189091112000,0,29223.75642106,0.2227
1627189091125000,0,0.00001777,0.2227
1627189120256000,1,3960.62861000,0.2227
1627189124714000,1,4000.00000000,0.2227
1627189187818000,1,4000.00000000,0.2227
1627189235156000,1,9000.00000000,0.2228
1627189235219000,1,517.58769220,0.2228
1627189235219000,1,4485.71490780,0.2227
1627189418569000,1,4500.00000000,0.2232
1627189418638000,1,5000.74210000,0.2232
1627189418644000,1,1956.58410000,0.2231
1627189461808000,1,5000.00000000,0.2232
1627189461935000,1,4499.31831000,0.2232
1627189463646000,1,0.00000776,0.2232
1627189463646000,1,4478.96324224,0.2231
1627189486202000,1,11200.11468917,0.2230
1627189486282000,1,4479.92736067,0.2230
1627189486282000,1,14720.07263933,0.2230
1627189633694000,1,11121.60376000,0.2228
1627189633772000,1,92.07513406,0.2228
1627189633772000,1,4484.74936937,0.2228
1627189681732000,1,4000.00000000,0.2227
1627190135402000,1,4500.57385968,0.2220
1627190135403000,1,0.00000001,0.2220
1627190135403000,1,4500.57385969,0.2219
1627190278683000,1,4498.75160000,0.2221
1627190617238000,0,23800.00000000,0.2225
1627190685355000,1,4507.43065596,0.2216
1627190685355000,1,11271.41567404,0.2216
1627190692145000,1,4513.77857000,0.2212
1627190712177000,1,4512.67736000,0.2214
1627191132741000,1,14200.00000000,0.2213
1627191989560000,1,4505.88707097,0.2217
1627191989560000,1,8994.11292903,0.2217
1627192025985000,0,9576.14772000,0.2217
1627192042406000,0,0.00000450,0.2217
1627192080312000,1,159.17690305,0.2215
1627192095540000,1,1500.00000000,0.2214
1627192095869000,1,16300.00000000,0.2214
1627192100984000,0,7627.90614000,0.2214
1627192101057000,0,1961.63714000,0.2214
1627192206398000,1,4507.42944000,0.2217
1627192206518000,1,4507.47008000,0.2216
1627192478236000,1,4505.19686000,0.2218
1627192478330000,1,0.00000201,0.2218
1627192478433000,1,10441.54076000,0.2218
1627192617831000,0,3959.18638000,0.2214
1627192617947000,0,0.00000659,0.2214
1627193141032000,1,15000.00000000,0.2229
1627193533922000,1,6000.00000000,0.2229
1627193826289000,0,7040.81362000,0.2228
1627194069070000,1,4467.39861000,0.2236
1627194069428000,1,1532.60139000,0.2236
1627194217495000,1,88848.93000000,0.2227
1627194217495000,1,4486.15774453,0.2227
1627194217495000,1,11213.37711036,0.2227
1627194217495000,1,4487.40590143,0.2226
1627194217495000,1,4000.00000000,0.2226
1627194217495000,1,9519.07073231,0.2226
1627194217560000,0,57500.00000000,0.2226
1627194217565000,0,2230.30700000,0.2226
1627194217623000,0,13000.00000000,0.2226
1627194217712000,0,500.00000000,0.2226
1627194217720000,0,21000.00000000,0.2226
1627194217744000,0,16000.00000000,0.2226
1627194217861000,0,19520.99740223,0.2226
1627194235737000,1,4478.16095000,0.2230
1627194235822000,1,0.00000073,0.2230
1627194235822000,1,3999.99999927,0.2230
1627194235869000,1,476.67743961,0.2230
1627194235944000,1,4478.16095000,0.2230
1627194257022000,1,4476.63828000,0.2232
1627194257069000,1,0.00000079,0.2232
1627194257069000,1,11191.09009921,0.2232
1627194259926000,1,4476.63828000,0.2230
1627194279925000,1,8000.00000000,0.2228
1627194280237000,1,4481.05060000,0.2228
1627194292651000,1,4485.63453000,0.2227
1627194292705000,1,0.00000051,0.2227
1627194292705000,1,11214.28250949,0.2227
1627194363239000,1,4483.01930000,0.2229
1627194739720000,1,4000.00000000,0.2231
1627194903400000,1,3500.00000000,0.2231
1627194981340000,1,500.00000000,0.2232
1627195166747000,1,2758.64707000,0.2227
1627195361352000,1,1500.00000000,0.2226
1627195932690000,1,500.00000000,0.2230
1627196228040000,1,2500.00000000,0.2231
1627196778838000,1,1000.00000000,0.2235
1627196796916000,1,1000.00010000,0.2233
1627196797020000,1,3474.15360000,0.2233
1627197044909000,0,4000.00000000,0.2238
1627197046346000,0,4000.00000000,0.2238
1627197046346000,0,3000.00000000,0.2238
1627197061385000,0,4000.00000000,0.2238
1627197061385000,0,8016.31748614,0.2239
1627197061868000,0,8016.31748614,0.2239
1627197069326000,1,4467.95750000,0.2237
1627197103932000,1,3000.00000000,0.2237
1627197103932000,1,1467.43853000,0.2237
1627197110179000,1,4467.55828000,0.2237
1627197115961000,1,4000.00000000,0.2237
1627197173343000,1,4000.00000000,0.2236
1627197255229000,0,9486.89142000,0.2238
1627197255343000,0,4000.00000000,0.2239
1627197312872000,1,4459.46942000,0.2240
1627197312976000,1,0.00000929,0.2240
1627197313098000,1,4459.82742000,0.2240
1627197366967000,1,4466.20062000,0.2236
1627197369090000,0,3000.00000000,0.2237
1627197369157000,0,9491.01897000,0.2237
1627197372634000,0,0.00000627,0.2237
1627197392717000,1,3000.00000000,0.2237
1627197393039000,1,4464.72584000,0.2237
1627197408405000,0,450.40680691,0.2239
1627197421376000,1,8224.73278000,0.2239
1627197487705000,1,1500.00000000,0.2240
1627197663856000,1,1316.70216328,0.2238
1627197724534000,1,1500.00000000,0.2238
1627197724599000,1,500.00000000,0.2238
1627197724894000,1,866.29530000,0.2237
1627197901266000,1,4472.63373000,0.2233
1627197909873000,1,4475.91693000,0.2233
1627197929818000,1,4474.71520000,0.2233
1627197935850000,1,4476.11728000,0.2232
1627198025968000,1,600.61686000,0.2233
1627198080267000,0,1439.67932407,0.2236
1627198274896000,1,1000.00000000,0.2239
1627198274945000,1,1000.00000000,0.2239
1627198549129000,1,2000.00000000,0.2242
1627198865678000,1,8888.00000000,0.2242
1627199431511000,1,2000.00000000,0.2243
1627199857550000,0,1439.67930000,0.2244
1627200211827000,0,9451.55271294,0.2247
1627200211827000,0,615.53491396,0.2247
1627200211827000,0,18290.49293195,0.2247
1627200211827000,0,7975.88642183,0.2248
1627200212698000,0,21500.00000000,0.2249
1627200212755000,0,1700.00000000,0.2249
1627200310795000,1,4439.74876000,0.2251
1627200310954000,1,0.00000549,0.2251
1627200311005000,1,500.00000000,0.2250
1627200311007000,1,10598.08935294,0.2250
1627200311049000,1,1000.00000000,0.2250
1627200311253000,1,16000.00000000,0.2250
1627200311259000,1,12861.35206810,0.2250
1627200311509000,0,3000.00000000,0.2252
1627200311509000,0,4000.00000000,0.2252
1627200311509000,0,15.00621559,0.2252
1627200335778000,1,4000.00000000,0.2251
1627200412317000,0,199.81787506,0.2252
1627200469934000,0,199.81780000,0.2251
1627200469968000,1,4440.06476000,0.2251
1627200679134000,1,4446.14515000,0.2248
1627200801036000,1,4000.00000000,0.2249
1627200801036000,1,3000.00000000,0.2249
1627200871105000,1,4442.23442000,0.2250
1627201056181000,1,4000.00000000,0.2248
1627201056437000,1,442.98443000,0.2248
1627201057289000,1,4190.91533000,0.2247
1627201058695000,1,8966.39287401,0.2247
1627201059198000,1,9079.66752697,0.2247
1627201084358000,1,9450.59920030,0.2247
1627201084504000,1,1645.42506872,0.2247
1627201213484000,1,6141.05324150,0.2243
1627201623771000,1,1608.18934000,0.2245
1627201624897000,1,0.00000806,0.2245
1627201626414000,1,246.41797900,0.2243
1627201645294000,1,7000.00000000,0.2243
1627201665054000,1,1641.58202100,0.2243
1627201666012000,1,8888.00000000,0.2243
1627201811745000,0,210.69757489,0.2243
1627201900382000,1,3000.00000000,0.2241
1627201903754000,1,5888.00000000,0.2241
1627202776860000,1,8888.00000000,0.2234
1627202806401000,1,9412.05262921,0.2227
1627202833447000,1,4495.63580000,0.2223
1627202833482000,1,0.00003657,0.2223
1627202833520000,1,2939.69333296,0.2222
1627202833615000,1,8286.07024348,0.2222
1627202833819000,1,1695.37836254,0.2218
1627202989896000,0,210.69750000,0.2224
1627202989932000,0,9341.94347146,0.2224
1627203165606000,0,3000.00000000,0.2228
1627203165652000,0,3000.00000000,0.2228
1627203165652000,0,5766.88189874,0.2228
1627203165654000,0,3767.01825186,0.2228
1627203165654000,0,1500.00000000,0.2228
1627203201948000,1,3000.00000000,0.2227
1627203388307000,0,1326.71844835,0.2232
1627203840273000,0,3000.00000000,0.2233
1627203840273000,0,298.18116863,0.2233
1627204341462000,0,298.18110000,0.2227
1627204529049000,1,1906.00000000,0.2224
1627204592379000,0,1910.00000000,0.2223
1627204592467000,0,500.00000000,0.2223
1627204592490000,0,13400.00000000,0.2224
1627204623087000,1,3000.00000000,0.2228
1627204738074000,1,4486.23824000,0.2227
1627204738122000,1,0.00000982,0.2227
1627204738136000,1,11215.79183490,0.2227
1627204738266000,1,500.00000000,0.2227
1627204738298000,1,4000.00000000,0.2227
1627204738453000,1,4486.23824981,0.2227
1627204738466000,1,0.00000001,0.2227
1627204970241000,0,1907.00000000,0.2226
1627204970326000,0,9540.87598000,0.2226
1627205179660000,0,1903.00000000,0.2231
1627205179766000,0,4000.00000000,0.2232
1627205670957000,0,4486.65418000,0.2230
1627205803397000,0,4000.00000000,0.2227
1627205885893000,0,9540.97677000,0.2226
1627205885984000,0,1906.00000000,0.2226
1627205886027000,0,2094.00000000,0.2226
1627205905955000,0,1905.00000000,0.2228
1627205905955000,0,2586.92192000,0.2228
1627206017702000,0,1902.00000000,0.2232
1627206017964000,0,4481.92561000,0.2233
1627206410800000,1,482.22372975,0.2228
1627207145015000,0,4000.00000000,0.2230
1627207186607000,0,3000.00000000,0.2229
1627207186607000,0,1000.00000000,0.2229
1627207186607000,0,3000.00000000,0.2229
1627208005872000,0,500.00000000,0.2239
1627208359132000,0,1117.52679289,0.2236
1627209937468000,1,3500.00000000,0.2219
1627209937834000,1,5388.00000000,0.2219
1627210182694000,1,3000.00000000,0.2210
1627210182694000,1,2399.51547971,0.2210
1627210440264000,0,211.91576411,0.2214
1627210518965000,0,2219.85408481,0.2214
1627210525441000,1,199.81787506,0.2212
1627210907992000,0,3514.00000000,0.2213
1627210908164000,0,2021.96980000,0.2213
1627210908228000,0,2498.90627961,0.2213
1627210908353000,0,500.00000000,0.2214
1627210908471000,0,4019.77878587,0.2214
1627210908471000,0,11299.32971413,0.2214
1627210908522000,0,0.00014634,0.2214
1627210947644000,1,3000.00000000,0.2216
1627210947644000,1,2376.23455138,0.2216
1627210947655000,1,1623.76544862,0.2216
1627211270718000,0,3368.25843100,0.2214
1627212029602000,1,1428.50378278,0.2212
1627212103685000,0,153.00000000,0.2212
1627212176134000,1,2060.24520000,0.2207
1627212176252000,1,2465.75030000,0.2207
1627212177281000,1,500.00000000,0.2205
1627212178674000,1,5555.00000000,0.2203
1627212178878000,0,4000.00000000,0.2204
1627212186764000,0,283.15061970,0.2204
1627212189463000,0,1615.04060980,0.2203
1627212578938000,1,3700.00000000,0.2200
1627212579255000,1,1520.79279685,0.2199
1627212803522000,0,317.70000000,0.2207
1627212946194000,0,96.50000000,0.2202
1627213210396000,1,175.54803065,0.2206
1627213320231000,0,422.24708946,0.2207
1627213929502000,1,7500.00000000,0.2202
1627214426281000,1,5000.00000000,0.2193
1627214443105000,0,283.91256260,0.2192
1627214445560000,0,1619.38659590,0.2191
1627214772112000,0,4944.04960000,0.2190
1627214772222000,0,16089.22324000,0.2190
1627214772441000,0,8966.72716000,0.2190
1627215179753000,0,450.87187300,0.2195
1627215620466000,1,346.38393688,0.2195
1627216562101000,1,346.38390000,0.2197
1627216694123000,0,1500.00000000,0.2198
1627216849621000,0,9680.18000000,0.2195
1627217337867000,1,3000.00000000,0.2190
1627217337867000,1,1563.04473000,0.2190
1627217947020000,1,1585.30378778,0.2184
1627218010286000,0,9412.05000000,0.2190
1627218025611000,0,0.00262921,0.2190
1627218307273000,0,1939.00000000,0.2190
1627218368823000,0,1938.00000000,0.2190
1627218754956000,0,3000.00000000,0.2187
1627218872810000,1,5000.00000000,0.2183
1627218872955000,1,4579.46930000,0.2182
1627218875173000,1,4580.68796671,0.2179
1627218875173000,1,4517.29832280,0.2179
1627218883598000,0,18414.11000000,0.2185
1627218961019000,0,4000.00000000,0.2190
1627218961019000,0,904.84841566,0.2190
1627219163966000,1,112.43689767,0.2179
1627219169356000,1,2.29463056,0.2179
1627219369692000,1,98.29596530,0.2179
1627219444101000,1,2.00604011,0.2179
1627219487515000,1,5000.00000000,0.2173
1627219499385000,1,459.62000000,0.2172
1627219526729000,0,4000.00000000,0.2173
1627219526814000,0,1549.00000000,0.2173
1627219528833000,1,3920.00000000,0.2172
1627219550882000,1,0.00246777,0.2172
1627219550882000,1,3919.99753223,0.2172
1627219723365000,1,3536.90000000,0.2163
1627219723385000,1,1463.10000000,0.2163
1627219723673000,1,122.00000000,0.2162
1627219839716000,0,1955.00000000,0.2173
1627219965732000,1,735.68243000,0.2165
1627219971090000,0,1630.25172770,0.2162
1627219972690000,1,92.56790782,0.2161
1627219972690000,1,92.56790782,0.2161
1627219973149000,1,1150.00000000,0.2160
1627219973149000,1,462.00000000,0.2160
1627220043460000,0,1630.25160000,0.2164
1627220166841000,0,469.12841804,0.2172
1627220250296000,0,229.62849907,0.2172
1627220771634000,1,383.01900000,0.2171
1627220805587000,1,4000.00000000,0.2170
1627220805587000,1,3000.00000000,0.2170
1627220805587000,1,1828.82664323,0.2170
1627221471747000,1,95.00000000,0.2179
1627221509721000,1,4590.65558000,0.2177
1627221604409000,1,125.56700000,0.2170
1627221616745000,1,0.00007682,0.2170
1627221713824000,1,4605.36830000,0.2170
1627221713881000,1,0.00000808,0.2170
1627221734231000,1,4352.45200000,0.2168
1627221734282000,1,255.08070429,0.2168
1627221734282000,1,11516.91604629,0.2168
1627221734282000,1,137404.77436224,0.2168
1627221734313000,1,16000.00000000,0.2168
1627221734639000,1,56732.25000000,0.2168
1627221778568000,0,9787.88094454,0.2169
1627221778568000,0,2744.24238111,0.2169
1627221807356000,1,0.00563776,0.2168
1627221840793000,1,9791.00000000,0.2166
1627221840793000,1,3000.00000000,0.2166
1627221841025000,1,3512.97612000,0.2166
1627221908020000,1,1251.96327245,0.2168
1627222011380000,0,3920.00000000,0.2167
1627222041539000,0,285.68308500,0.2165
1627222196084000,0,286.06812750,0.2160
1627222198473000,0,1631.68155380,0.2159
1627222255997000,1,4000.00000000,0.2167
1627222273444000,1,3000.00000000,0.2166
1627222346417000,1,4620.09455000,0.2163
1627222385587000,0,491.75110000,0.2161
1627222455747000,0,1964.00000000,0.2161
1627222617782000,1,2093.00000000,0.2166
1627222618053000,1,4613.06121000,0.2166
1627222728397000,0,843.25000000,0.2162
1627222729995000,0,1922.76000000,0.2162
1627222805797000,0,3000.00000000,0.2160
1627222806030000,0,307.01640000,0.2163
1627222807281000,0,255740.83000000,0.2166
1627222807402000,0,1611.54400000,0.2166
1627222958326000,1,7956.35000000,0.2156
1627222958435000,1,3626.73313874,0.2156
1627222958600000,1,10367.39000000,0.2155
1627222959701000,1,0.00523870,0.2155
1627222959701000,1,632.91476130,0.2154
1627223007782000,1,3000.00000000,0.2157
1627223151975000,1,289.69000000,0.2158
1627223157872000,1,337.09105339,0.2158
1627223300320000,1,500.00000000,0.2158
1627223344530000,1,637.84424000,0.2157
1627223344766000,1,29471.01135047,0.2157
1627223344766000,1,26010.83619371,0.2155
1627223428788000,0,311.21600000,0.2159
1627223646059000,0,4000.00000000,0.2162
1627223646059000,0,3000.00000000,0.2163
1627223646059000,0,4626.46041559,0.2163
1627223646059000,0,725.73165377,0.2163
1627223730893000,1,5025.00000000,0.2161
1627223744573000,1,4000.00000000,0.2162
1627223760987000,1,4888.00000000,0.2160
1627223839956000,1,4000.00000000,0.2159
1627223987363000,1,2536.00000000,0.2157
1627223987449000,1,3000.00000000,0.2157
1627223987449000,1,1000.00000000,0.2157
1627223987504000,1,8829.10550149,0.2157
1627223987605000,0,999.99999851,0.2157
1627224000287000,1,2007.27872961,0.2157
1627224021422000,0,9500.00000000,0.2159
1627224021536000,0,2090.31571334,0.2159
1627224021536000,0,3687.78978666,0.2159
1627224021541000,0,948.22932204,0.2159
1627224021541000,0,9826.82275851,0.2160
1627224094496000,1,4695.00000000,0.2159
1627224263627000,1,4552.00000000,0.2161
1627224313853000,1,4046.00000000,0.2157
1627224835144000,0,91.99140202,0.2163
1627224887736000,1,1879.19290014,0.2162
1627224916165000,0,3932.98451296,0.2163
1627224959397000,0,3932.98450000,0.2164
1627224959588000,0,4626.10720000,0.2164
1627225021264000,0,4612.96866000,0.2170
1627225021389000,0,0.00000609,0.2170
1627225081875000,1,7672.04468248,0.2167
1627225114891000,0,500.00000000,0.2169
1627225197565000,0,4602.39325000,0.2174
1627225199707000,1,9748.00000000,0.2174
1627225223819000,0,459.55560000,0.2174
1627225283870000,1,674.36191000,0.2179
1627225283954000,1,500.00000000,0.2179
1627225283968000,1,3803.63809000,0.2179
1627225289676000,1,935.40164000,0.2177
1627225289727000,1,0.00000424,0.2177
1627225289727000,1,1064.59835576,0.2177
1627225561031000,1,1500.00000000,0.2179
1627225875470000,0,3000.00000000,0.2181
1627225946826000,0,135.80000000,0.2181
1627226048995000,0,3684.19000000,0.2182
1627226049071000,0,135.80000000,0.2182
1627226052303000,0,4000.00000000,0.2182
1627226056230000,0,9728.52000000,0.2182
1627226065191000,0,9728.61000000,0.2182
1627226065198000,0,0.00744675,0.2182
1627226065198000,0,2500.00000000,0.2182
1627226065234000,0,787.91000000,0.2182
1627226117703000,0,4584.66079997,0.2183
1627226117746000,0,9728.13286278,0.2182
1627226117837000,0,4000.00000000,0.2183
1627226117945000,0,584.66070000,0.2183
1627226118046000,0,0.00009997,0.2183
1627226118235000,0,4000.00000000,0.2183
1627226118238000,0,7462.10627665,0.2183
1627226224900000,1,4000.00000000,0.2178
1627226470866000,0,8037.89373000,0.2173
1627226470927000,0,1730.67178000,0.2173
1627226591096000,0,4602.87875000,0.2175
1627226602000000,0,9754.94610000,0.2177
1627226683230000,0,9778.97083000,0.2171
1627226702471000,0,0.00000851,0.2171
1627226702471000,0,9777.98606149,0.2171
1627226956018000,0,4606.82782000,0.2172
1627226958060000,0,0.00000211,0.2172
1627227080356000,0,4618.39405000,0.2167
1627227080434000,0,0.00000853,0.2167
1627227185511000,0,5018.71931429,0.2165
1627227240235000,1,155.08771175,0.2165
1627227542111000,0,4607.74030000,0.2172
1627227542192000,0,0.00000806,0.2172
1627227542192000,0,9776.83519194,0.2172
1627227542192000,0,0.00004646,0.2172
1627227542489000,0,11511.96908000,0.2174
1627227542646000,0,0.00000648,0.2174
1627227542646000,0,4607.74029352,0.2174
1627227573673000,1,4000.00000000,0.2173
1627227604006000,1,3000.00000000,0.2172
1627227604006000,1,6761.58490000,0.2172
1627227604095000,1,3000.00000793,0.2172
1627227604379000,0,19522.19196000,0.2171
1627227948152000,0,136.60000000,0.2180
1627227989535000,1,500.00000000,0.2183
1627228015384000,0,25632.81000000,0.2188
1627228367255000,1,4576.41141000,0.2184
1627228367372000,1,0.00000691,0.2184
1627228367372000,1,363.39999309,0.2183
1627228610779000,1,4592.67761391,0.2174
1627228610779000,1,4592.08909675,0.2174
1627228611070000,1,1500.00000000,0.2174
1627228611124000,1,28357.12940935,0.2174
1627228611330000,0,4000.00000000,0.2174
1627228612374000,0,4000.00000000,0.2174
1627228612488000,0,500.00000000,0.2175
1627228765955000,0,9747.25000000,0.2178
1627228766054000,0,0.00196916,0.2178
1627228855953000,0,2000.00000000,0.2170
1627228855953000,0,4000.00000000,0.2170
1627228895031000,1,4734.00424706,0.2166
1627229038377000,1,3000.00000000,0.2174
1627229109174000,0,9784.93470000,0.2170
1627229109285000,0,2215.06330000,0.2171
1627229331905000,0,2760.23000000,0.2168
1627229332178000,0,2760.23000000,0.2168
1627229759805000,1,1949.00000000,0.2175
1627230594331000,1,926.76258700,0.2168
1627230596308000,1,3000.00000000,0.2168
1627230596364000,1,926.76250000,0.2168
1627230596440000,1,1955.00000000,0.2168
1627230720286000,0,3000.00000000,0.2171
1627230720286000,0,4000.00000000,0.2172
1627230720286000,0,38602.32327341,0.2172
1627230767557000,0,1835.50059952,0.2168
1627230965913000,1,1952.00000000,0.2172
1627231318883000,0,1500.00000000,0.2164
1627231318967000,0,5835.50050000,0.2164
1627231423101000,1,4619.96648565,0.2163
1627231423101000,1,2999.99999435,0.2163
1627231481479000,1,4620.26304747,0.2163
1627231481479000,1,4021.44424253,0.2162
1627231531888000,0,4627.95600000,0.2162
1627231632243000,0,4000.00000000,0.2160
1627232433927000,0,3000.00000000,0.2169
1627232441055000,1,11529.02547000,0.2167
1627232441113000,1,0.00000453,0.2167
1627232441113000,1,4611.52951378,0.2166
1627232441113000,1,11388.47048169,0.2166
1627232548657000,0,9797.26000000,0.2167
1627232548748000,0,0.00628064,0.2167
1627232548748000,0,3999.99371936,0.2167
1627232640236000,1,1867.64604565,0.2165
1627232979442000,0,1500.00000000,0.2169
1627232983208000,0,4000.00000000,0.2169
1627233402057000,0,5500.00010000,0.2172
1627233738719000,0,4598.07000000,0.2177
1627233738739000,0,0.00961532,0.2177
1627234760616000,0,200.00000000,0.2179
1627235080623000,0,216.86555932,0.2179
1627235097567000,0,216.86550000,0.2179
1627235097711000,0,9526.24457708,0.2179
1627235119453000,0,4588.46148000,0.2181
1627235894651000,0,1661.97995780,0.2180
1627235964671000,0,9731.39278845,0.2181
1627235964671000,0,4000.00000000,0.2181
1627235964671000,0,3587.19620011,0.2182
1627235964836000,0,1661.97990000,0.2181
1627235964854000,0,3587.19620000,0.2181
1627235964989000,0,4000.00000000,0.2181
1627236058176000,1,387.98165000,0.2180
1627236442653000,0,1500.00000000,0.2182
1627236442653000,0,2500.00000000,0.2182
1627236442709000,0,2500.00000000,0.2182
1627236720166000,0,389.40000000,0.2182
1627236838357000,1,770.45402000,0.2180
1627237068451000,0,225.86562715,0.2183
1627237556369000,0,2716.97309047,0.2185
1627237556449000,0,3115.26560000,0.2185
1627237556534000,0,2716.97300000,0.2185
1627237922334000,0,9737.03033756,0.2180
1627238299544000,1,212.44012230,0.2182
1627238356013000,0,2280.28676800,0.2183
1627238675410000,0,9733.27000000,0.2180
1627238880229000,1,1075.46939055,0.2176
1627239412292000,1,4595.84576938,0.2174
1627239412292000,1,9751.04731081,0.2174
1627239412292000,1,11490.13227440,0.2174
1627239412369000,1,1287.90940000,0.2174
1627239412427000,1,16000.00000000,0.2174
1627239412476000,1,500.00000000,0.2174
1627239412547000,1,2001.18284916,0.2174
1627239412551000,1,2594.66292022,0.2174
1627239412857000,1,4533.65812506,0.2173
1627239503323000,0,9774.07209000,0.2172
1627239600759000,0,500.00000000,0.2176
1627241565628000,0,98.08177779,0.2181
1627241566890000,1,3000.00000000,0.2181
1627241823260000,0,2.00166893,0.2181
1627241823260000,0,11456.01349060,0.2184
1627241823260000,0,4582.06944584,0.2184
1627241823417000,0,4582.40539624,0.2184
1627241823438000,0,29783.45000000,0.2185
1627241823536000,0,0.00139799,0.2185
1627242291079000,1,1661.97995780,0.2185
1627242310832000,1,4571.43219000,0.2185
1627242310912000,1,0.00000024,0.2185
1627242310912000,1,1661.97989976,0.2184
1627242395446000,0,228.37726086,0.2184
1627242487458000,1,4587.45449000,0.2178
1627242487519000,1,0.00000572,0.2178
1627242487567000,1,4585.60327000,0.2177
1627242487769000,1,0.00000365,0.2177
1627242487769000,1,633.25229635,0.2177
1627242487815000,1,3954.20219000,0.2177
1627242684019000,0,2968.86008721,0.2178
1627242813338000,0,500.00000000,0.2178
1627242813362000,0,228.37710000,0.2178
1627242960249000,1,142.63678665,0.2179
1627243203829000,1,142.63670000,0.2175
1627243207122000,0,4000.00000000,0.2177
1627243337278000,0,4000.00000000,0.2176
1627243407285000,1,4604.60488895,0.2170
1627243428099000,0,2000.00000000,0.2168
1627243428099000,0,2336.98352811,0.2169
1627243800233000,1,500.00000000,0.2174
1627244254438000,0,500.00000000,0.2188
1627244254574000,0,4573.34833723,0.2189
1627244254574000,0,4576.33666277,0.2189
1627244278040000,1,4000.00000000,0.2196
1627244331420000,1,3000.00000000,0.2198
1627244331482000,1,4546.86309000,0.2198
1627244331492000,1,0.00000104,0.2198
1627244331492000,1,3000.00000000,0.2198
1627244331688000,1,1930.00000000,0.2197
1627244331884000,1,4545.04447000,0.2197
1627244402621000,1,4540.17446000,0.2201
1627244402711000,1,0.00000328,0.2201
1627244402711000,1,999.99999672,0.2201
1627244562361000,1,11356.10004270,0.2199
1627244562361000,1,4542.36054730,0.2199
1627244562510000,0,394.58349990,0.2201
1627244562685000,1,0.00000381,0.2199
1627244568610000,1,4550.38044000,0.2196
1627244577792000,1,7534.87476000,0.2193
1627244640262000,1,637.75419610,0.2190
1627244923089000,0,2326.85267043,0.2194
1627245092700000,0,394.58330000,0.2198
1627245092712000,0,4158.44256126,0.2198
1627245360258000,1,1217.89462628,0.2194
1627245571879000,0,4551.49238000,0.2198
1627245572265000,0,4550.85437000,0.2199
1627245572317000,0,0.00000507,0.2199
1627245642614000,0,209.28149695,0.2202
1627245978092000,1,1217.89460000,0.2194
1627246180565000,1,4000.00000000,0.2194
1627246180565000,1,1500.00000000,0.2193
1627246180565000,1,4554.06751438,0.2193
1627246180565000,1,2298.12455498,0.2193
1627246560227000,1,200.77845888,0.2193
1627246906522000,1,4200.77840000,0.2192
1627247137571000,0,431.29698407,0.2192
1627247828755000,0,11350.08000000,0.2191
1627247841232000,0,4000.00000000,0.2194
1627247841855000,0,3000.00000000,0.2195
1627248109640000,0,8888.00000000,0.2199
1627248185235000,0,627.19236350,0.2205
1627248428639000,1,4536.91837532,0.2202
1627248428651000,1,0.00000001,0.2202
1627249009482000,1,500.00000000,0.2200
1627249080864000,0,1500.00000000,0.2198
1627249080864000,0,497.61979711,0.2198
1627249193527000,1,1000.00000000,0.2197
1627249193720000,0,500.00000000,0.2197
1627249712632000,1,4549.42655000,0.2196
1627249712725000,1,0.00000316,0.2196
1627249712725000,1,3000.00000000,0.2196
1627249712725000,1,1549.96634684,0.2196
1627249840378000,1,3115.82422000,0.2196
1627250549788000,1,163.76528338,0.2200
1627250560985000,1,0.00000001,0.2200
1627252301161000,0,20200.00000000,0.2199
1627252780699000,1,4547.31797170,0.2197
1627252780699000,1,1499.99999830,0.2197
1627252780912000,1,1737.46491000,0.2197
1627252780958000,1,3000.00000000,0.2197
1627253045039000,1,4557.09920015,0.2192
1627253045039000,1,1942.90079985,0.2192
1627254190075000,0,1103.23856275,0.2205
1627254190100000,0,1103.23856275,0.2205
1627254247518000,0,568.52287450,0.2205
1627254247917000,1,4500.00000000,0.2206
1627254361799000,0,5000.00000000,0.2209
1627254645217000,0,6500.00000000,0.2208
1627254663697000,0,6500.00000000,0.2208
1627254911221000,0,223.03233403,0.2203
1627255501806000,0,4522.67400283,0.2213
1627255680213000,1,354.72123259,0.2212
1627255695473000,0,3000.00000000,0.2216
1627255695473000,0,936.40054127,0.2216
1627255736098000,0,133.32430969,0.2217
1627255867931000,1,133.32430969,0.2214
1627256151306000,0,4000.00180000,0.2217
1627256151473000,0,4000.00180000,0.2217
1627256151609000,0,1576.00484778,0.2217
1627256151609000,0,19152.01689555,0.2218
1627256301757000,1,4504.58802000,0.2218
1627256402303000,1,3000.00000000,0.2220
1627256402382000,1,4000.00180000,0.2220
1627256460651000,1,4501.42475000,0.2220
1627256535945000,0,507.30000000,0.2223
1627256548870000,1,4500.45232000,0.2220
1627256581291000,1,4505.68404000,0.2218
1627256581869000,1,4505.68404000,0.2217
1627256668068000,1,4498.79207000,0.2221
1627256793695000,1,3900.00000000,0.2220
1627256820756000,1,3000.00000000,0.2220
1627256820825000,1,1500.81693906,0.2220
1627257159187000,1,3900.00000000,0.2218
1627257247187000,1,4000.00000000,0.2218
1627257247293000,1,504.38512214,0.2218
