timestamp ms,type,amount,price
1627171289397000,1,500.00000000,0.2266
1627171289447000,1,3910.99992892,0.2266
1627171290962000,1,718.68786529,0.2263
1627171291496000,1,18881.31213471,0.2263
1627172170577000,1,4408.78291000,0.2267
1627172400288000,0,218.65019944,0.2268
1627172441402000,1,4410.14397000,0.2266
1627172541361000,1,4413.68666000,0.2263
1627172662531000,1,1500.00000000,0.2264
1627172759649000,1,3271.80035000,0.2264
1627172888844000,1,1500.00000000,0.2246
1627172934389000,1,2500.00000000,0.2246
1627172938997000,1,4450.10238000,0.2245
1627172961474000,1,1549.89762000,0.2245
1627172969068000,0,1600.23109110,0.2244
1627172969188000,0,218.65010000,0.2244
1627173046226000,1,1000.00000000,0.2251
1627173098669000,0,280.74229660,0.2242
1627173101336000,0,1601.30396470,0.2240
1627173123592000,1,1500.00000000,0.2240
1627173138277000,1,4466.40093745,0.2237
1627173167254000,1,500.00000000,0.2237
1627173167412000,1,3965.56323296,0.2237
1627173167412000,1,0.00000001,0.2237
1627173175494000,1,4471.79369415,0.2233
1627173211270000,0,281.33547920,0.2233
1627173221160000,0,281.36361560,0.2232
1627173223425000,0,1882.04610000,0.2232
1627173223543000,0,7349.84330000,0.2232
1627173264762000,0,0.00000805,0.2232
1627173314374000,0,9491.01074000,0.2237
1627173385171000,1,4469.23550000,0.2235
1627173426962000,1,4473.15392341,0.2234
1627173426962000,1,5548.62131659,0.2234
1627173438902000,1,4476.95895000,0.2232
1627173438949000,1,0.00000401,0.2232
1627173438949000,1,5023.04104599,0.2232
1627173557802000,1,4477.68063676,0.2230
1627173559573000,0,752.14565187,0.2230
1627173619774000,1,5432.00000000,0.2228
1627173775397000,0,264.60000000,0.2224
1627173818886000,0,752.14560000,0.2220
1627173819367000,1,4460.61400000,0.2218
1627173819367000,1,2698.74013932,0.2218
1627173831619000,1,4000.00000000,0.2217
1627173860820000,0,130.60000000,0.2217
1627173863280000,1,90.35186631,0.2214
1627173863280000,1,90.35173369,0.2214
1627173863292000,1,0.00013262,0.2214
1627173863292000,1,4507.63248738,0.2213
1627173863319000,1,0.00014160,0.2213
1627173863391000,1,126.03763000,0.2213
1627173863430000,1,0.00000345,0.2213
1627173863430000,1,2010.40399655,0.2213
1627173863432000,1,4507.63250000,0.2213
1627173863509000,1,4538.44938335,0.2213
1627173863520000,1,215.23472571,0.2213
1627173863567000,1,215.23472000,0.2213
1627173864073000,1,11216.92738945,0.2212
1627173902070000,1,4517.04086000,0.2212
1627173913735000,1,452.00000000,0.2210
1627173914639000,1,4524.02983000,0.2208
1627173916261000,1,4524.02983146,0.2207
1627173916538000,1,4524.02983000,0.2206
1627173916689000,1,0.00000146,0.2206
1627173916689000,1,1561.96467854,0.2206
1627173999256000,1,500.00000000,0.2199
1627173999360000,1,697.94713173,0.2199
1627174055147000,1,500.00000000,0.2196
1627174055302000,1,4549.05402933,0.2195
1627174055302000,1,3395.69278191,0.2195
1627174055306000,1,1154.06655839,0.2195
1627174055354000,1,4549.50934451,0.2194
1627174055354000,1,827.59465549,0.2188
1627174082369000,1,4556.35002000,0.2192
1627174097151000,1,9500.00000000,0.2191
1627174097207000,1,3000.00000000,0.2191
1627174128043000,0,9684.30832000,0.2193
1627174136415000,1,4554.06915000,0.2193
1627174167510000,1,4547.15255000,0.2197
1627174167611000,1,0.00000002,0.2197
1627174167611000,1,4526.73659998,0.2197
1627174167705000,1,6840.20651000,0.2197
1627174172494000,1,4550.29762000,0.2195
1627174172600000,1,0.00000145,0.2195
1627174172600000,1,10499.99999855,0.2195
1627174172668000,1,881.64004000,0.2195
1627174172747000,1,0.00001025,0.2195
1627174273925000,0,9662.16460000,0.2198
1627174440238000,0,2752.53842317,0.2207
1627174512479000,1,11338.38269309,0.2201
1627174512479000,1,3661.61730691,0.2201
1627174543152000,0,9655.78724000,0.2200
1627174555902000,1,4000.00000000,0.2200
1627174555995000,1,4542.27801000,0.2200
1627174572715000,0,500.00000000,0.2204
1627174618006000,1,4523.70237000,0.2209
1627174618104000,1,0.00000990,0.2209
1627174624447000,1,4527.63492000,0.2207
1627174812064000,1,4000.00010000,0.2200
1627174857115000,1,3000.00000000,0.2193
1627175288000000,0,9598.49712381,0.2213
1627175345500000,1,4513.08594000,0.2214
1627175345741000,1,2037.60354000,0.2213
1627175494420000,0,9612.45046000,0.2210
1627175494506000,0,0.00000413,0.2210
1627175494506000,0,820.24616794,0.2210
1627175494506000,0,19225.84390968,0.2210
1627175494506000,0,11953.90991825,0.2210
1627175757235000,1,4534.81979803,0.2202
1627175757235000,1,4535.80858197,0.2202
1627175840987000,1,4524.88824000,0.2208
1627175841151000,1,0.00000760,0.2208
1627175841151000,1,23016.93383240,0.2208
1627175986969000,1,4532.02471309,0.2205
1627175986969000,1,11330.16088827,0.2204
1627176022773000,0,9625.48509000,0.2206
1627176022808000,0,0.00000961,0.2206
1627176022947000,0,19253.42511000,0.2207
1627176022979000,0,0.00000653,0.2207
1627176023196000,0,4533.14253000,0.2207
1627176023235000,0,0.00000416,0.2207
1627176034982000,1,4525.62546000,0.2208
1627176043462000,1,4530.62988000,0.2205
1627176096941000,1,4539.39120000,0.2201
1627176096988000,1,0.00008370,0.2201
1627176096988000,1,11345.27764163,0.2200
1627176096988000,1,4537.99027467,0.2200
1627176097081000,1,0.00020394,0.2200
1627176145615000,0,9652.46590000,0.2200
1627176194320000,1,4543.80534000,0.2200
1627176218792000,0,4546.98083078,0.2201
1627176228485000,1,4543.84509000,0.2199
1627176268534000,1,4537.33157000,0.2203
1627176343603000,1,4537.29040022,0.2203
1627176343787000,1,4000.00000000,0.2202
1627176388892000,0,9661.52096000,0.2198
1627176389257000,0,0.00000567,0.2198
1627176389257000,0,11499.99999433,0.2198
1627176407475000,1,4548.22800000,0.2197
1627176541500000,0,9657.16987000,0.2199
1627176546352000,0,0.00000536,0.2199
1627176546352000,0,9652.60433464,0.2200
1627176546584000,0,0.00000728,0.2200
1627176546994000,0,8138.88156000,0.2203
1627176555387000,1,4531.36897000,0.2205
1627176557047000,1,4531.36897000,0.2203
1627176557276000,1,0.00000719,0.2203
1627176557276000,1,4531.08008281,0.2203
1627176578935000,1,4533.62880000,0.2204
1627176682843000,1,4558.59495211,0.2192
1627176683367000,1,4558.59495211,0.2191
1627176683367000,1,11400.94855892,0.2191
1627176685077000,0,3000.00000000,0.2190
1627176685135000,0,9699.78066624,0.2190
1627176768073000,0,9672.55345000,0.2196
1627176771939000,0,9669.45959000,0.2196
1627176820143000,1,4551.33151000,0.2196
1627176823526000,1,4552.57637484,0.2195
1627176873488000,1,4537.78455000,0.2202
1627177120731000,1,4542.64790000,0.2199
1627177140095000,1,4000.00000000,0.2198
1627177320600000,1,4551.33313000,0.2195
1627177320701000,1,0.00000558,0.2195
1627177320701000,1,3999.99999442,0.2195
1627177321414000,1,4551.99611000,0.2195
1627177321610000,1,0.00000201,0.2195
1627177321610000,1,11380.18935799,0.2195
1627177431158000,1,4500.00000000,0.2196
1627177440538000,1,3741.15320091,0.2194
1627177440539000,1,813.82869675,0.2194
1627177532831000,1,4549.92495000,0.2195
1627177691427000,0,9688.74366000,0.2192
1627177800231000,1,1500.00000000,0.2190
1627177811920000,0,0.00000122,0.2192
1627177857823000,1,4542.89554403,0.2198
1627177857823000,1,4542.89707597,0.2198
1627177857968000,1,4254.43448000,0.2197
1627177944685000,1,4568.25784560,0.2188
1627177964827000,0,9706.51453000,0.2188
1627178014894000,0,249.31899936,0.2191
1627178106200000,1,91.51726473,0.2185
1627178160976000,1,4572.60279000,0.2185
1627178215832000,1,4573.77400535,0.2185
1627178215988000,1,500.00000000,0.2184
1627178216000000,1,2060.13774000,0.2184
1627178216027000,1,2014.22209406,0.2184
1627178216103000,1,23285.13476431,0.2184
1627178216118000,1,6450.05826953,0.2184
1627178223662000,1,4587.74914614,0.2178
1627178247714000,1,4592.04692183,0.2176
1627178255520000,0,9766.33136000,0.2175
1627178257443000,0,0.00000958,0.2175
1627178257443000,0,9760.80075042,0.2176
1627178336417000,0,0.00001594,0.2176
1627178450084000,0,9744.00696000,0.2180
1627178450997000,0,0.00000875,0.2180
1627178450997000,0,40499.99999125,0.2181
1627178451188000,0,4586.10020000,0.2182
1627178505049000,1,10271.13908000,0.2186
1627178505102000,1,12000.00000000,0.2186
1627178530721000,1,4571.59938000,0.2185
1627178530840000,1,0.00000321,0.2185
1627178530840000,1,4571.30679679,0.2185
1627178532127000,1,4571.30680353,0.2182
1627178532127000,1,11445.83829320,0.2182
1627178533561000,1,4000.00000000,0.2180
1627178533611000,1,4571.30680353,0.2180
1627178533611000,1,6268.64192647,0.2180
1627178533658000,1,5177.19636000,0.2180
1627178571190000,0,9738.29002000,0.2182
1627178571360000,0,0.00000988,0.2182
1627178628023000,1,4582.02936000,0.2181
1627178652056000,1,4585.18080000,0.2179
1627178652210000,1,0.00000875,0.2179
1627178652210000,1,3999.99999125,0.2179
1627178697686000,1,4000.00010000,0.2173
1627178710083000,0,5606.11650000,0.2171
1627178721772000,0,9779.11188000,0.2173
1627178762258000,0,8000.00000000,0.2180
1627178762603000,1,4000.00000000,0.2180
1627178792914000,1,4581.52553000,0.2181
1627178793018000,1,0.00000738,0.2181
1627178793018000,1,5197.58634262,0.2181
1627178847074000,1,2500.00000000,0.2180
1627178886277000,1,4574.23245000,0.2184
1627178886383000,1,0.00000054,0.2184
1627178942670000,1,4578.29527032,0.2182
1627179080976000,1,4558.34390000,0.2192
1627179080999000,1,0.00000700,0.2192
1627179081122000,1,4000.00000000,0.2191
1627179081139000,1,7395.95944862,0.2191
1627179081397000,1,4558.34390700,0.2191
1627179119368000,1,4000.00000000,0.2184
1627179119615000,1,4000.00000000,0.2184
1627179136515000,1,3500.00000000,0.2182
1627179136601000,1,1077.71030000,0.2182
1627179150086000,1,4576.95602000,0.2183
1627179171170000,1,4000.00000000,0.2182
1627179171170000,1,4580.09862000,0.2182
1627179171245000,1,0.00000386,0.2182
1627179171396000,1,11447.09610000,0.2181
1627179171671000,1,2184.97764000,0.2181
1627179171844000,1,2000.00000000,0.2181
1627179171924000,1,395.54050000,0.2181
1627179255923000,1,4572.35190000,0.2185
1627179354011000,1,4557.55613000,0.2191
1627179380641000,1,6370.09197000,0.2190
1627179380701000,1,6526.74920000,0.2190
1627179380721000,1,11000.00000000,0.2190
1627179380770000,1,350.01521396,0.2190
1627179411964000,1,4558.01147000,0.2192
1627179412098000,1,0.00000235,0.2192
1627179412098000,1,8091.97331765,0.2192
1627179789793000,1,4545.87093000,0.2198
1627180216651000,1,4000.00000000,0.2199
1627180282738000,0,500.00000000,0.2203
1627180282827000,0,4542.10970870,0.2203
1627180282827000,0,11257.50182964,0.2203
1627180282871000,0,98.84810527,0.2203
1627180282972000,0,16000.00000000,0.2204
1627180283070000,0,13525.35590000,0.2204
1627180308987000,1,4000.00000000,0.2204
1627180532558000,0,116.94486545,0.2204
1627180533571000,1,4539.30885945,0.2202
1627180533577000,1,0.00000001,0.2202
1627180586269000,0,116.94480000,0.2202
1627180905222000,0,450.80988000,0.2207
1627180961905000,0,18045.87093000,0.2204
1627181188771000,0,450.80980000,0.2200
1627181364576000,1,4000.00000000,0.2206
1627181464771000,0,9624.09160000,0.2207
1627181640256000,0,533.48377537,0.2208
1627181679958000,0,9620.12090000,0.2208
1627181722032000,1,4000.00000000,0.2213
1627181722133000,1,4513.69707000,0.2213
1627181737033000,1,4000.00000000,0.2213
1627181737125000,1,4000.00000000,0.2213
1627181737247000,1,514.55166924,0.2213
1627181737247000,1,3485.44833076,0.2213
1627181737301000,1,6730.51543000,0.2213
1627181737356000,1,1074.38795628,0.2213
1627181774836000,0,490.26113442,0.2216
1627182307886000,0,9576.00966000,0.2218
1627182552455000,1,4508.65002000,0.2216
1627182963794000,1,4517.93881000,0.2211
1627182963877000,1,0.00000649,0.2211
1627182963877000,1,11294.53429351,0.2210
1627182965896000,0,4524.55591000,0.2212
1627183055026000,1,4525.87125000,0.2208
1627183100148000,1,4523.12945000,0.2209
1627183191072000,0,9602.02228000,0.2212
1627183193729000,1,4519.73447000,0.2210
1627183314112000,1,4524.88961000,0.2208
1627183348382000,1,4524.02983000,0.2208
1627183645691000,0,9611.99270000,0.2210
1627183645708000,0,0.00000165,0.2210
1627184065034000,1,4521.28888000,0.2210
1627184177837000,1,4520.34873000,0.2210
1627184458081000,1,4519.97962000,0.2211
1627184613078000,1,11318.15794000,0.2207
1627184613125000,1,0.00000716,0.2207
1627184613125000,1,4527.34794284,0.2207
1627184613141000,1,0.00000753,0.2207
1627184613147000,1,16000.00000000,0.2206
1627184686878000,0,9635.42120000,0.2204
1627184686953000,0,16000.00000000,0.2205
1627184696904000,1,4528.78321000,0.2206
1627184967829000,0,9660.36314000,0.2199
1627184968085000,0,4548.30678795,0.2200
1627184968085000,0,0.00000001,0.2200
1627184969403000,0,3000.00000000,0.2207
1627184991403000,1,4531.24434000,0.2205
1627184991490000,1,0.00000923,0.2205
1627184991490000,1,15999.99999077,0.2205
1627185163587000,1,4523.98889000,0.2209
1627185292190000,1,4532.31228000,0.2205
1627185292587000,1,4532.31228000,0.2204
1627185329198000,0,9650.74322000,0.2201
1627185329393000,0,0.00000239,0.2201
1627185329393000,0,2999.99989761,0.2202
1627185367533000,1,4550.62893000,0.2196
1627185371830000,1,5436.08367000,0.2193
1627185814269000,1,1000.00000000,0.2203
1627186233124000,1,4524.64393000,0.2208
1627186381836000,1,1000.00000000,0.2208
1627186708743000,1,2000.00000000,0.2206
1627186883394000,0,14800.00000000,0.2213
1627186883733000,1,500.00000000,0.2214
1627186883733000,1,4000.00000000,0.2214
1627186890262000,1,4510.35701000,0.2215
1627186890326000,1,0.00000115,0.2215
1627186890326000,1,11278.63644885,0.2215
1627186890340000,1,0.00000912,0.2215
1627186897072000,1,4510.39893321,0.2215
1627186897072000,1,11275.58429679,0.2215
1627186899075000,1,4510.39893321,0.2213
1627186899075000,1,2489.60106679,0.2213
1627186899125000,1,3000.00000000,0.2213
1627186899149000,1,3999.99990000,0.2213
1627186899259000,1,1000.00000000,0.2213
1627187011576000,1,4000.00000000,0.2216
1627187011703000,1,4508.77199000,0.2216
1627187287824000,1,4520.83786000,0.2210
1627187287968000,1,0.00000751,0.2210
1627187287968000,1,3999.99999249,0.2210
1627187355746000,1,2500.00000000,0.2211
1627187373171000,0,3174.81074607,0.2213
1627187473577000,1,2000.00000000,0.2213
1627187632865000,1,4502.72196000,0.2219
1627187661330000,1,4000.00000000,0.2220
1627187676591000,1,4368.04757000,0.2223
1627187676684000,1,126.78106564,0.2223
1627187676684000,1,698.40833436,0.2223
1627187676809000,1,5500.00000000,0.2223
1627187778696000,1,4000.00000000,0.2221
1627187778813000,1,4499.56131000,0.2221
1627187778912000,1,0.00000158,0.2221
1627187779052000,1,500.00000000,0.2220
1627187818290000,1,2000.43869000,0.2224
1627187818483000,1,4000.00000000,0.2224
1627187890206000,1,500.00000000,0.2223
1627187920450000,1,4492.00187000,0.2224
1627187920532000,1,0.00000718,0.2224
1627187920532000,1,500.00009282,0.2224
1627188003548000,1,1007.99813000,0.2225
1627188125027000,1,5000.00000000,0.2225
1627188153219000,1,4486.31875000,0.2225
1627188155294000,1,4000.00000000,0.2225
1627188171324000,1,4000.00000000,0.2228
1627188171407000,1,4486.68108000,0.2227
1627188171466000,1,0.00000062,0.2227
1627188171514000,1,4527.00017000,0.2227
1627188239106000,1,2000.00000000,0.2226
1627188239175000,1,2486.96292755,0.2226
1627188239175000,1,5513.03717245,0.2226
1627189090907000,0,4496.27132523,0.2226
1627189090907000,0,11240.60085477,0.2226
1627189091112000,0,0.00000894,0.2226
1627189091112000,0,29223.75642106,0.2227
1627189091125000,0,0.00001777,0.2227
1627189120256000,1,3960.62861000,0.2227
1627189124714000,1,4000.00000000,0.2227
1627189187818000,1,4000.00000000,0.2227
1627189235156000,1,9000.00000000,0.2228
1627189235219000,1,517.58769220,0.2228
1627189235219000,1,4485.71490780,0.2227
1627189418569000,1,4500.00000000,0.2232
1627189418638000,1,5000.74210000,0.2232
1627189418644000,1,1956.58410000,0.2231
1627189461808000,1,5000.00000000,0.2232
1627189461935000,1,4499.31831000,0.2232
1627189463646000,1,0.00000776,0.2232
1627189463646000,1,4478.96324224,0.2231
1627189486202000,1,11200.11468917,0.2230
1627189486282000,1,4479.92736067,0.2230
1627189486282000,1,14720.07263933,0.2230
1627189633694000,1,11121.60376000,0.2228
1627189633772000,1,92.07513406,0.2228
1627189633772000,1,4484.74936937,0.2228
1627189681732000,1,4000.00000000,0.2227
1627190135402000,1,4500.57385968,0.2220
1627190135403000,1,0.00000001,0.2220
1627190135403000,1,4500.57385969,0.2219
1627190278683000,1,4498.75160000,0.2221
1627190617238000,0,23800.00000000,0.2225
1627190685355000,1,4507.43065596,0.2216
1627190685355000,1,11271.41567404,0.2216
1627190692145000,1,4513.77857000,0.2212
1627190712177000,1,4512.67736000,0.2214
1627191132741000,1,14200.00000000,0.2213
1627191989560000,1,4505.88707097,0.2217
1627191989560000,1,8994.11292903,0.2217
1627192025985000,0,9576.14772000,0.2217
1627192042406000,0,0.00000450,0.2217
1627192080312000,1,159.17690305,0.2215
1627192095540000,1,1500.00000000,0.2214
1627192095869000,1,16300.00000000,0.2214
1627192100984000,0,7627.90614000,0.2214
1627192101057000,0,1961.63714000,0.2214
1627192206398000,1,4507.42944000,0.2217
1627192206518000,1,4507.47008000,0.2216
1627192478236000,1,4505.19686000,0.2218
1627192478330000,1,0.00000201,0.2218
1627192478433000,1,10441.54076000,0.2218
1627192617831000,0,3959.18638000,0.2214
1627192617947000,0,0.00000659,0.2214
1627193141032000,1,15000.00000000,0.2229
1627193533922000,1,6000.00000000,0.2229
1627193826289000,0,7040.81362000,0.2228
1627194069070000,1,4467.39861000,0.2236
1627194069428000,1,1532.60139000,0.2236
1627194217495000,1,88848.93000000,0.2227
1627194217495000,1,4486.15774453,0.2227
1627194217495000,1,11213.37711036,0.2227
1627194217495000,1,4487.40590143,0.2226
1627194217495000,1,4000.00000000,0.2226
1627194217495000,1,9519.07073231,0.2226
1627194217560000,0,57500.00000000,0.2226
1627194217565000,0,2230.30700000,0.2226
1627194217623000,0,13000.00000000,0.2226
1627194217712000,0,500.00000000,0.2226
1627194217720000,0,21000.00000000,0.2226
1627194217744000,0,16000.00000000,0.2226
1627194217861000,0,19520.99740223,0.2226
1627194235737000,1,4478.16095000,0.2230
1627194235822000,1,0.00000073,0.2230
1627194235822000,1,3999.99999927,0.2230
1627194235869000,1,476.67743961,0.2230
1627194235944000,1,4478.16095000,0.2230
1627194257022000,1,4476.63828000,0.2232
1627194257069000,1,0.00000079,0.2232
1627194257069000,1,11191.09009921,0.2232
1627194259926000,1,4476.63828000,0.2230
1627194279925000,1,8000.00000000,0.2228
1627194280237000,1,4481.05060000,0.2228
1627194292651000,1,4485.63453000,0.2227
1627194292705000,1,0.00000051,0.2227
1627194292705000,1,11214.28250949,0.2227
1627194363239000,1,4483.01930000,0.2229
1627194739720000,1,4000.00000000,0.2231
1627194903400000,1,3500.00000000,0.2231
1627194981340000,1,500.00000000,0.2232
1627195166747000,1,2758.64707000,0.2227
1627195361352000,1,1500.00000000,0.2226
1627195932690000,1,500.00000000,0.2230
1627196228040000,1,2500.00000000,0.2231
1627196778838000,1,1000.00000000,0.2235
1627196796916000,1,1000.00010000,0.2233
1627196797020000,1,3474.15360000,0.2233
1627197044909000,0,4000.00000000,0.2238
1627197046346000,0,4000.00000000,0.2238
1627197046346000,0,3000.00000000,0.2238
1627197061385000,0,4000.00000000,0.2238
1627197061385000,0,8016.31748614,0.2239
1627197061868000,0,8016.31748614,0.2239
1627197069326000,1,4467.95750000,0.2237
1627197103932000,1,3000.00000000,0.2237
1627197103932000,1,1467.43853000,0.2237
1627197110179000,1,4467.55828000,0.2237
1627197115961000,1,4000.00000000,0.2237
1627197173343000,1,4000.00000000,0.2236
1627197255229000,0,9486.89142000,0.2238
1627197255343000,0,4000.00000000,0.2239
1627197312872000,1,4459.46942000,0.2240
1627197312976000,1,0.00000929,0.2240
1627197313098000,1,4459.82742000,0.2240
1627197366967000,1,4466.20062000,0.2236
1627197369090000,0,3000.00000000,0.2237
1627197369157000,0,9491.01897000,0.2237
1627197372634000,0,0.00000627,0.2237
1627197392717000,1,3000.00000000,0.2237
1627197393039000,1,4464.72584000,0.2237
1627197408405000,0,450.40680691,0.2239
1627197421376000,1,8224.73278000,0.2239
1627197487705000,1,1500.00000000,0.2240
1627197663856000,1,1316.70216328,0.2238
1627197724534000,1,1500.00000000,0.2238
1627197724599000,1,500.00000000,0.2238
1627197724894000,1,866.29530000,0.2237
1627197901266000,1,4472.63373000,0.2233
1627197909873000,1,4475.91693000,0.2233
1627197929818000,1,4474.71520000,0.2233
1627197935850000,1,4476.11728000,0.2232
1627198025968000,1,600.61686000,0.2233
1627198080267000,0,1439.67932407,0.2236
1627198274896000,1,1000.00000000,0.2239
1627198274945000,1,1000.00000000,0.2239
1627198549129000,1,2000.00000000,0.2242
1627198865678000,1,8888.00000000,0.2242
1627199431511000,1,2000.00000000,0.2243
1627199857550000,0,1439.67930000,0.2244
1627200211827000,0,9451.55271294,0.2247
1627200211827000,0,615.53491396,0.2247
1627200211827000,0,18290.49293195,0.2247
1627200211827000,0,7975.88642183,0.2248
1627200212698000,0,21500.00000000,0.2249
1627200212755000,0,1700.00000000,0.2249
1627200310795000,1,4439.74876000,0.2251
1627200310954000,1,0.00000549,0.2251
1627200311005000,1,500.00000000,0.2250
1627200311007000,1,10598.08935294,0.2250
1627200311049000,1,1000.00000000,0.2250
1627200311253000,1,16000.00000000,0.2250
1627200311259000,1,12861.35206810,0.2250
1627200311509000,0,3000.00000000,0.2252
1627200311509000,0,4000.00000000,0.2252
1627200311509000,0,15.00621559,0.2252
1627200335778000,1,4000.00000000,0.2251
1627200412317000,0,199.81787506,0.2252
1627200469934000,0,199.81780000,0.2251
1627200469968000,1,4440.06476000,0.2251
1627200679134000,1,4446.14515000,0.2248
1627200801036000,1,4000.00000000,0.2249
1627200801036000,1,3000.00000000,0.2249
1627200871105000,1,4442.23442000,0.2250
1627201056181000,1,4000.00000000,0.2248
1627201056437000,1,442.98443000,0.2248
1627201057289000,1,4190.91533000,0.2247
1627201058695000,1,8966.39287401,0.2247
1627201059198000,1,9079.66752697,0.2247
1627201084358000,1,9450.59920030,0.2247
1627201084504000,1,1645.42506872,0.2247
1627201213484000,1,6141.05324150,0.2243
1627201623771000,1,1608.18934000,0.2245
1627201624897000,1,0.00000806,0.2245
1627201626414000,1,246.41797900,0.2243
1627201645294000,1,7000.00000000,0.2243
1627201665054000,1,1641.58202100,0.2243
1627201666012000,1,8888.00000000,0.2243
1627201811745000,0,210.69757489,0.2243
1627201900382000,1,3000.00000000,0.2241
1627201903754000,1,5888.00000000,0.2241
1627202776860000,1,8888.00000000,0.2234
1627202806401000,1,9412.05262921,0.2227
1627202833447000,1,4495.63580000,0.2223
1627202833482000,1,0.00003657,0.2223
1627202833520000,1,2939.69333296,0.2222
1627202833615000,1,8286.07024348,0.2222
1627202833819000,1,1695.37836254,0.2218
1627202989896000,0,210.69750000,0.2224
1627202989932000,0,9341.94347146,0.2224
1627203165606000,0,3000.00000000,0.2228
1627203165652000,0,3000.00000000,0.2228
1627203165652000,0,5766.88189874,0.2228
1627203165654000,0,3767.01825186,0.2228
1627203165654000,0,1500.00000000,0.2228
1627203201948000,1,3000.00000000,0.2227
1627203388307000,0,1326.71844835,0.2232
1627203840273000,0,3000.00000000,0.2233
1627203840273000,0,298.18116863,0.2233
1627204341462000,0,298.18110000,0.2227
1627204529049000,1,1906.00000000,0.2224
1627204592379000,0,1910.00000000,0.2223
1627204592467000,0,500.00000000,0.2223
1627204592490000,0,13400.00000000,0.2224
1627204623087000,1,3000.00000000,0.2228
1627204738074000,1,4486.23824000,0.2227
1627204738122000,1,0.00000982,0.2227
1627204738136000,1,11215.79183490,0.2227
1627204738266000,1,500.00000000,0.2227
1627204738298000,1,4000.00000000,0.2227
1627204738453000,1,4486.23824981,0.2227
1627204738466000,1,0.00000001,0.2227
1627204970241000,0,1907.00000000,0.2226
1627204970326000,0,9540.87598000,0.2226
1627205179660000,0,1903.00000000,0.2231
1627205179766000,0,4000.00000000,0.2232
1627205670957000,0,4486.65418000,0.2230
1627205803397000,0,4000.00000000,0.2227
1627205885893000,0,9540.97677000,0.2226
1627205885984000,0,1906.00000000,0.2226
1627205886027000,0,2094.00000000,0.2226
1627205905955000,0,1905.00000000,0.2228
1627205905955000,0,2586.92192000,0.2228
1627206017702000,0,1902.00000000,0.2232
1627206017964000,0,4481.92561000,0.2233
1627206410800000,1,482.22372975,0.2228
1627207145015000,0,4000.00000000,0.2230
1627207186607000,0,3000.00000000,0.2229
1627207186607000,0,1000.00000000,0.2229
1627207186607000,0,3000.00000000,0.2229
1627208005872000,0,500.00000000,0.2239
1627208359132000,0,1117.52679289,0.2236
1627209937468000,1,3500.00000000,0.2219
1627209937834000,1,5388.00000000,0.2219
1627210182694000,1,3000.00000000,0.2210
1627210182694000,1,2399.51547971,0.2210
1627210440264000,0,211.91576411,0.2214
1627210518965000,0,2219.85408481,0.2214
1627210525441000,1,199.81787506,0.2212
1627210907992000,0,3514.00000000,0.2213
1627210908164000,0,2021.96980000,0.2213
1627210908228000,0,2498.90627961,0.2213
1627210908353000,0,500.00000000,0.2214
1627210908471000,0,4019.77878587,0.2214
1627210908471000,0,11299.32971413,0.2214
1627210908522000,0,0.00014634,0.2214
1627210947644000,1,3000.00000000,0.2216
1627210947644000,1,2376.23455138,0.2216
1627210947655000,1,1623.76544862,0.2216
1627211270718000,0,3368.25843100,0.2214
1627212029602000,1,1428.50378278,0.2212
1627212103685000,0,153.00000000,0.2212
1627212176134000,1,2060.24520000,0.2207
1627212176252000,1,2465.75030000,0.2207
1627212177281000,1,500.00000000,0.2205
1627212178674000,1,5555.00000000,0.2203
1627212178878000,0,4000.00000000,0.2204
1627212186764000,0,283.15061970,0.2204
1627212189463000,0,1615.04060980,0.2203
1627212578938000,1,3700.00000000,0.2200
1627212579255000,1,1520.79279685,0.2199
1627212803522000,0,317.70000000,0.2207
1627212946194000,0,96.50000000,0.2202
1627213210396000,1,175.54803065,0.2206
1627213320231000,0,422.24708946,0.2207
1627213929502000,1,7500.00000000,0.2202
1627214426281000,1,5000.00000000,0.2193
1627214443105000,0,283.91256260,0.2192
1627214445560000,0,1619.38659590,0.2191
1627214772112000,0,4944.04960000,0.2190
1627214772222000,0,16089.22324000,0.2190
1627214772441000,0,8966.72716000,0.2190
1627215179753000,0,450.87187300,0.2195
1627215620466000,1,346.38393688,0.2195
1627216562101000,1,346.38390000,0.2197
1627216694123000,0,1500.00000000,0.2198
1627216849621000,0,9680.18000000,0.2195
1627217337867000,1,3000.00000000,0.2190
1627217337867000,1,1563.04473000,0.2190
1627217947020000,1,1585.30378778,0.2184
1627218010286000,0,9412.05000000,0.2190
1627218025611000,0,0.00262921,0.2190
1627218307273000,0,1939.00000000,0.2190
1627218368823000,0,1938.00000000,0.2190
1627218754956000,0,3000.00000000,0.2187
1627218872810000,1,5000.00000000,0.2183
1627218872955000,1,4579.46930000,0.2182
1627218875173000,1,4580.68796671,0.2179
1627218875173000,1,4517.29832280,0.2179
1627218883598000,0,18414.11000000,0.2185
1627218961019000,0,4000.00000000,0.2190
1627218961019000,0,904.84841566,0.2190
1627219163966000,1,112.43689767,0.2179
1627219169356000,1,2.29463056,0.2179
1627219369692000,1,98.29596530,0.2179
1627219444101000,1,2.00604011,0.2179
1627219487515000,1,5000.00000000,0.2173
1627219499385000,1,459.62000000,0.2172
1627219526729000,0,4000.00000000,0.2173
1627219526814000,0,1549.00000000,0.2173
1627219528833000,1,3920.00000000,0.2172
1627219550882000,1,0.00246777,0.2172
1627219550882000,1,3919.99753223,0.2172
1627219723365000,1,3536.90000000,0.2163
1627219723385000,1,1463.10000000,0.2163
1627219723673000,1,122.00000000,0.2162
1627219839716000,0,1955.00000000,0.2173
1627219965732000,1,735.68243000,0.2165
1627219971090000,0,1630.25172770,0.2162
1627219972690000,1,92.56790782,0.2161
1627219972690000,1,92.56790782,0.2161
1627219973149000,1,1150.00000000,0.2160
1627219973149000,1,462.00000000,0.2160
1627220043460000,0,1630.25160000,0.2164
1627220166841000,0,469.12841804,0.2172
1627220250296000,0,229.62849907,0.2172
1627220771634000,1,383.01900000,0.2171
1627220805587000,1,4000.00000000,0.2170
1627220805587000,1,3000.00000000,0.2170
1627220805587000,1,1828.82664323,0.2170
1627221471747000,1,95.00000000,0.2179
1627221509721000,1,4590.65558000,0.2177
1627221604409000,1,125.56700000,0.2170
1627221616745000,1,0.00007682,0.2170
1627221713824000,1,4605.36830000,0.2170
1627221713881000,1,0.00000808,0.2170
1627221734231000,1,4352.45200000,0.2168
1627221734282000,1,255.08070429,0.2168
1627221734282000,1,11516.91604629,0.2168
1627221734282000,1,137404.77436224,0.2168
1627221734313000,1,16000.00000000,0.2168
1627221734639000,1,56732.25000000,0.2168
1627221778568000,0,9787.88094454,0.2169
1627221778568000,0,2744.24238111,0.2169
1627221807356000,1,0.00563776,0.2168
1627221840793000,1,9791.00000000,0.2166
1627221840793000,1,3000.00000000,0.2166
1627221841025000,1,3512.97612000,0.2166
1627221908020000,1,1251.96327245,0.2168
1627222011380000,0,3920.00000000,0.2167
1627222041539000,0,285.68308500,0.2165
1627222196084000,0,286.06812750,0.2160
1627222198473000,0,1631.68155380,0.2159
1627222255997000,1,4000.00000000,0.2167
1627222273444000,1,3000.00000000,0.2166
1627222346417000,1,4620.09455000,0.2163
1627222385587000,0,491.75110000,0.2161
1627222455747000,0,1964.00000000,0.2161
1627222617782000,1,2093.00000000,0.2166
1627222618053000,1,4613.06121000,0.2166
1627222728397000,0,843.25000000,0.2162
1627222729995000,0,1922.76000000,0.2162
1627222805797000,0,3000.00000000,0.2160
1627222806030000,0,307.01640000,0.2163
1627222807281000,0,255740.83000000,0.2166
1627222807402000,0,1611.54400000,0.2166
1627222958326000,1,7956.35000000,0.2156
1627222958435000,1,3626.73313874,0.2156
1627222958600000,1,10367.39000000,0.2155
1627222959701000,1,0.00523870,0.2155
1627222959701000,1,632.91476130,0.2154
1627223007782000,1,3000.00000000,0.2157
1627223151975000,1,289.69000000,0.2158
1627223157872000,1,337.09105339,0.2158
1627223300320000,1,500.00000000,0.2158
1627223344530000,1,637.84424000,0.2157
1627223344766000,1,29471.01135047,0.2157
1627223344766000,1,26010.83619371,0.2155
1627223428788000,0,311.21600000,0.2159
1627223646059000,0,4000.00000000,0.2162
1627223646059000,0,3000.00000000,0.2163
1627223646059000,0,4626.46041559,0.2163
1627223646059000,0,725.73165377,0.2163
1627223730893000,1,5025.00000000,0.2161
1627223744573000,1,4000.00000000,0.2162
1627223760987000,1,4888.00000000,0.2160
1627223839956000,1,4000.00000000,0.2159
1627223987363000,1,2536.00000000,0.2157
1627223987449000,1,3000.00000000,0.2157
1627223987449000,1,1000.00000000,0.2157
1627223987504000,1,8829.10550149,0.2157
1627223987605000,0,999.99999851,0.2157
1627224000287000,1,2007.27872961,0.2157
1627224021422000,0,9500.00000000,0.2159
1627224021536000,0,2090.31571334,0.2159
1627224021536000,0,3687.78978666,0.2159
1627224021541000,0,948.22932204,0.2159
1627224021541000,0,9826.82275851,0.2160
1627224094496000,1,4695.00000000,0.2159
1627224263627000,1,4552.00000000,0.2161
1627224313853000,1,4046.00000000,0.2157
1627224835144000,0,91.99140202,0.2163
1627224887736000,1,1879.19290014,0.2162
1627224916165000,0,3932.98451296,0.2163
1627224959397000,0,3932.98450000,0.2164
1627224959588000,0,4626.10720000,0.2164
1627225021264000,0,4612.96866000,0.2170
1627225021389000,0,0.00000609,0.2170
1627225081875000,1,7672.04468248,0.2167
1627225114891000,0,500.00000000,0.2169
1627225197565000,0,4602.39325000,0.2174
1627225199707000,1,9748.00000000,0.2174
1627225223819000,0,459.55560000,0.2174
1627225283870000,1,674.36191000,0.2179
1627225283954000,1,500.00000000,0.2179
1627225283968000,1,3803.63809000,0.2179
1627225289676000,1,935.40164000,0.2177
1627225289727000,1,0.00000424,0.2177
1627225289727000,1,1064.59835576,0.2177
1627225561031000,1,1500.00000000,0.2179
1627225875470000,0,3000.00000000,0.2181
1627225946826000,0,135.80000000,0.2181
1627226048995000,0,3684.19000000,0.2182
1627226049071000,0,135.80000000,0.2182
1627226052303000,0,4000.00000000,0.2182
1627226056230000,0,9728.52000000,0.2182
1627226065191000,0,9728.61000000,0.2182
1627226065198000,0,0.00744675,0.2182
1627226065198000,0,2500.00000000,0.2182
1627226065234000,0,787.91000000,0.2182
1627226117703000,0,4584.66079997,0.2183
1627226117746000,0,9728.13286278,0.2182
1627226117837000,0,4000.00000000,0.2183
1627226117945000,0,584.66070000,0.2183
1627226118046000,0,0.00009997,0.2183
1627226118235000,0,4000.00000000,0.2183
1627226118238000,0,7462.10627665,0.2183
1627226224900000,1,4000.00000000,0.2178
1627226470866000,0,8037.89373000,0.2173
1627226470927000,0,1730.67178000,0.2173
1627226591096000,0,4602.87875000,0.2175
1627226602000000,0,9754.94610000,0.2177
1627226683230000,0,9778.97083000,0.2171
1627226702471000,0,0.00000851,0.2171
1627226702471000,0,9777.98606149,0.2171
1627226956018000,0,4606.82782000,0.2172
1627226958060000,0,0.00000211,0.2172
1627227080356000,0,4618.39405000,0.2167
1627227080434000,0,0.00000853,0.2167
1627227185511000,0,5018.71931429,0.2165
1627227240235000,1,155.08771175,0.2165
1627227542111000,0,4607.74030000,0.2172
1627227542192000,0,0.00000806,0.2172
1627227542192000,0,9776.83519194,0.2172
1627227542192000,0,0.00004646,0.2172
1627227542489000,0,11511.96908000,0.2174
1627227542646000,0,0.00000648,0.2174
1627227542646000,0,4607.74029352,0.2174
1627227573673000,1,4000.00000000,0.2173
1627227604006000,1,3000.00000000,0.2172
1627227604006000,1,6761.58490000,0.2172
1627227604095000,1,3000.00000793,0.2172
1627227604379000,0,19522.19196000,0.2171
1627227948152000,0,136.60000000,0.2180
1627227989535000,1,500.00000000,0.2183
1627228015384000,0,25632.81000000,0.2188
1627228367255000,1,4576.41141000,0.2184
1627228367372000,1,0.00000691,0.2184
1627228367372000,1,363.39999309,0.2183
1627228610779000,1,4592.67761391,0.2174
1627228610779000,1,4592.08909675,0.2174
1627228611070000,1,1500.00000000,0.2174
1627228611124000,1,28357.12940935,0.2174
1627228611330000,0,4000.00000000,0.2174
1627228612374000,0,4000.00000000,0.2174
1627228612488000,0,500.00000000,0.2175
1627228765955000,0,9747.25000000,0.2178
1627228766054000,0,0.00196916,0.2178
1627228855953000,0,2000.00000000,0.2170
1627228855953000,0,4000.00000000,0.2170
1627228895031000,1,4734.00424706,0.2166
1627229038377000,1,3000.00000000,0.2174
1627229109174000,0,9784.93470000,0.2170
1627229109285000,0,2215.06330000,0.2171
1627229331905000,0,2760.23000000,0.2168
1627229332178000,0,2760.23000000,0.2168
1627229759805000,1,1949.00000000,0.2175
1627230594331000,1,926.76258700,0.2168
1627230596308000,1,3000.00000000,0.2168
1627230596364000,1,926.76250000,0.2168
1627230596440000,1,1955.00000000,0.2168
1627230720286000,0,3000.00000000,0.2171
1627230720286000,0,4000.00000000,0.2172
1627230720286000,0,38602.32327341,0.2172
1627230767557000,0,1835.50059952,0.2168
1627230965913000,1,1952.00000000,0.2172
1627231318883000,0,1500.00000000,0.2164
1627231318967000,0,5835.50050000,0.2164
1627231423101000,1,4619.96648565,0.2163
1627231423101000,1,2999.99999435,0.2163
1627231481479000,1,4620.26304747,0.2163
1627231481479000,1,4021.44424253,0.2162
1627231531888000,0,4627.95600000,0.2162
1627231632243000,0,4000.00000000,0.2160
1627232433927000,0,3000.00000000,0.2169
1627232441055000,1,11529.02547000,0.2167
1627232441113000,1,0.00000453,0.2167
1627232441113000,1,4611.52951378,0.2166
1627232441113000,1,11388.47048169,0.2166
1627232548657000,0,9797.26000000,0.2167
1627232548748000,0,0.00628064,0.2167
1627232548748000,0,3999.99371936,0.2167
1627232640236000,1,1867.64604565,0.2165
1627232979442000,0,1500.00000000,0.2169
1627232983208000,0,4000.00000000,0.2169
1627233402057000,0,5500.00010000,0.2172
1627233738719000,0,4598.07000000,0.2177
1627233738739000,0,0.00961532,0.2177
1627234760616000,0,200.00000000,0.2179
1627235080623000,0,216.86555932,0.2179
1627235097567000,0,216.86550000,0.2179
1627235097711000,0,9526.24457708,0.2179
1627235119453000,0,4588.46148000,0.2181
1627235894651000,0,1661.97995780,0.2180
1627235964671000,0,9731.39278845,0.2181
1627235964671000,0,4000.00000000,0.2181
1627235964671000,0,3587.19620011,0.2182
1627235964836000,0,1661.97990000,0.2181
1627235964854000,0,3587.19620000,0.2181
1627235964989000,0,4000.00000000,0.2181
1627236058176000,1,387.98165000,0.2180
1627236442653000,0,1500.00000000,0.2182
1627236442653000,0,2500.00000000,0.2182
1627236442709000,0,2500.00000000,0.2182
1627236720166000,0,389.40000000,0.2182
1627236838357000,1,770.45402000,0.2180
1627237068451000,0,225.86562715,0.2183
1627237556369000,0,2716.97309047,0.2185
1627237556449000,0,3115.26560000,0.2185
1627237556534000,0,2716.97300000,0.2185
1627237922334000,0,9737.03033756,0.2180
1627238299544000,1,212.44012230,0.2182
1627238356013000,0,2280.28676800,0.2183
1627238675410000,0,9733.27000000,0.2180
1627238880229000,1,1075.46939055,0.2176
1627239412292000,1,4595.84576938,0.2174
1627239412292000,1,9751.04731081,0.2174
1627239412292000,1,11490.13227440,0.2174
1627239412369000,1,1287.90940000,0.2174
1627239412427000,1,16000.00000000,0.2174
1627239412476000,1,500.00000000,0.2174
1627239412547000,1,2001.18284916,0.2174
1627239412551000,1,2594.66292022,0.2174
1627239412857000,1,4533.65812506,0.2173
1627239503323000,0,9774.07209000,0.2172
1627239600759000,0,500.00000000,0.2176
1627241565628000,0,98.08177779,0.2181
1627241566890000,1,3000.00000000,0.2181
1627241823260000,0,2.00166893,0.2181
1627241823260000,0,11456.01349060,0.2184
1627241823260000,0,4582.06944584,0.2184
1627241823417000,0,4582.40539624,0.2184
1627241823438000,0,29783.45000000,0.2185
1627241823536000,0,0.00139799,0.2185
1627242291079000,1,1661.97995780,0.2185
1627242310832000,1,4571.43219000,0.2185
1627242310912000,1,0.00000024,0.2185
1627242310912000,1,1661.97989976,0.2184
1627242395446000,0,228.37726086,0.2184
1627242487458000,1,4587.45449000,0.2178
1627242487519000,1,0.00000572,0.2178
1627242487567000,1,4585.60327000,0.2177
1627242487769000,1,0.00000365,0.2177
1627242487769000,1,633.25229635,0.2177
1627242487815000,1,3954.20219000,0.2177
1627242684019000,0,2968.86008721,0.2178
1627242813338000,0,500.00000000,0.2178
1627242813362000,0,228.37710000,0.2178
1627242960249000,1,142.63678665,0.2179
1627243203829000,1,142.63670000,0.2175
1627243207122000,0,4000.00000000,0.2177
1627243337278000,0,4000.00000000,0.2176
1627243407285000,1,4604.60488895,0.2170
1627243428099000,0,2000.00000000,0.2168
1627243428099000,0,2336.98352811,0.2169
1627243800233000,1,500.00000000,0.2174
1627244254438000,0,500.00000000,0.2188
1627244254574000,0,4573.34833723,0.2189
1627244254574000,0,4576.33666277,0.2189
1627244278040000,1,4000.00000000,0.2196
1627244331420000,1,3000.00000000,0.2198
1627244331482000,1,4546.86309000,0.2198
1627244331492000,1,0.00000104,0.2198
1627244331492000,1,3000.00000000,0.2198
1627244331688000,1,1930.00000000,0.2197
1627244331884000,1,4545.04447000,0.2197
1627244402621000,1,4540.17446000,0.2201
1627244402711000,1,0.00000328,0.2201
1627244402711000,1,999.99999672,0.2201
1627244562361000,1,11356.10004270,0.2199
1627244562361000,1,4542.36054730,0.2199
1627244562510000,0,394.58349990,0.2201
1627244562685000,1,0.00000381,0.2199
1627244568610000,1,4550.38044000,0.2196
1627244577792000,1,7534.87476000,0.2193
1627244640262000,1,637.75419610,0.2190
1627244923089000,0,2326.85267043,0.2194
1627245092700000,0,394.58330000,0.2198
1627245092712000,0,4158.44256126,0.2198
1627245360258000,1,1217.89462628,0.2194
1627245571879000,0,4551.49238000,0.2198
1627245572265000,0,4550.85437000,0.2199
1627245572317000,0,0.00000507,0.2199
1627245642614000,0,209.28149695,0.2202
1627245978092000,1,1217.89460000,0.2194
1627246180565000,1,4000.00000000,0.2194
1627246180565000,1,1500.00000000,0.2193
1627246180565000,1,4554.06751438,0.2193
1627246180565000,1,2298.12455498,0.2193
1627246560227000,1,200.77845888,0.2193
1627246906522000,1,4200.77840000,0.2192
1627247137571000,0,431.29698407,0.2192
1627247828755000,0,11350.08000000,0.2191
1627247841232000,0,4000.00000000,0.2194
1627247841855000,0,3000.00000000,0.2195
1627248109640000,0,8888.00000000,0.2199
1627248185235000,0,627.19236350,0.2205
1627248428639000,1,4536.91837532,0.2202
1627248428651000,1,0.00000001,0.2202
1627249009482000,1,500.00000000,0.2200
1627249080864000,0,1500.00000000,0.2198
1627249080864000,0,497.61979711,0.2198
1627249193527000,1,1000.00000000,0.2197
1627249193720000,0,500.00000000,0.2197
1627249712632000,1,4549.42655000,0.2196
1627249712725000,1,0.00000316,0.2196
1627249712725000,1,3000.00000000,0.2196
1627249712725000,1,1549.96634684,0.2196
1627249840378000,1,3115.82422000,0.2196
1627250549788000,1,163.76528338,0.2200
1627250560985000,1,0.00000001,0.2200
1627252301161000,0,20200.00000000,0.2199
1627252780699000,1,4547.31797170,0.2197
1627252780699000,1,1499.99999830,0.2197
1627252780912000,1,1737.46491000,0.2197
1627252780958000,1,3000.00000000,0.2197
1627253045039000,1,4557.09920015,0.2192
1627253045039000,1,1942.90079985,0.2192
1627254190075000,0,1103.23856275,0.2205
1627254190100000,0,1103.23856275,0.2205
1627254247518000,0,568.52287450,0.2205
1627254247917000,1,4500.00000000,0.2206
1627254361799000,0,5000.00000000,0.2209
1627254645217000,0,6500.00000000,0.2208
1627254663697000,0,6500.00000000,0.2208
1627254911221000,0,223.03233403,0.2203
1627255501806000,0,4522.67400283,0.2213
1627255680213000,1,354.72123259,0.2212
1627255695473000,0,3000.00000000,0.2216
1627255695473000,0,936.40054127,0.2216
1627255736098000,0,133.32430969,0.2217
1627255867931000,1,133.32430969,0.2214
1627256151306000,0,4000.00180000,0.2217
1627256151473000,0,4000.00180000,0.2217
1627256151609000,0,1576.00484778,0.2217
1627256151609000,0,19152.01689555,0.2218
1627256301757000,1,4504.58802000,0.2218
1627256402303000,1,3000.00000000,0.2220
1627256402382000,1,4000.00180000,0.2220
1627256460651000,1,4501.42475000,0.2220
1627256535945000,0,507.30000000,0.2223
1627256548870000,1,4500.45232000,0.2220
1627256581291000,1,4505.68404000,0.2218
1627256581869000,1,4505.68404000,0.2217
1627256668068000,1,4498.79207000,0.2221
1627256793695000,1,3900.00000000,0.2220
1627256820756000,1,3000.00000000,0.2220
1627256820825000,1,1500.81693906,0.2220
1627257159187000,1,3900.00000000,0.2218
1627257247187000,1,4000.00000000,0.2218
1627257247293000,1,504.38512214,0.2218
1627257247293000,1,5287.49797786,0.2218
1627257721444000,0,425.90000000,0.2224
1627257734467000,1,7167.32201387,0.2219
1627257740020000,1,7694.26120000,0.2219
1627257740023000,1,0.00004077,0.2219
1627257777090000,1,11188.42458957,0.2217
1627257777190000,1,4509.90949860,0.2215
1627257777190000,1,500.00000000,0.2214
1627257777190000,1,367.19450140,0.2214
1627257782019000,1,26.67569031,0.2214
1627257799449000,0,3000.00000000,0.2213
1627257799449000,0,5403.44399277,0.2213
1627257821927000,0,4522.86170000,0.2213
1627258018519000,0,168.95252588,0.2229
1627258018626000,0,0.00000001,0.2229
1627258026356000,1,4482.09598000,0.2229
1627258090189000,0,1677.00000000,0.2228
1627258173808000,1,2301.27878000,0.2225
1627258196139000,1,3900.00000000,0.2224
1627258219070000,0,1677.00000000,0.2230
1627258219074000,0,2500.00000000,0.2230
1627258219074000,0,4723.67951239,0.2230
1627258225818000,1,3000.00000000,0.2230
1627258225936000,1,4000.00000000,0.2230
1627258226369000,1,480.80965000,0.2230
1627258235936000,1,3199.76457000,0.2231
1627258237432000,1,4480.97124000,0.2230
1627258237785000,1,0.00000907,0.2230
1627258237785000,1,5499.99999093,0.2229
1627258237835000,1,4500.00000000,0.2229
1627258296276000,0,9519.56842697,0.2230
1627258298602000,1,4474.31477000,0.2233
1627258298690000,1,0.00000304,0.2233
1627258300644000,1,3900.00000000,0.2233
1627258301677000,1,2500.00000000,0.2233
1627258302981000,1,4000.00000000,0.2232
1627258303048000,1,473.55414833,0.2232
1627258303048000,1,3426.44595167,0.2232
1627258303050000,1,4500.00000000,0.2232
1627258303100000,1,3259.93708798,0.2232
1627258303100000,1,2204.20268202,0.2232
1627258303150000,1,4000.00000000,0.2232
1627258303208000,1,3500.00000000,0.2232
1627258303261000,1,3500.00000000,0.2232
1627258309316000,1,4460.61400000,0.2231
1627258309472000,1,4478.72347826,0.2231
1627258309472000,1,6718.88291174,0.2230
1627258319543000,1,4460.61400000,0.2229
1627258381007000,1,4484.18626687,0.2228
1627258427098000,1,3900.00000000,0.2233
1627258443383000,1,3900.00000000,0.2237
1627258449179000,1,6000.00000000,0.2238
1627258458044000,1,3500.00000000,0.2238
1627258463158000,0,1332.80108943,0.2240
1627258493698000,1,1500.00000000,0.2240
1627258493744000,1,2400.00000000,0.2240
1627258493851000,1,4458.75360000,0.2240
1627258533773000,1,4452.91629000,0.2244
1627258535836000,1,500.00000000,0.2242
1627258535843000,1,10200.00010000,0.2242
1627258535878000,1,500.00000000,0.2242
1627258535908000,1,17746.34892150,0.2242
1627258535908000,1,11132.58462991,0.2242
1627258535908000,1,4452.91629211,0.2242
1627258535908000,1,1500.00000000,0.2242
1627258536923000,1,4452.91629000,0.2238
1627258550417000,1,3900.00000000,0.2240
1627258550550000,1,4460.42422000,0.2240
1627258556243000,1,3900.00000000,0.2240
1627258556297000,1,500.00000000,0.2240
1627258556677000,1,3960.02634087,0.2240
1627258582645000,1,4467.55820000,0.2236
1627258608127000,1,3456.15521000,0.2238
1627258650258000,1,4461.45903000,0.2240
1627258650355000,1,0.00000812,0.2240
1627258650355000,1,4832.44179188,0.2240
1627258650438000,1,5000.00000000,0.2240
1627258650498000,1,1317.52074425,0.2240
1627258650565000,1,20200.00000000,0.2240
1627258650754000,1,4461.45903000,0.2240
1627258672359000,1,4464.88532137,0.2238
1627258672359000,1,1594.67587863,0.2238
1627258672411000,1,2305.32412000,0.2238
1627258700185000,1,8003.25783000,0.2241
1627258703655000,1,500.00000000,0.2241
1627258726138000,1,4400.00000000,0.2242
1627258726197000,1,55.45582733,0.2242
1627258726197000,1,11083.37857267,0.2242
1627258850157000,0,92.56790782,0.2247
1627258850157000,0,92.56789218,0.2247
1627258868274000,0,0.00001564,0.2247
1627258879880000,1,4439.03984000,0.2251
1627258880067000,1,0.00000501,0.2251
1627258880067000,1,4438.36937499,0.2251
1627258880327000,1,11098.87768000,0.2251
1627258880536000,1,4440.49852000,0.2251
1627258936812000,1,6929.73640000,0.2252
1627258936854000,1,0.00000763,0.2252
1627259167658000,0,8888.00000000,0.2253
1627259168751000,0,7655.10377000,0.2255
1627259168971000,0,363.64749000,0.2255
1627259171384000,0,0.00000962,0.2255
1627259177283000,0,15600.00000000,0.2264
1627259178254000,0,452.00000000,0.2266
1627259179591000,1,3900.00000000,0.2264
1627259179591000,1,4411.35018000,0.2264
1627259179695000,1,0.00000742,0.2264
1627259179695000,1,4409.71611258,0.2264
1627259181723000,1,3642.58119000,0.2263
1627259209644000,1,4422.19670000,0.2259
1627259209705000,1,0.00004647,0.2259
1627259209705000,1,3120.38435353,0.2258
1627259256937000,0,500.00000000,0.2257
1627259257978000,1,249.31899936,0.2259
1627259319766000,1,249.31900000,0.2256
1627259512927000,0,3758.00000000,0.2268
1627259513073000,0,3758.00000000,0.2268
1627259532606000,1,1516.00000000,0.2264
1627259594704000,0,3000.00000000,0.2265
1627259594704000,0,169.75151000,0.2265
1627259654573000,0,3899.99999999,0.2265
1627259664521000,1,500.00000000,0.2266
1627259664617000,1,3908.82179180,0.2266
1627259664617000,1,11020.01220820,0.2266
1627259664696000,1,0.00013421,0.2266
1627259664696000,1,842.09448999,0.2266
1627259724056000,1,4428.65971000,0.2256
1627259724226000,1,0.00000304,0.2256
1627259724226000,1,11071.74489696,0.2255
1627259742228000,0,3899.99990000,0.2257
1627259742276000,0,5503.81226167,0.2257
1627259752565000,1,4428.85585000,0.2256
1627259770609000,1,5736.41918000,0.2259
1627259773456000,1,0.00000899,0.2259
1627259773456000,1,4423.95749101,0.2258
1627259775044000,1,4423.95750000,0.2258
1627259778913000,1,4425.48462000,0.2258
1627259780765000,1,6610.43925000,0.2258
1627259784627000,1,0.00000969,0.2258
1627259784627000,1,2124.04525031,0.2258
1627259841060000,1,1000.00000000,0.2261
1627259859279000,1,3900.00000000,0.2261
1627259859328000,1,4418.87469569,0.2260
1627259859328000,1,1681.12530431,0.2260
1627259861181000,1,1000.00000000,0.2262
1627259870940000,1,3900.00000000,0.2262
1627259897470000,0,2227.99999999,0.2263
1627259904600000,0,0.00000001,0.2263
1627259938031000,1,8777.99197144,0.2266
1627260087385000,0,2345.00000000,0.2266
1627260090373000,1,2500.00000000,0.2266
1627260207690000,0,3777.99999999,0.2268
1627260207782000,0,0.00000001,0.2268
1627260255149000,1,3000.00000000,0.2266
1627260255149000,1,900.00000000,0.2266
1627260324061000,1,4410.14397000,0.2265
1627260324144000,1,0.00000557,0.2265
1627260324162000,1,900.00000000,0.2265
1627260324225000,1,10126.03909000,0.2265
1627260381238000,1,3900.00000000,0.2270
1627260381508000,1,4400.40178000,0.2270
1627260381817000,1,3900.00000000,0.2270
1627260381971000,1,0.00000961,0.2270
1627260381971000,1,4708.41515039,0.2269
1627260382022000,1,6293.07224000,0.2269
1627260382168000,1,500.00000000,0.2269
1627260383829000,1,4401.91269043,0.2268
1627260493142000,1,2000.00000000,0.2267
1627260523910000,1,706.92776000,0.2269
1627260560434000,1,3900.00000000,0.2267
1627260601269000,0,500.00000000,0.2269
1627260601901000,1,3900.00000000,0.2270
1627260604887000,1,3900.00000000,0.2270
1627260608777000,1,4500.00000000,0.2270
1627260608826000,1,7000.00000000,0.2270
1627260609994000,1,4402.57161000,0.2270
1627260610676000,1,0.00000298,0.2270
1627260610676000,1,4401.37018702,0.2269
1627260610770000,1,0.00000940,0.2269
1627260628972000,1,4407.30614000,0.2267
1627260631673000,1,4407.22844000,0.2267
1627260677805000,1,4403.38584000,0.2269
1627260677950000,1,0.00000853,0.2269
1627260677950000,1,1867.00000000,0.2269
1627260677950000,1,11008.65720803,0.2269
1627260677950000,1,2929.35788344,0.2268
1627260678034000,1,11009.23895333,0.2269
1627260678091000,1,15402.48058000,0.2268
1627260691653000,1,3900.00000000,0.2268
1627260691976000,1,4405.83036000,0.2268
1627260706813000,1,1868.00000000,0.2269
1627260710956000,1,3900.00000000,0.2268
1627260711131000,1,4405.01522000,0.2268
1627260714651000,1,4405.40334000,0.2268
1627260717020000,1,4404.47196000,0.2268
1627260717127000,1,0.00000454,0.2268
1627260717127000,1,5577.69736546,0.2268
1627260717182000,1,5433.19019000,0.2268
1627260719857000,1,3066.80981000,0.2268
1627260719916000,1,1338.32184356,0.2268
1627260719916000,1,4404.58836589,0.2268
1627260726920000,1,2057.09000000,0.2269
1627260737211000,1,1000.00000000,0.2269
1627260739924000,1,3500.00000000,0.2271
1627260740123000,1,960.61400000,0.2271
1627260740176000,1,920.38600000,0.2271
1627260740334000,1,13000.00000000,0.2270
1627260745255000,1,1119.00000000,0.2270
1627260745642000,1,500.00000000,0.2270
1627260745935000,1,2782.29270818,0.2270
1627260768249000,1,3900.00000000,0.2266
1627260768341000,1,600.00000000,0.2266
1627260839932000,1,1000.00000000,0.2269
1627260860597000,0,2230.30700000,0.2273
1627260860602000,0,500.00000000,0.2273
1627260860672000,0,2027.69300000,0.2273
1627260860889000,1,3900.00000000,0.2273
1627260861875000,1,600.00000000,0.2272
1627260865557000,1,1500.00000000,0.2272
1627260882073000,0,5287.00000000,0.2277
1627260885252000,0,250.05000000,0.2280
1627260885265000,1,3900.00000000,0.2278
1627260885265000,1,100.00000000,0.2278
1627260885389000,1,4460.61400000,0.2278
1627260885389000,1,2539.38600000,0.2278
1627260904222000,1,4384.00380000,0.2279
1627260917472000,1,1100.00000000,0.2276
1627260918580000,1,4000.00000000,0.2276
1627261001618000,0,541.45000000,0.2279
1627261003723000,1,3900.00000000,0.2277
1627261003832000,1,486.96568000,0.2277
1627261003897000,1,0.00000405,0.2277
1627261003897000,1,4386.96567595,0.2276
1627261045265000,1,2061.00000000,0.2276
1627261045386000,1,4388.27470000,0.2276
1627261045465000,1,6027.72150000,0.2276
1627261073065000,1,3900.00000000,0.2276
1627261073118000,1,3000.00000000,0.2276
1627261095562000,0,15600.00000000,0.2279
1627261096225000,0,15600.00000000,0.2279
1627261096429000,0,15600.00000000,0.2279
1627261096444000,0,15600.00000000,0.2279
1627261096586000,0,15600.00000000,0.2279
1627261096652000,0,15600.00000000,0.2279
1627261096802000,0,29710.04350000,0.2279
1627261097347000,0,10289.36464366,0.2279
1627261098835000,0,18790.20955278,0.2279
1627261099124000,0,63086.03230356,0.2279
1627261102283000,1,4000.00000000,0.2280
1627261102570000,1,382.69727000,0.2280
1627261106150000,0,0.00454545,0.2280
1627261108771000,0,177.71751750,0.2285
1627261109922000,1,3900.00000000,0.2286
1627261109922000,1,202.64653925,0.2286
1627261109922000,1,2897.35346075,0.2285
1627261110766000,0,500.00000000,0.2287
1627261111773000,0,7270.12690443,0.2287
1627261111773000,0,0.00022190,0.2287
1627261113164000,1,198.35479000,0.2286
1627261135284000,1,4377.70870000,0.2281
1627261135335000,1,0.00008046,0.2281
1627261135335000,1,3422.29121954,0.2281
1627261135835000,1,4380.93080000,0.2281
1627261135939000,1,0.00001463,0.2281
1627261135939000,1,10952.13468537,0.2280
1627261168978000,1,3500.00000000,0.2284
1627261169939000,1,1856.00000000,0.2283
1627261201616000,0,24000.00000000,0.2283
1627261201684000,0,2674.20059000,0.2283
1627261229817000,0,3000.00000000,0.2288
1627261229817000,0,148.30778000,0.2289
1627261230101000,0,4369.39589475,0.2290
1627261234024000,1,3000.00000000,0.2288
1627261234245000,1,4368.10930757,0.2288
1627261234245000,1,1182.41564243,0.2288
1627261234300000,1,4500.00000000,0.2288
1627261234376000,1,5000.00000000,0.2288
1627261235012000,1,3900.00000000,0.2288
1627261244015000,0,91.51726473,0.2295
1627261248743000,0,999.99999999,0.2299
1627261249491000,0,0.00000001,0.2299
1627261249491000,0,2999.99999998,0.2300
1627261255866000,1,3900.00000000,0.2299
1627261257583000,0,0.00000002,0.2300
1627261257941000,0,90.35186631,0.2302
1627261257941000,0,90.35173369,0.2302
1627261257941000,0,0.00013262,0.2302
1627261257941000,0,1459.46060738,0.2303
1627261259767000,0,1500.00000000,0.2303
1627261260343000,1,17200.00000000,0.2301
1627261260836000,0,1640.16434000,0.2303
1627261261141000,0,1000.00000000,0.2303
1627261261155000,0,1357.27384720,0.2303
1627261262349000,1,3000.00000000,0.2303
1627261262410000,1,900.00000000,0.2303
1627261262410000,1,2100.00000000,0.2303
1627261262469000,1,3000.00000000,0.2303
1627261262526000,1,5000.00000000,0.2303
1627261262591000,1,3900.00000000,0.2303
1627261262591000,1,600.00000000,0.2303
1627261263301000,0,500.00000000,0.2303
1627261265764000,1,3900.00000000,0.2303
1627261271282000,1,2595.00000000,0.2307
1627261271282000,1,19605.00000000,0.2307
1627261276287000,1,16000.00000000,0.2308
1627261286000000,0,192.08400000,0.2312
1627261290545000,0,307.91599999,0.2312
1627261290558000,0,0.00000001,0.2312
1627261291386000,0,7157.99999999,0.2313
1627261292690000,0,0.00000001,0.2313
1627261296378000,0,195.49307913,0.2314
1627261296378000,0,1494.00184558,0.2315
1627261298030000,1,9092.08400000,0.2314
1627261298153000,1,9507.91600000,0.2314
1627261298153000,1,3378.00000000,0.2314
1627261298525000,0,394.36186201,0.2320
1627261300744000,1,17614.08400000,0.2315
1627261300812000,1,3900.00000000,0.2315
1627261300867000,1,5500.00000000,0.2316
1627261300942000,1,4500.00000000,0.2316
1627261301002000,1,9000.00000000,0.2316
1627261302674000,1,4500.00000000,0.2317
1627261303489000,1,12000.00000000,0.2319
1627261304190000,1,24600.00000000,0.2319
1627261304462000,1,15500.00000000,0.2319
1627261304514000,1,6000.00000000,0.2319
1627261304563000,1,2500.00000000,0.2319
1627261304611000,1,4000.00000000,0.2319
1627261304667000,1,4000.00000000,0.2319
1627261304726000,1,3500.00000000,0.2319
1627261305091000,1,4500.00000000,0.2319
1627261306518000,0,89.59417423,0.2322
1627261306518000,0,86.01040726,0.2322
1627261306518000,0,3.58376697,0.2322
1627261311248000,1,8183.24300000,0.2323
1627261318660000,1,134.00000000,0.2323
1627261319380000,1,4816.75700000,0.2326
1627261320054000,1,15383.24300000,0.2326
1627261324092000,1,1000.00000000,0.2319
1627261324948000,1,2900.00000000,0.2319
1627261327128000,1,600.00000000,0.2318
1627261356865000,0,200920.43000000,0.2329
1627261356865000,0,662.33938269,0.2333
1627261364003000,0,199.55815971,0.2331
1627261364003000,0,192.84759690,0.2332
1627261364003000,0,3000.00000000,0.2333
1627261364003000,0,149840.49424339,0.2333
1627261364300000,0,192.84759000,0.2332
1627261364368000,0,2500.00000000,0.2333
1627261364432000,0,9022.90575661,0.2333
1627261364432000,0,2500.00000000,0.2333
1627261364813000,1,2692.84759000,0.2333
1627261366885000,1,11522.90575000,0.2332
1627261368482000,1,3000.00000000,0.2332
1627261368482000,1,9122.39530000,0.2332
1627261373174000,1,196.02482000,0.2327
1627261384054000,0,202.69187467,0.2335
1627261384054000,0,3697.30812533,0.2336
1627261384466000,0,205.10117000,0.2336
1627261385109000,0,142.45014246,0.2335
1627261385357000,0,3757.54985754,0.2335
1627261385357000,0,142.45014246,0.2335
1627261385473000,0,205.61869853,0.2334
1627261385473000,0,3000.00000000,0.2335
1627261385473000,0,112403.16130147,0.2335
1627261392784000,1,204.37930000,0.2332
1627261392916000,1,192.32520752,0.2331
1627261392916000,1,19607.67479248,0.2331
1627261393001000,1,192.32520000,0.2331
1627261393028000,1,0.00000752,0.2331
1627261396856000,0,193.08230000,0.2337
1627261405134000,1,203.04977258,0.2321
1627261405134000,1,199.07913295,0.2320
1627261405277000,1,210.32700000,0.2323
1627261405557000,1,0.00005000,0.2323
1627261405557000,1,197.93290248,0.2320
1627261405778000,1,2500.00000000,0.2319
1627261405834000,1,2500.00000000,0.2319
1627261405900000,1,3900.00000000,0.2319
1627261405900000,1,3000.00000000,0.2319
1627261405900000,1,10600.00000000,0.2319
1627261405975000,1,5500.22006000,0.2319
1627261414932000,1,3510.65674000,0.2317
1627261425522000,0,203.97307000,0.2324
1627261425666000,0,194.68709687,0.2324
1627261425666000,0,3000.00000000,0.2325
1627261425666000,0,501.33983313,0.2325
1627261426823000,0,3900.00000000,0.2324
1627261428456000,1,3000.00000000,0.2320
1627261428500000,1,78000.00000000,0.2320
1627261428501000,1,24000.00000000,0.2320
1627261428547000,1,2500.00000000,0.2320
1627261428593000,1,2500.00000000,0.2320
1627261428593000,1,500.00000000,0.2320
1627261428597000,1,15600.00000000,0.2320
1627261428643000,1,2500.00000000,0.2320
1627261428677000,1,15600.00000000,0.2320
1627261428694000,1,4300.00000000,0.2320
1627261428746000,1,4500.00000000,0.2320
1627261428795000,1,5500.00000000,0.2320
1627261428855000,1,3500.00000000,0.2320
1627261428923000,1,4500.00000000,0.2320
1627261428969000,1,4000.00000000,0.2320
1627261429017000,1,5500.00000000,0.2320
1627261429146000,0,206.26520072,0.2328
1627261429195000,1,500.00000000,0.2328
1627261429284000,1,42259.90320000,0.2328
1627261434841000,0,3900.00000000,0.2321
1627261437050000,0,205.51890640,0.2325
1627261438548000,0,203.86528151,0.2324
1627261438548000,0,201.07315885,0.2324
1627261438603000,1,500.00000000,0.2324
1627261440601000,0,196.79870000,0.2327
1627261440636000,0,0.00002181,0.2327
1627261440636000,0,8199.34447819,0.2327
1627261440839000,0,18501.55930000,0.2327
1627261466040000,0,3900.00000000,0.2327
1627261466040000,0,3000.00000000,0.2327
1627261466040000,0,51099.81817880,0.2327
1627261466215000,1,206.86325000,0.2322
1627261467801000,0,46400.00000000,0.2327
1627261468505000,0,2500.00000000,0.2327
1627261468572000,0,1400.00010000,0.2327
1627261468613000,0,25661.74710000,0.2327
1627261491160000,1,90.20000000,0.2322
1627261497177000,0,3900.00000000,0.2330
1627261497350000,0,196.21427000,0.2330
1627261523610000,1,271.20000000,0.2324
1627261556221000,0,3071.03272000,0.2324
1627261573825000,0,500.00000000,0.2324
1627261573842000,0,6380.83270000,0.2324
1627261573965000,0,11139.62781265,0.2324
1627261600572000,0,3610.64898000,0.2314
1627261609472000,0,10000.00000000,0.2308
1627261609531000,0,5500.00000000,0.2308
1627261621623000,0,9209.40275000,0.2306
1627261633136000,0,0.00000479,0.2306
1627261633136000,0,9203.81560521,0.2306
1627261665233000,1,26652.56253235,0.2300
1627261680286000,1,572.31974749,0.2293
1627261680599000,1,194.78595884,0.2292
1627261680599000,1,3900.00000000,0.2289
1627261680599000,1,2920.22025675,0.2288
1627261681461000,1,196.51604763,0.2290
1627261681461000,1,1801.10374948,0.2289
1627261689101000,1,6273.42340000,0.2292
1627261689170000,1,27500.00000000,0.2292
1627261689221000,1,15000.00000000,0.2292
1627261689279000,1,5913.21836000,0.2292
1627261689577000,0,3900.00000000,0.2292
1627261689806000,0,3600.00000000,0.2295
1627261689913000,0,5657.62691056,0.2295
1627261689913000,0,807.91975903,0.2295
1627261690076000,0,3900.00000000,0.2295
1627261690076000,0,13100.00000000,0.2295
1627261690154000,0,63500.00000000,0.2295
1627261690220000,0,18969.73024000,0.2295
1627261707781000,0,7800.00000000,0.2298
1627261707879000,0,1445.56630000,0.2298
1627261714216000,0,0.00004744,0.2298
1627261714216000,0,3053.63034000,0.2298
1627261719920000,1,3105.24030000,0.2298
1627261736077000,0,9231.09810000,0.2301
1627261744156000,0,0.00009811,0.2301
1627261771528000,1,3900.00000000,0.2312
1627261816416000,1,7500.00000000,0.2308
1627261816475000,1,7000.00000000,0.2308
1627261820049000,1,3000.00000000,0.2309
1627261826038000,1,432.90000000,0.2312
1627261835612000,1,2286.00000000,0.2313
1627261840308000,1,23500.00000000,0.2314
1627261854841000,1,3900.00000000,0.2307
1627261855548000,1,15600.00000000,0.2307
1627261919608000,0,3000.00000000,0.2316
1627261919615000,0,15600.00000000,0.2317
1627261919722000,0,10378.29948173,0.2317
1627261919722000,0,5221.70051827,0.2317
1627261955985000,0,9159.49859000,0.2319
1627261960541000,0,0.00000996,0.2319
1627261970999000,1,31200.00000000,0.2320
1627262016881000,0,106.92762700,0.2324
1627262177549000,1,3900.00000000,0.2311
1627262177731000,1,781.10970397,0.2308
1627262195037000,1,201.83521644,0.2305
1627262195037000,1,199.92204366,0.2304
1627262195037000,1,4460.61400000,0.2304
1627262195037000,1,3900.00000000,0.2304
1627262195037000,1,1237.62873990,0.2304
1627262251155000,1,2000.00000000,0.2305
1627262343090000,1,3900.00000000,0.2311
1627262366143000,1,523.45960000,0.2306
1627262366263000,1,360.13440000,0.2306
1627262366270000,1,15600.00000000,0.2306
1627262366355000,1,105.81450000,0.2306
1627262366398000,1,10486.23036006,0.2306
1627262370860000,0,3900.00000000,0.2311
1627262375678000,0,197.45771912,0.2311
1627262375678000,0,2420.60484202,0.2312
1627262379861000,1,7123.98853000,0.2308
1627262382683000,1,7500.00000000,0.2309
1627262382742000,1,24000.00000000,0.2309
1627262422503000,0,6320.60480000,0.2308
1627262512538000,0,18400.00000000,0.2309
1627262524119000,1,500.00000000,0.2302
1627262539559000,0,14600.00000000,0.2303
1627262539627000,0,4800.00000000,0.2303
1627262743761000,0,16800.00000000,0.2314
1627262750291000,0,13200.00000000,0.2315
1627262757160000,1,7500.00000000,0.2319
1627262757208000,1,1634.77590000,0.2319
1627262770893000,1,3077.52843000,0.2319
1627262772390000,1,0.00000973,0.2319
1627262781858000,0,13500.00000000,0.2317
1627262843086000,0,16400.00000000,0.2310
1627262895261000,1,4687.69567000,0.2314
1627262895309000,1,3500.00000000,0.2314
1627262897412000,1,967.22363000,0.2314
1627262903589000,1,0.00000888,0.2314
1627262903589000,1,8532.77636112,0.2314
1627262903633000,1,622.14293000,0.2314
1627262916336000,0,22200.00000000,0.2316
1627262920790000,1,4000.00000000,0.2316
1627262920857000,1,4000.00000000,0.2316
1627262920914000,1,1149.39562000,0.2316
1627262921338000,1,0.00000777,0.2316
1627262923596000,1,0.00001776,0.2314
1627262923738000,1,10228.46145000,0.2313
1627262923853000,1,12000.00000000,0.2313
1627262923918000,1,5500.00000000,0.2313
1627262923971000,1,17500.00000000,0.2313
1627262940993000,0,5500.00000000,0.2311
1627262941057000,0,6500.00000000,0.2311
1627262941090000,0,8600.00000000,0.2311
1627262965417000,0,500.00000000,0.2314
1627262965517000,0,6500.00000000,0.2314
1627262998110000,1,5000.00000000,0.2321
1627263000269000,1,1084.20909684,0.2321
1627263002362000,1,9130.59141000,0.2320
1627263009193000,1,0.00000513,0.2320
1627263009193000,1,3900.00000000,0.2320
1627263009193000,1,99.99999487,0.2320
1627263009278000,1,5030.59142000,0.2320
1627263010593000,0,15600.00000000,0.2322
1627263010662000,0,5200.00000000,0.2322
1627263014233000,1,9116.44197000,0.2324
1627263015615000,1,0.00000991,0.2324
1627263015615000,1,3899.99999009,0.2324
1627263017102000,1,4022.37520000,0.2323
1627263017153000,1,5098.06202000,0.2323
1627263017161000,1,0.00000057,0.2323
1627263018732000,1,9120.43722000,0.2323
1627263027623000,1,9115.42354000,0.2324
1627263028956000,1,0.00000926,0.2324
1627263028956000,1,6999.99999074,0.2324
1627263029109000,1,2115.42350000,0.2324
1627263029126000,1,0.00005852,0.2324
1627263033612000,1,0.00000057,0.2323
1627263033612000,1,9118.59452943,0.2323
1627263057044000,1,0.00000690,0.2323
1627263081650000,0,10500.00000000,0.2318
1627263081718000,0,13300.00000000,0.2318
1627263082187000,0,500.00000000,0.2319
1627263090464000,1,5684.57640000,0.2321
1627263090465000,1,3436.60598784,0.2321
1627263090569000,1,27726.30026000,0.2320
1627263150316000,0,5000.00000000,0.2328
1627263187089000,0,7000.00000000,0.2333
1627263187219000,0,8600.00000000,0.2333
1627263205290000,0,4909.37500000,0.2338
1627263232054000,0,32090.98214285,0.2340
1627263232054000,0,2330.00000000,0.2340
1627263232196000,0,171.37231869,0.2341
1627263232196000,0,1920.09768131,0.2342
1627263244015000,0,89.63143554,0.2343
1627263286375000,0,247.66078036,0.2348
1627263286375000,0,8640.33921964,0.2349
1627263289957000,0,247.66078000,0.2349
1627263290048000,0,0.00000036,0.2349
1627263328629000,0,2454.68750000,0.2353
1627263336214000,1,500.00000000,0.2352
1627263489076000,0,500.00000000,0.2347
1627263505259000,1,500.00000000,0.2351
1627263505313000,1,9003.22434226,0.2351
1627263505398000,1,1500.00000000,0.2351
1627263527976000,1,6784.29968000,0.2352
1627263528021000,1,2219.16862000,0.2352
1627263530835000,1,0.00000307,0.2352
1627263530835000,1,4499.99999693,0.2352
1627263531971000,1,4503.46830000,0.2352
1627263551266000,1,10777.36308000,0.2355
1627263551320000,1,5000.00000000,0.2355
1627263551426000,1,13000.00000000,0.2355
1627263551481000,1,11500.00000000,0.2355
1627263576285000,1,2230.30700000,0.2359
1627263576325000,0,500.00000000,0.2359
1627263587413000,0,2730.30700000,0.2363
1627263587526000,0,4769.69300000,0.2363
1627263633606000,0,87.87469771,0.2367
1627263633606000,0,87.87468229,0.2367
1627263633606000,0,0.00001542,0.2367
1627263636636000,0,3900.00000000,0.2372
1627263636789000,0,2454.68750000,0.2373
1627263637178000,1,500.00000000,0.2375
1627263663401000,0,3900.00000000,0.2379
1627263682178000,1,1500.00000000,0.2374
1627263682355000,1,8530.43689000,0.2373
1627263682356000,1,500.00000000,0.2373
1627263682440000,1,10769.56310000,0.2373
1627263902491000,1,1698.44000000,0.2364
1627263907395000,1,7250.73771000,0.2364
1627263915213000,1,8958.72263000,0.2362
1627263924998000,1,0.00000610,0.2362
1627263924998000,1,2999.99999390,0.2360
1627263926063000,1,16800.00000609,0.2360
1627264080291000,1,4360.03989407,0.2343
1627264090951000,0,3000.00000000,0.2346
1627264090984000,1,3900.00000000,0.2346
1627264091161000,1,500.00000000,0.2346
1627264091175000,1,7959.34702924,0.2346
1627264136876000,0,1400.00000000,0.2343
1627264182089000,0,2500.00000000,0.2349
1627264241315000,0,20800.00000000,0.2348
1627264307511000,1,22590.53966000,0.2344
1627264307568000,1,3069.14365000,0.2344
1627264377791000,1,2510.30000000,0.2353
1627264377975000,1,425.50000000,0.2351
1627264378311000,1,104.70000000,0.2351
1627264440279000,1,2774.15115529,0.2346
1627264530865000,0,7569.14365000,0.2356
1627264530940000,0,11000.00000000,0.2356
1627264693036000,1,5284.45110000,0.2353
1627264824481000,1,1525.25384582,0.2361
1627264873734000,1,3000.00000000,0.2352
1627264873734000,1,17000.00000000,0.2352
1627264961876000,0,7500.00000000,0.2351
1627264961941000,0,19937.45547000,0.2351
1627264961987000,0,0.00000707,0.2351
1627264962120000,0,500.00000000,0.2353
1627264978033000,1,1525.25380000,0.2352
1627264978112000,1,2720.99463000,0.2352
1627264978777000,1,0.00000950,0.2352
1627264978777000,1,4243.18543050,0.2352
1627265018274000,1,0.00001368,0.2352
1627265255974000,1,4281.55506080,0.2334
1627265255974000,1,1000.00000000,0.2334
1627265255974000,1,9687.02963181,0.2334
1627265256033000,1,500.00000000,0.2334
1627265256200000,1,1018.13982000,0.2334
1627265256281000,1,0.00000619,0.2334
1627265315157000,0,3000.00000000,0.2326
1627265331995000,1,4293.54079000,0.2326
1627265339160000,1,4292.84040000,0.2327
1627265415725000,0,2960.51527000,0.2328
1627265415850000,0,0.00000787,0.2328
1627265423975000,1,9000.00000000,0.2326
1627265446209000,1,5377.10400000,0.2324
1627265446385000,1,5500.00000000,0.2324
1627265530776000,1,2500.00000000,0.2333
1627265530826000,1,12500.00000000,0.2333
1627265539275000,1,7500.00000000,0.2333
1627265551950000,1,26935.34796912,0.2329
1627265749953000,0,15170.73034000,0.2336
1627265815873000,0,987.78756000,0.2342
1627265841694000,1,4266.23562000,0.2341
1627265848033000,1,0.00000533,0.2341
1627265848033000,1,5499.99999467,0.2339
1627265848082000,1,11000.00000000,0.2339
1627265864830000,0,500.00000000,0.2343
1627265864909000,0,3000.00000000,0.2343
1627265865231000,0,10678.05329266,0.2344
1627265865231000,0,4270.75220734,0.2344
1627265886556000,1,4256.94947000,0.2346
1627265886777000,1,0.00000001,0.2346
1627265886777000,1,4256.62329999,0.2346
1627265980135000,1,4267.63172000,0.2341
1627266016130000,1,4276.20888425,0.2335
1627266016130000,1,10690.70339575,0.2335
1627266016208000,1,0.00001296,0.2335
1627266071486000,1,4278.14807000,0.2335
1627266113727000,1,4273.54079000,0.2338
1627266159187000,1,4265.62926000,0.2342
1627266159234000,1,0.00000563,0.2342
1627266287189000,1,3000.00000000,0.2342
1627266287189000,1,1266.02960000,0.2342
1627266287477000,1,3000.00000000,0.2342
1627266287522000,1,0.00000625,0.2342
1627266451168000,1,4252.53238303,0.2349
1627266451168000,1,10631.32888697,0.2349
1627266451236000,1,0.00001122,0.2349
1627266451475000,0,337.95390764,0.2352
1627266473243000,1,4248.19664000,0.2351
1627266473288000,1,0.00000053,0.2351
1627266473288000,1,10619.22522947,0.2351
1627266806409000,0,3551.88071937,0.2358
1627266847264000,1,4251.12229000,0.2350
1627266986790000,1,4244.04984000,0.2354
1627266986922000,1,0.00000212,0.2354
1627266986922000,1,10611.02307788,0.2354
1627267023167000,1,4244.55423000,0.2354
1627267038620000,1,4241.45770418,0.2355
1627267038620000,1,8258.54229582,0.2355
1627267038675000,1,2344.82987000,0.2355
1627267144111000,1,4224.36444000,0.2366
1627267157053000,1,4226.86425000,0.2364
1627267157203000,1,0.00000848,0.2364
1627267157203000,1,10564.83599152,0.2364
1627267157204000,1,0.00003940,0.2364
1627267157204000,1,10564.83599060,0.2364
1627267192374000,1,4226.36405000,0.2364
1627267211425000,1,2500.00000000,0.2364
1627267304126000,1,4246.64515033,0.2352
1627267304126000,1,454.15107967,0.2352
1627267304276000,1,3792.49407000,0.2352
1627267306298000,1,4248.48541000,0.2352
1627267380952000,1,1500.00000000,0.2349
1627267381764000,1,337.95390764,0.2347
1627267426023000,1,4244.95063122,0.2353
1627267426023000,1,9755.04936878,0.2353
1627267426088000,1,857.50522513,0.2353
1627267426088000,1,5142.49477487,0.2353
1627267460563000,0,3000.00000000,0.2355
1627267474861000,1,1000.00000000,0.2355
1627267612024000,1,1000.00000000,0.2347
1627267616451000,1,4257.31193000,0.2347
1627267637504000,1,3000.00000000,0.2350
1627267637759000,1,4252.06225000,0.2350
1627267650747000,1,4255.57267000,0.2348
1627267676525000,1,4253.76245000,0.2349
1627267676705000,1,0.00000289,0.2349
1627267676705000,1,6499.99999711,0.2348
1627267685230000,1,4258.39969000,0.2347
1627267698448000,1,3900.00000000,0.2344
1627267698637000,1,3500.00000000,0.2344
1627267698692000,1,4500.00000000,0.2344
1627267698745000,1,2653.80064468,0.2344
1627267698745000,1,3846.19935532,0.2344
1627267698824000,1,415.24900000,0.2344
1627267714645000,1,4263.19244903,0.2343
1627267714645000,1,2236.80755097,0.2343
1627267715268000,1,4263.81048000,0.2344
1627267750153000,1,4265.52009000,0.2342
1627267750235000,1,0.00000487,0.2342
1627267793512000,1,4255.13807923,0.2348
1627267793512000,1,744.86192077,0.2348
1627267799439000,1,4256.36965000,0.2347
1627267799502000,1,3339.77830000,0.2347
1627267799608000,1,916.66382516,0.2347
1627267799608000,1,3583.33617484,0.2347
1627267799664000,1,5500.00000000,0.2347
1627267865271000,1,4250.90544286,0.2349
1627267865271000,1,2249.09455714,0.2349
1627267866542000,1,4250.90544000,0.2347
1627267868743000,1,4250.90544000,0.2346
1627267913913000,1,4258.47223000,0.2346
1627267915544000,1,4259.63316000,0.2345
1627267915920000,1,0.00000039,0.2345
1627267915920000,1,10648.62735961,0.2345
1627267941202000,0,15000.00000000,0.2347
1627268046723000,1,4257.31193000,0.2346
1627268046829000,1,0.00000325,0.2346
1627268046829000,1,15599.99999675,0.2346
1627268111989000,1,4258.07330000,0.2346
1627268162069000,1,4267.52244000,0.2341
1627268199660000,0,3000.00000000,0.2342
1627268244314000,1,4264.42869000,0.2343
1627268294819000,1,4270.58421000,0.2339
1627268302296000,1,2710.42272000,0.2337
1627268322886000,1,1500.00000000,0.2337
1627268416029000,1,500.00000000,0.2339
1627268416041000,1,1799.32439000,0.2339
1627268429548000,0,1496.49392851,0.2340
1627268484755000,1,3900.00000000,0.2345
1627268599070000,1,3000.00000000,0.2348
1627268599070000,1,1000.00000000,0.2348
1627268599162000,1,3256.18840000,0.2348
1627268600620000,1,3900.00000000,0.2348
1627268612354000,1,2700.00000000,0.2349
1627268612429000,1,1446.64200000,0.2349
1627268741015000,1,3000.00000000,0.2340
1627268757542000,1,0.00000805,0.2337
1627268815238000,0,9084.77541015,0.2336
1627268815238000,0,4406.47461985,0.2336
1627268815301000,0,0.00000983,0.2336
1627268815553000,1,462.00000000,0.2333
1627268842707000,1,4271.20439000,0.2339
1627268842768000,1,0.00000422,0.2339
1627268883766000,1,4270.51126000,0.2339
1627268883836000,1,0.00000561,0.2339
1627268883836000,1,461.99999439,0.2339
1627268901885000,1,4269.41730000,0.2340
1627268940169000,1,4272.66434000,0.2339
1627268948993000,0,4092.54726000,0.2340
1627268949067000,0,4973.54634000,0.2340
1627268979441000,1,4267.74099000,0.2341
1627269107968000,0,11794.19465000,0.2341
1627269108082000,0,4500.00000000,0.2341
1627269108421000,0,3500.00000000,0.2341
1627269114812000,0,3000.00000000,0.2340
1627269227480000,0,147.31646868,0.2345
1627269237440000,0,5000.00000000,0.2345
1627269322166000,1,4265.66565713,0.2341
1627269322166000,1,1234.33434287,0.2341
1627269325134000,1,457.25780000,0.2339
1627269352181000,1,4278.55076000,0.2335
1627269369486000,1,4276.94044000,0.2336
1627269372331000,1,4278.47754000,0.2335
1627269397899000,1,4277.63566522,0.2336
1627269397899000,1,8722.36433478,0.2336
1627269566994000,1,4264.90156000,0.2343
1627269575781000,1,2901.12970000,0.2342
1627269973229000,1,4262.39290738,0.2344
1627269973229000,1,237.60709262,0.2344
1627270199392000,0,2282.60516786,0.2351
1627270213406000,1,4254.52255748,0.2348
1627270213406000,1,5745.47744252,0.2348
1627270366158000,1,6558.35106382,0.2350
1627270454259000,1,4259.70573000,0.2346
1627270460209000,1,4261.26678000,0.2345
1627270468281000,1,2000.00000000,0.2344
1627270532860000,1,3032.49780059,0.2346
1627270532945000,1,1227.49828020,0.2346
1627270532946000,1,0.00000001,0.2346
1627271112760000,0,3900.00000000,0.2349
1627271112760000,0,3000.00000000,0.2349
1627271112760000,0,9027.46782197,0.2350
1627271112760000,0,13084.75988658,0.2350
1627271229117000,1,1500.00000000,0.2348
1627271507075000,0,5090.05850000,0.2345
1627271758846000,0,4268.30099000,0.2344
1627271758879000,0,0.00000570,0.2344
1627271760262000,1,265.32545055,0.2346
1627271788577000,1,3000.00000000,0.2347
1627271788660000,1,265.32540000,0.2347
1627271820435000,0,500.00000000,0.2352
1627271820435000,0,6445.52491338,0.2352
1627271881697000,0,1614.32518000,0.2352
1627271884741000,0,0.00000522,0.2352
1627272027899000,1,1496.49392851,0.2354
1627272082301000,0,1614.32518000,0.2360
1627272082720000,0,0.00000522,0.2360
1627272139077000,1,4221.72499000,0.2367
1627272161854000,1,4220.08592000,0.2366
1627272161954000,1,0.00000095,0.2366
1627272161954000,1,1496.49389905,0.2366
1627272161990000,1,9534.16793000,0.2366
1627272162074000,1,12000.00000000,0.2366
1627272177392000,1,4222.22409877,0.2366
1627272177392000,1,10559.39194123,0.2366
1627272291655000,0,417.02317418,0.2365
1627272325075000,1,4223.65075476,0.2362
1627272327740000,1,0.00000001,0.2362
1627272480268000,1,236.32716889,0.2354
1627272480526000,1,2000.00000000,0.2354
1627272521929000,1,1819.30410000,0.2350
1627273085309000,1,2000.00000000,0.2357
1627273085309000,1,4241.02598901,0.2356
1627273085309000,1,6353.14479719,0.2356
1627273174080000,1,1000.00000000,0.2363
1627273244874000,1,4224.89986000,0.2365
1627273303244000,0,3503.69081869,0.2372
1627273304934000,0,4215.80531000,0.2374
1627273305012000,0,3503.69080000,0.2374
1627273306238000,1,3900.00000000,0.2373
1627273317302000,0,3900.00000000,0.2374
1627273328531000,1,4214.43020000,0.2370
1627273328636000,1,0.00000904,0.2370
1627273328636000,1,4214.64334096,0.2370
1627273336658000,1,4220.79840000,0.2367
1627273374440000,0,13500.00000000,0.2374
1627273448873000,1,4204.75473666,0.2374
1627273448873000,1,10517.81015334,0.2374
1627273594899000,1,4221.26165068,0.2368
1627273595000000,1,10552.25938000,0.2367
1627273595159000,1,0.00000146,0.2367
1627273595159000,1,4221.04782854,0.2367
1627273636179000,0,3000.00000000,0.2368
1627273636181000,0,500.00000000,0.2368
1627273636226000,0,3000.00000000,0.2368
1627273637023000,1,6646.38461000,0.2369
1627273637207000,1,318.48370000,0.2369
1627273637338000,1,3581.51630000,0.2369
1627273639189000,1,318.48370000,0.2369
1627273643151000,1,3000.00000000,0.2369
1627273653455000,1,3000.00000000,0.2372
1627273668342000,1,4215.42508000,0.2370
1627273675199000,1,3000.00000000,0.2370
1627273681319000,1,3318.09224000,0.2369
1627273683469000,1,3000.00000000,0.2369
1627273688998000,1,4218.27017000,0.2369
1627273689064000,1,0.00000177,0.2369
1627273689064000,1,5999.99999823,0.2369
1627273707578000,1,8934.65640000,0.2370
1627273728540000,1,3900.00000000,0.2367
1627273729101000,1,3500.00000000,0.2367
1627273729407000,1,3900.00010000,0.2367
1627273729441000,1,1544.98981289,0.2367
1627273736202000,1,3900.00000000,0.2366
1627273767904000,1,5545.98170000,0.2367
1627273894166000,1,719.51837000,0.2367
1627273894180000,1,0.00000769,0.2367
1627273996965000,1,3900.00000000,0.2365
1627274041066000,0,3900.00000000,0.2362
1627274041066000,0,790.10045275,0.2363
1627274221145000,0,4228.43708000,0.2367
1627274221259000,0,0.00000508,0.2367
1627274221259000,0,3899.99999492,0.2367
1627274292169000,0,1351.36018339,0.2364
1627274292171000,0,1289.45500000,0.2364
1627274292171000,0,1591.80433700,0.2364
1627274292205000,0,10581.31881545,0.2365
1627274292303000,0,15600.00000000,0.2365
1627274292358000,0,11909.76403503,0.2365
1627274292358000,0,3690.23596497,0.2365
1627274292653000,0,2614.89758390,0.2371
1627274308116000,1,3900.00000000,0.2372
1627274328040000,1,3900.00000000,0.2374
1627274339013000,1,3000.00000000,0.2376
1627274339065000,1,4206.27576000,0.2376
1627274339226000,1,0.00000344,0.2376
1627274339276000,1,10515.14877000,0.2375
1627274487644000,1,8923.73129000,0.2373
1627274487793000,1,0.00000379,0.2373
1627274606865000,1,500.00000000,0.2375
1627274606963000,1,7299.99990000,0.2375
1627274629106000,0,167.66081132,0.2374
1627274670040000,0,1697.53147955,0.2376
1627274692148000,0,1173.00000000,0.2379
1627274728130000,0,1000.00000000,0.2380
1627274732501000,0,2201.48609390,0.2383
1627274732680000,0,2500.00000000,0.2383
1627274732742000,0,8098.51390000,0.2383
1627274732838000,0,0.00000610,0.2383
1627274737032000,1,420.10000000,0.2383
1627274737909000,1,672.20000000,0.2382
1627274737980000,1,378.10000000,0.2383
1627274943652000,1,4194.66606000,0.2382
1627275134972000,1,420.10000000,0.2382
1627275413741000,1,2041.08276000,0.2376
1627275667243000,1,3099.52797000,0.2371
1627275885311000,0,16000.00000000,0.2369
1627275928631000,1,4224.50721000,0.2365
1627275930280000,1,1000.00000000,0.2364
1627275930280000,1,3137.28000000,0.2364
1627276000362000,1,8957.56637000,0.2364
1627276042228000,1,0.00000082,0.2364
1627276055600000,1,500.00000000,0.2359
1627276098103000,1,430.00000000,0.2351
1627276099032000,0,9500.00000000,0.2352
1627276119133000,1,3900.00000000,0.2351
1627276119133000,1,2565.54666959,0.2351
1627276271961000,1,4245.74364000,0.2353
1627276272015000,1,0.00000200,0.2353
1627276272015000,1,4999.99999800,0.2353
1627276277948000,1,8989.82478000,0.2355
1627276278030000,1,0.00000644,0.2355
1627276278030000,1,4244.48209356,0.2354
1627276302243000,1,4244.44614222,0.2354
1627276302243000,1,8993.15283408,0.2354
1627276302243000,1,4244.12189118,0.2353
1627276302245000,1,17981.27622745,0.2353
1627276302245000,1,5275.57000000,0.2353
1627276330674000,1,4249.64090000,0.2351
1627276453840000,0,4257.50109000,0.2351
1627276454080000,0,4257.39625104,0.2351
1627276494276000,0,87.52460456,0.2352
1627276714094000,0,4245.81776000,0.2357
1627276906575000,0,4245.94828000,0.2357
1627276945593000,1,8983.51227000,0.2356
1627277004618000,1,8969.20325000,0.2359
1627277107870000,1,225.42539412,0.2360
1627277132928000,1,310.94330000,0.2360
1627277133574000,1,4236.06757375,0.2359
1627277205114000,1,3576.93199830,0.2359
1627277317934000,1,6650.59739000,0.2361
1627277318021000,1,3576.93190000,0.2360
1627277318070000,1,500.00000000,0.2360
1627277420859000,1,2500.00000000,0.2360
1627277420929000,1,1733.30595795,0.2360
1627277787693000,1,940.68354068,0.2353
1627277916215000,0,11000.00000000,0.2361
1627277916332000,0,3800.00000000,0.2361
1627277930740000,1,4227.93651331,0.2363
1627277930740000,1,9572.06348669,0.2363
1627277940884000,1,1000.00000000,0.2361
1627278138132000,1,921.28500000,0.2378
1627278138132000,1,0.00000546,0.2378
1627278186789000,1,4000.00000000,0.2377
1627278213208000,1,4000.00000000,0.2377
1627278213260000,1,4906.48156000,0.2377
1627278216003000,0,2394.61072428,0.2377
1627278225497000,0,0.00000001,0.2377
1627278232823000,1,4093.51844000,0.2378
1627278234696000,1,4000.00000000,0.2378
1627278391281000,1,3691.10470000,0.2379
1627278413441000,1,0.00005870,0.2379
1627278641309000,1,6000.00000000,0.2373
1627278641361000,1,5500.00000000,0.2373
1627278641409000,1,4000.00000000,0.2373
1627278641449000,1,9507.24289031,0.2373
1627278897052000,1,4216.17154000,0.2369
1627278902095000,0,3900.00000000,0.2373
1627278902095000,0,114.52349247,0.2373
1627278960305000,1,214.36018107,0.2379
1627279016226000,1,4201.57475000,0.2378
1627279194013000,1,2130.45487000,0.2381
1627279194564000,0,3900.00000000,0.2381
1627279194564000,0,2808.90885427,0.2382
1627279246042000,1,4188.79748000,0.2385
1627279291794000,1,4195.51080344,0.2381
1627279291794000,1,1304.48919656,0.2381
1627279292103000,1,7000.00000000,0.2381
1627279454703000,0,955.00000000,0.2390
1627279454703000,0,6519.95470000,0.2390
1627279471872000,1,4183.36526000,0.2388
1627279471942000,1,0.00000635,0.2388
1627279471942000,1,10458.58499212,0.2388
1627279608768000,0,3900.00000000,0.2387
1627279608768000,0,111.86108551,0.2388
1627279641873000,0,2500.00000000,0.2384
1627279643627000,0,18500.00000000,0.2384
1627279643798000,0,4205.64680000,0.2384
1627279643866000,0,4000.00000000,0.2384
1627279643932000,0,13500.00000000,0.2384
1627279643991000,0,5000.00000000,0.2384
1627279644082000,0,5500.00000000,0.2384
1627279644394000,0,4500.00000000,0.2384
1627279644829000,0,7920.36390000,0.2384
1627279713477000,1,3900.00000000,0.2388
1627279716915000,1,12542.59507000,0.2388
1627279716988000,1,0.00000450,0.2388
1627279800369000,1,584.14039089,0.2387
1627279884052000,0,0.00005113,0.2390
1627279906739000,0,2475.85821113,0.2394
1627279972625000,0,500.00000000,0.2397
1627279980929000,1,1608.18934807,0.2397
1627280060711000,1,4168.47300000,0.2397
1627280060802000,1,0.00000497,0.2397
1627280061095000,1,4168.29925000,0.2397
1627280079943000,0,12500.00000000,0.2399
1627280080062000,0,2859.34700000,0.2399
1627280080170000,0,0.00002924,0.2399
1627280086446000,1,4167.95178000,0.2397
1627280090053000,1,100.00000000,0.2396
1627280105485000,1,4167.56964000,0.2398
1627280105563000,1,0.00000009,0.2398
1627280105563000,1,3032.33109991,0.2397
1627280127462000,0,2469.77071178,0.2400
1627280188001000,1,4166.42362000,0.2397
1627280287187000,1,4168.54251080,0.2397
1627280338855000,0,675.55481283,0.2400
1627280338855000,0,1794.21578717,0.2400
1627280339093000,0,155.36576510,0.2400
1627280339093000,0,533.47907199,0.2400
1627280339093000,0,446.62152427,0.2400
1627280339093000,0,200.00000000,0.2400
1627280339093000,0,2000.00000000,0.2400
1627280339093000,0,632.91453864,0.2400
1627280373156000,0,0.00022266,0.2400
1627280373156000,0,773.29994400,0.2400
1627280393692000,0,207.11560717,0.2402
1627280399116000,0,980.41560000,0.2403
1627280405954000,1,3900.00000000,0.2399
1627280449781000,0,6519.58440000,0.2403
1627280451772000,1,416.60000000,0.2403
1627280452075000,1,416.60000000,0.2403
1627280452320000,1,416.60000000,0.2402
1627280452401000,1,2041.50000000,0.2402
1627280507174000,1,219.00000000,0.2401
1627280507193000,1,416.80000000,0.2401
1627280597385000,0,183.71096815,0.2404
1627280597391000,0,0.00000001,0.2404
1627280626878000,0,499.99999999,0.2405
1627280627236000,0,0.00000001,0.2405
1627280651997000,0,500.00000000,0.2407
1627280651997000,0,3900.00000000,0.2407
1627280651997000,0,1882.33103505,0.2408
1627280653804000,1,3900.00000000,0.2404
1627280654131000,1,4156.06869000,0.2403
1627280654216000,1,0.00000150,0.2403
1627280654216000,1,7410.49999850,0.2403
1627280691891000,0,1893.58058623,0.2409
1627280697222000,1,3000.00000000,0.2408
1627280697280000,1,4147.69098000,0.2408
1627280778982000,1,3900.00000000,0.2403
1627280778982000,1,4159.31853725,0.2402
1627280778982000,1,9259.27045131,0.2402
1627280848574000,1,3900.00010000,0.2403
1627280848634000,1,257.10520000,0.2403
1627280848641000,1,0.00002442,0.2403
1627280848641000,1,4156.62137558,0.2402
1627280848833000,1,0.00012247,0.2402
1627280848833000,1,3899.99997753,0.2401
1627280851266000,0,3900.00000000,0.2402
1627280851419000,0,3000.00000000,0.2402
1627280853020000,1,4160.56450000,0.2400
1627280979338000,0,7800.00000000,0.2398
1627280979426000,0,15600.00000000,0.2398
1627281050098000,0,1581.10627700,0.2403
1627281103635000,1,3900.00000000,0.2405
1627281154611000,1,3900.00000000,0.2404
1627281186291000,0,20094.59462000,0.2403
1627281186343000,0,500.00000000,0.2403
1627281221604000,1,3900.00000000,0.2403
1627281304148000,1,3000.00000000,0.2401
1627281304277000,1,8814.78860000,0.2401
1627281307488000,1,2500.00000000,0.2401
1627281325429000,1,0.00000707,0.2401
1627281325429000,1,3499.99999293,0.2400
1627281325485000,1,662.12301000,0.2400
1627281325528000,1,0.00001278,0.2400
1627281325528000,1,11699.99998722,0.2400
1627281325578000,1,8300.00001278,0.2400
1627281325629000,1,4500.00000000,0.2400
1627281334987000,1,4163.96009000,0.2400
1627281335057000,1,0.00000261,0.2400
1627281335074000,1,10408.50800000,0.2399
1627281365022000,0,439.44824137,0.2394
1627281404499000,1,4185.18611000,0.2387
1627281404671000,1,4185.18611523,0.2385
1627281404671000,1,760.44280768,0.2385
1627281429669000,0,3000.00000000,0.2392
1627281429669000,0,3900.00000000,0.2392
1627281429669000,0,3526.78959909,0.2392
1627281432090000,1,3000.00000000,0.2391
1627281432090000,1,5853.09791000,0.2390
1627281467319000,1,4193.50509930,0.2383
1627281473534000,1,4192.23932000,0.2383
1627281473571000,1,0.00000656,0.2383
1627281480272000,0,432.46939040,0.2385
1627281532649000,1,500.00000000,0.2378
1627281532649000,1,3900.00000000,0.2378
1627281532649000,1,4202.06909882,0.2378
1627281532649000,1,3900.00000000,0.2378
1627281532649000,1,4200.62169201,0.2378
1627281532649000,1,4460.61400000,0.2378
1627281532649000,1,7849.32291767,0.2377
1627281600971000,1,3460.55190000,0.2382
1627281601066000,1,733.93821778,0.2382
1627281601066000,1,8885.25448222,0.2382
1627281602355000,1,0.00002652,0.2382
1627281647562000,1,4193.50509000,0.2382
1627281691221000,1,3900.00000000,0.2386
1627281691221000,1,8867.77286223,0.2386
1627281691221000,1,3900.00000000,0.2385
1627281691221000,1,4460.61400000,0.2385
1627281691221000,1,4187.42933713,0.2385
1627281691221000,1,10468.74557424,0.2385
1627281691221000,1,73721.43822640,0.2385
1627281694433000,1,4186.90336000,0.2386
1627281694501000,1,0.00000627,0.2386
1627281694501000,1,8867.77285373,0.2386
1627281694528000,1,1599.65774090,0.2386
1627281710476000,0,3000.00000000,0.2392
1627281710476000,0,1909.84086632,0.2392
1627281755860000,1,4177.52824000,0.2391
1627281755908000,1,0.00000009,0.2391
1627281755908000,1,10445.82466991,0.2391
1627281755943000,1,0.00000285,0.2391
1627281756024000,1,4178.26134000,0.2391
1627281758379000,1,4178.26134000,0.2390
1627281758381000,1,0.00000189,0.2390
1627281758394000,1,2022.08100000,0.2390
1627281781167000,1,4177.98200000,0.2391
1627281797782000,1,500.00000000,0.2389
1627281840228000,0,124.02440399,0.2388
1627281924088000,0,123.74510000,0.2393
1627281924613000,0,676.25490000,0.2393
1627281975386000,1,3500.00000000,0.2391
1627282007506000,0,3900.00000000,0.2389
1627282007506000,0,3000.00000000,0.2390
1627282007506000,0,34845.26094233,0.2390
1627282045915000,1,4193.11825432,0.2382
1627282045915000,1,10482.96834568,0.2382
1627282045923000,1,0.00008950,0.2382
1627282200234000,1,1531.22248354,0.2374
1627282249438000,0,974.12230791,0.2372
1627282369864000,1,1830.00000000,0.2353
1627282369864000,1,2647.38538237,0.2353
1627282370318000,1,3000.00000000,0.2353
1627282370318000,1,2647.38538000,0.2353
1627282370318000,1,1061.52347427,0.2353
1627282398905000,1,997.96022438,0.2357
1627282438882000,0,206.10477971,0.2355
1627282438882000,0,2193.20552710,0.2355
1627282563099000,0,2750.00000000,0.2358
1627282712083000,1,441.47465800,0.2355
1627282778853000,1,3274.18831000,0.2360
1627282778905000,1,1186.42569000,0.2360
1627282781477000,1,3500.00000000,0.2360
1627282828350000,0,1480.35359303,0.2364
1627282855178000,0,3000.00000000,0.2365
1627282855178000,0,4230.01108263,0.2366
1627282855178000,0,377.32333616,0.2366
1627282868892000,1,3900.00000000,0.2363
1627282902585000,1,3900.00000000,0.2369
1627282920298000,0,225.61261934,0.2371
1627282920907000,0,3674.38738066,0.2371
1627282920907000,0,725.12541027,0.2371
1627282931951000,1,3900.00000000,0.2369
1627282935703000,1,4219.69415000,0.2368
1627282935775000,1,0.00000657,0.2368
1627282935775000,1,4219.01764393,0.2368
1627282940468000,1,3900.00000000,0.2367
1627283090668000,1,4207.65620000,0.2375
1627283090750000,1,1172.46430000,0.2374
1627283145948000,1,1000.00000000,0.2376
1627283146099000,1,1500.00000000,0.2376
1627283146099000,1,4205.00227070,0.2375
1627283146099000,1,2705.00226930,0.2375
1627283146256000,1,1500.00000000,0.2375
1627283146357000,1,0.00000140,0.2375
1627283146357000,1,2833.99999860,0.2375
1627283146434000,1,0.00000140,0.2375
1627283146434000,1,27294.21661860,0.2375
1627283146484000,1,27333.13047000,0.2374
1627283146544000,1,0.00000729,0.2374
1627283146544000,1,8913.48244271,0.2374
1627283147008000,1,2844.00000000,0.2374
1627283147091000,1,4205.00227070,0.2374
1627283147091000,1,3294.99772930,0.2374
1627283164354000,1,4204.57794000,0.2376
1627283173148000,1,4204.54258000,0.2377
1627283175390000,1,4204.25975000,0.2377
1627283188514000,1,4202.88149000,0.2377
1627283188591000,1,0.00000555,0.2377
1627283188718000,1,10509.76282000,0.2376
1627283198542000,1,10511.26381000,0.2376
1627283198603000,1,4204.40116000,0.2376
1627283198624000,1,0.00000714,0.2376
1627283198780000,1,4205.81580000,0.2376
1627283221030000,1,3117.54073000,0.2376
1627283221154000,1,1086.08279000,0.2376
1627283221217000,1,2031.45794000,0.2376
1627283221384000,1,1086.08279000,0.2376
1627283221436000,1,0.00000348,0.2376
1627283221436000,1,4203.55283652,0.2376
1627283228189000,1,4204.25975598,0.2376
1627283228247000,1,4117.54070000,0.2376
1627283228247000,1,86.50695708,0.2376
1627283228342000,1,1714.21716000,0.2376
1627283228389000,1,4204.25975000,0.2376
1627283228440000,1,2878.39438000,0.2376
1627283228493000,1,1714.21716000,0.2376
1627283228587000,1,0.00000861,0.2376
1627283228587000,1,4204.04764139,0.2375
1627283231858000,1,4204.25975000,0.2374
1627283232106000,1,4209.35655000,0.2374
1627283249805000,1,0.00001427,0.2374
1627283249805000,1,3899.99999573,0.2374
1627283249883000,1,6622.41417000,0.2374
1627283250036000,1,4208.47081000,0.2374
1627283251676000,1,0.00000005,0.2374
1627283251676000,1,3442.41954995,0.2374
1627283270897000,1,4205.78042000,0.2376
1627283270969000,1,0.00000462,0.2376
1627283270969000,1,7342.41939538,0.2376
1627283270977000,1,3167.43179084,0.2376
1627283271084000,1,10514.80202427,0.2376
1627283271084000,1,12985.19797573,0.2375
1627283274788000,1,4208.29370000,0.2374
1627283310707000,0,580.19029000,0.2371
1627283399912000,0,0.00000913,0.2371
1627283399912000,0,22501.31561087,0.2371
1627283400029000,0,12500.00000000,0.2371
1627283433000000,1,4210.80999000,0.2373
1627283620940000,0,207.54319427,0.2375
1627283648381000,1,12400.00000000,0.2374
1627283680920000,0,207.54300000,0.2377
1627283760478000,1,13500.00000000,0.2383
1627283760527000,1,8300.00000000,0.2383
1627283768079000,1,500.00000000,0.2381
1627283768278000,1,3696.32066604,0.2381
1627283768294000,1,11949.61991611,0.2381
1627283768295000,1,5250.38008389,0.2381
1627283788562000,0,500.00000000,0.2374
1627283792944000,0,1954.16590701,0.2381
1627283846115000,1,3900.00000000,0.2378
1627283846115000,1,100.00000000,0.2378
1627283868154000,1,4206.41731000,0.2375
1627283868205000,1,0.00000025,0.2375
1627283868205000,1,20599.99999975,0.2375
1627283880243000,0,2500.81044783,0.2379
1627283936300000,1,3900.00000000,0.2376
1627283936400000,1,5586.45204000,0.2376
1627283936445000,1,3313.54796000,0.2376
1627283961603000,0,2500.00000000,0.2377
1627283961603000,0,3900.00000000,0.2377
1627283961603000,0,4460.61400000,0.2378
1627283961603000,0,1571.63389920,0.2378
1627284071488000,0,3900.00000000,0.2380
1627284101470000,1,12600.00000000,0.2381
1627284257324000,1,3000.00000000,0.2375
1627284257324000,1,3900.00000000,0.2374
1627284257383000,0,13100.00000000,0.2374
1627284312280000,1,3900.00000000,0.2368
1627284342845000,0,7000.00000000,0.2367
1627284342914000,0,1948.55634000,0.2367
1627284344839000,0,0.00000769,0.2367
1627284411362000,1,4226.18544000,0.2364
1627284411914000,1,4226.18544502,0.2364
1627284411914000,1,5651.79034649,0.2364
1627284412380000,1,500.00000000,0.2364
1627284412437000,1,15848.20965351,0.2364
1627284644059000,1,4222.15279000,0.2367
1627284646401000,1,2546.26564700,0.2365
1627284679293000,1,2546.26560000,0.2362
1627284723808000,1,4227.15013000,0.2364
1627284845981000,1,4235.06293000,0.2359
1627284846019000,1,0.00000304,0.2359
1627284998360000,0,5775.54291000,0.2361
1627284998426000,0,5500.00000000,0.2361
1627284998488000,0,31200.00000000,0.2361
1627284998496000,0,8000.00000000,0.2361
1627285028482000,0,331.27938000,0.2357
1627285029162000,1,3900.00000000,0.2355
1627285029162000,1,1009.84086632,0.2355
1627285066807000,1,3900.00000000,0.2354
1627285066890000,1,10500.00000000,0.2354
1627285068159000,1,500.00000000,0.2353
1627285068234000,1,15600.00000000,0.2353
1627285068427000,1,10616.34021447,0.2351
1627285068427000,1,4244.87855401,0.2351
1627285069605000,1,6598.68085106,0.2350
1627285070134000,1,773.30016666,0.2344
1627285070168000,1,4399.51279093,0.2344
1627285076520000,1,417.02317418,0.2346
1627285103982000,1,417.02310000,0.2345
1627285105479000,1,3841.08646968,0.2345
1627285107290000,1,177.16964102,0.2343
1627285109784000,1,4259.08889570,0.2339
1627285109784000,1,4259.81461286,0.2339
1627285109786000,1,0.00000001,0.2339
1627285110299000,1,3900.00000000,0.2332
1627285110299000,1,15000.00000000,0.2332
1627285110299000,1,4259.81461287,0.2332
1627285110299000,1,1200.09908533,0.2332
1627285111784000,1,500.00000000,0.2333
1627285112043000,1,3078.89100000,0.2332
1627285115441000,1,241.35110000,0.2330
1627285149176000,1,0.00008894,0.2330
1627285152774000,0,4298.52861000,0.2328
1627285200255000,1,213.73152339,0.2321
1627285220573000,1,331.27938000,0.2326
1627285235169000,0,12500.00000000,0.2330
1627285296623000,1,196.05154748,0.2313
1627285296623000,1,28.74003965,0.2313
1627285298058000,0,3900.00000000,0.2318
1627285336414000,1,4500.00000000,0.2316
1627285336465000,1,12298.52861000,0.2316
1627285336528000,1,7000.00000000,0.2316
1627285399310000,1,3000.00000000,0.2318
1627285399363000,1,7500.00000000,0.2318
1627285422719000,0,3820.24210000,0.2322
1627285441440000,1,108.37523800,0.2323
1627285455320000,1,4000.00000000,0.2325
1627285517194000,1,3900.00000000,0.2334
1627285517194000,1,4460.61400000,0.2334
1627285517194000,1,2701.05490700,0.2334
1627285525209000,1,3900.00000000,0.2333
1627285525301000,1,379.68604223,0.2333
1627285525301000,1,6120.31395777,0.2333
1627285525352000,1,4579.26506576,0.2333
1627285542730000,1,5920.73494000,0.2334
1627285542797000,1,5000.00000000,0.2334
1627285542845000,1,5079.26506000,0.2334
1627285550211000,1,4284.67372000,0.2331
1627285561822000,1,4136.06122000,0.2331
1627285561874000,1,3000.00000000,0.2331
1627285561927000,1,1937.62711000,0.2331
1627285642993000,1,9063.67826000,0.2335
1627285657953000,1,4284.85731000,0.2332
1627285853092000,1,4275.33133000,0.2337
1627285913831000,1,15000.00000000,0.2337
1627285956359000,1,7000.00000000,0.2337
1627285972954000,1,3900.00000000,0.2335
1627285973287000,1,6038.50599000,0.2334
1627285973364000,1,4500.00000000,0.2334
1627285973389000,1,3661.49401000,0.2334
1627285988193000,1,4500.00000000,0.2335
1627285988303000,1,238.50600000,0.2335
1627286189635000,1,4263.37420000,0.2344
1627286215450000,0,4268.48226913,0.2344
1627286215597000,0,6023.81844447,0.2345
1627286215730000,0,4268.28747770,0.2345
1627286216241000,0,16484.24018838,0.2347
1627286219219000,1,114.86553600,0.2346
1627286219455000,1,14005.10806000,0.2346
1627286270938000,1,116.71897900,0.2342
1627286400282000,0,2436.29431677,0.2341
1627286402889000,0,1000.00000000,0.2340
1627286417054000,0,9452.72056514,0.2344
1627286417769000,1,5000.00000000,0.2344
1627286417891000,1,4033.82285000,0.2344
1627286425186000,1,0.00000381,0.2344
1627286425186000,1,4999.99999619,0.2343
1627286425272000,1,6000.00000000,0.2343
1627286437472000,1,6000.00000000,0.2342
1627286496357000,0,10000.00000000,0.2352
1627286500147000,1,6066.17715000,0.2350
1627286500256000,1,6733.82284999,0.2350
1627286500318000,1,0.00000001,0.2350
1627286503172000,1,1718.64691467,0.2347
1627286503271000,1,15600.00000000,0.2347
1627286531797000,1,500.00000000,0.2346
1627286552495000,1,500.00000000,0.2346
1627286554151000,1,10637.39054302,0.2344
1627286554172000,1,0.00000001,0.2344
1627286581560000,1,4265.66565000,0.2342
1627286609879000,1,5134.33435000,0.2334
1627286609995000,1,4500.00000000,0.2334
1627286696533000,1,7500.00000000,0.2332
1627286744293000,1,6500.00000000,0.2329
1627286744352000,1,4500.00000000,0.2329
1627286883527000,1,192.94271445,0.2323
1627286883527000,1,264.13634253,0.2322
1627286896248000,1,264.13630000,0.2322
1627286941897000,0,199.99999999,0.2323
