timestamp ms,type,amount,price
1624665618768000,1,260.42279976,0.2013
1624665698229000,1,507.32934075,0.2007
1624665726978000,1,242.09000000,0.2001
1624665727343000,1,0.00102995,0.2001
1624665727651000,1,330.00000000,0.2000
1624665727651000,1,497.40000000,0.2000
1624665727651000,1,828.80000000,0.2000
1624665727651000,1,2801.24999999,0.2000
1624665727651000,1,100.00000000,0.2000
1624665727651000,1,2487.60000000,0.2000
1624665727651000,1,150.00000000,0.2000
1624665727651000,1,600.00000000,0.2000
1624665727651000,1,15000.00000000,0.2000
1624665727651000,1,161.73708697,0.2000
1624665728259000,1,468.50482897,0.2000
1624665728259000,1,394.08985337,0.1998
1624665728259000,1,887.40531766,0.1998
1624665728325000,1,2700.95073465,0.1998
1624665775059000,1,2093.00000000,0.2000
1624665775059000,1,11292.16281020,0.2000
1624665791070000,1,2103.00000000,0.1993
1624665807475000,0,18399.99999999,0.1996
1624665807556000,0,0.00000001,0.1996
1624665868018000,1,387.28261529,0.1996
1624665881173000,1,0.00000001,0.1996
1624665902523000,0,410.51000000,0.2003
1624665904467000,0,0.00422279,0.2003
1624665904467000,0,386.39577721,0.2003
1624665904533000,0,0.00036394,0.2003
1624665944052000,0,17400.00000000,0.2004
1624665952486000,1,445.28551203,0.2002
1624665952486000,1,158.92262757,0.2002
1624666003502000,0,14800.00000000,0.2013
1624666003785000,0,4200.00000000,0.2013
1624666078130000,1,2898.00000000,0.2025
1624666094907000,1,2500.00000000,0.2029
1624666094965000,1,3000.00000000,0.2028
1624666154816000,1,487.99030000,0.2018
1624666154955000,1,0.00007364,0.2018
1624666154955000,1,1171.61162636,0.2018
1624666155019000,1,0.00008772,0.2018
1624666178574000,1,4320.00000000,0.2018
1624666178751000,1,520.23718000,0.2018
1624666213227000,1,3543.00000000,0.2011
1624666220765000,1,660.69868000,0.2009
1624666221025000,1,0.00000730,0.2009
1624666224849000,1,649.47160000,0.2005
1624666261048000,1,695.11020000,0.2003
1624666350334000,1,4107.83389000,0.1999
1624666350422000,1,114.30000000,0.1999
1624666413977000,1,1500.00000000,0.2001
1624666492901000,1,690.92650000,0.2013
1624666510839000,1,1500.00000000,0.2009
1624666511114000,1,8029.00000000,0.2009
1624666511364000,1,9537.00000000,0.2009
1624666511364000,1,5263.00000000,0.2009
1624666586817000,0,9000.00000000,0.2022
1624666597983000,1,7500.00000000,0.2022
1624666784256000,0,114.30000000,0.2036
1624667100351000,0,75178.64000000,0.2036
1624667217408000,1,1000.00000000,0.2039
1624667405635000,0,4893.65925184,0.2048
1624667405688000,0,0.00000001,0.2048
1624667445247000,0,330.00000000,0.2050
1624667480563000,0,14800.00000000,0.2060
1624667491467000,1,279.57135991,0.2064
1624667508868000,1,14808.29103239,0.2064
1624667581985000,1,7550.42865000,0.2059
1624667699696000,1,191.61876560,0.2065
1624667703409000,1,4808.38124000,0.2063
1624667784749000,0,1000.00000000,0.2062
1624667852183000,1,114.30000000,0.2062
1624667900270000,1,275.79289000,0.2064
1624667900330000,1,0.00000780,0.2064
1624667900330000,1,2224.20710220,0.2064
1624667900621000,1,689.50227033,0.2064
1624667981505000,1,282.43443000,0.2061
1624667985457000,1,4717.56557000,0.2059
1624667985828000,1,4865.43440000,0.2059
1624668079112000,0,384.38564000,0.2065
1624668258436000,1,10131.00000000,0.2068
1624668314516000,0,10126.87124000,0.2072
1624668315687000,0,0.00000368,0.2072
1624668315687000,0,4833.43934632,0.2072
1624668315989000,0,0.00000541,0.2072
1624668315989000,0,535.99088459,0.2072
1624668316214000,0,0.00001482,0.2072
1624668316214000,0,280.91870118,0.2072
1624668334556000,1,10105.00000000,0.2073
1624668440150000,1,109.16957000,0.2079
1624668440237000,1,0.00000335,0.2079
1624668440630000,1,10087.00000000,0.2078
1624668440912000,1,10088.00000000,0.2078
1624668523680000,0,10106.47133000,0.2076
1624668589938000,1,10085.00000000,0.2078
1624668708075000,0,5377.10400000,0.2075
1624668910932000,1,9880.00000000,0.2070
1624669002072000,0,10147.90669000,0.2068
1624669021055000,0,10141.43315000,0.2069
1624669181823000,0,114.30000000,0.2069
1624669308236000,1,14800.00000000,0.2057
1624669313544000,0,18000.00000000,0.2056
1624669402769000,0,16708.67128000,0.2055
1624669402859000,0,9500.00000000,0.2055
1624669402961000,0,6000.00000000,0.2055
1624669403025000,0,7000.00000000,0.2055
1624669403101000,0,13000.00000000,0.2055
1624669403168000,0,7000.00000000,0.2055
1624669403351000,0,5000.00000000,0.2055
1624669429838000,1,5500.00000000,0.2058
1624669429916000,1,3848.00000000,0.2058
1624669551835000,1,6152.00000000,0.2057
1624669551908000,1,4036.00000000,0.2057
1624669552229000,1,10188.29880000,0.2057
1624669552591000,1,8275.70120000,0.2057
1624669633324000,1,8000.00000000,0.2056
1624669633384000,1,2193.00000000,0.2056
1624669680325000,0,259.60282813,0.2053
1624669800310000,0,1924.49749232,0.2056
1624669814615000,1,8500.00000000,0.2055
1624669922655000,0,1924.49740000,0.2041
1624669922965000,0,14800.00000000,0.2041
1624670096030000,1,10000.00000000,0.2046
1624670739065000,0,122.77591400,0.2025
1624670786055000,1,114.30000000,0.2019
1624670886260000,0,122.77590000,0.2022
1624670886430000,0,1881.22410000,0.2022
1624670893910000,1,10307.00000000,0.2021
1624670893976000,1,61.00000000,0.2021
1624670989022000,0,114.30000000,0.2016
1624671025150000,1,15000.00000000,0.2018
1624671061133000,1,10391.00000000,0.2018
1624671179986000,1,3700.00000000,0.2016
1624671197975000,1,114.30000000,0.2013
1624671347695000,0,114.30000000,0.2005
1624671439777000,1,10432.00000000,0.2009
1624671442043000,1,3700.00000000,0.2009
1624671922611000,0,24394.28986000,0.2013
1624671926236000,1,10411.00000000,0.2014
1624671926307000,1,3700.00000000,0.2014
1624672003391000,0,19000.00000000,0.2012
1624672057216000,1,3700.00000000,0.2020
1624672076306000,1,25434.29585000,0.2020
1624672162301000,0,24600.00000000,0.2019
1624672174173000,1,10392.00000000,0.2017
1624672190857000,0,23500.00000000,0.2020
1624672242984000,0,2465.00000000,0.2018
1624672302845000,0,491.63966700,0.2022
1624672454999000,1,3700.00000000,0.2034
1624672455159000,1,3700.00000000,0.2034
1624672473883000,1,24306.94667000,0.2035
1624672533513000,1,6066.04734000,0.2037
1624672734802000,1,4500.00000000,0.2060
1624672804488000,0,24800.00000000,0.2065
1624672809826000,0,3121.36602509,0.2070
1624672861681000,1,114.30000000,0.2065
1624672877255000,1,24400.00000000,0.2063
1624672883795000,1,3000.00000000,0.2061
1624672883795000,1,4900.00000000,0.2061
1624673035425000,1,170.71290000,0.2065
1624673035572000,1,0.00005744,0.2065
1624673035572000,1,420.39905328,0.2064
1624673035572000,1,7387.52198928,0.2064
1624673073437000,1,9500.00000000,0.2066
1624673401098000,1,10124.00000000,0.2069
1624673401491000,1,9500.00000000,0.2069
1624673401580000,1,14800.00000000,0.2069
1624673615692000,1,10122.00000000,0.2069
1624673800241000,1,5000.00000000,0.2070
1624674361828000,0,3700.00000000,0.2055
1624674885527000,0,3700.00000000,0.2034
1624675264591000,0,9000.00000000,0.2020
1624675264684000,0,1388.96877000,0.2020
1624675297769000,0,10367.90592000,0.2024
1624675297859000,0,0.00000494,0.2024
1624675353944000,0,9589.12531000,0.2035
1624675354013000,0,16013.17989000,0.2035
1624675361614000,0,14000.00000000,0.2039
1624675361692000,0,3000.00000000,0.2039
1624675528519000,1,25078.80974000,0.2051
1624675698855000,0,7399.99980000,0.2065
1624675699115000,0,14800.00000000,0.2065
1624675731907000,1,20400.00000000,0.2061
1624675731987000,1,10173.00000000,0.2061
1624675766512000,0,8638.62985000,0.2063
1624675911413000,1,50055.66872457,0.2066
1624675938764000,0,114.30000000,0.2070
1624676003029000,1,114.30000000,0.2062
1624676966786000,1,3000.00000000,0.2068
1624676966986000,1,14800.00000000,0.2068
1624677331728000,1,118.93035426,0.2065
1624677331728000,1,309.21891574,0.2065
1624677426024000,1,9071.85073000,0.2066
1624677970696000,0,15000.00000000,0.2054
1624678165484000,1,3648.47673451,0.2059
1624678587798000,1,5000.00000000,0.2065
1624678800266000,0,1184.16711510,0.2067
1624678887120000,0,1184.16710000,0.2070
1624678887770000,0,842.83290000,0.2070
1624678914273000,1,2026.00000000,0.2069
1624678934729000,1,2000.00000000,0.2069
1624679106015000,1,6000.00000000,0.2064
1624679124437000,0,3700.00000000,0.2062
1624679124437000,0,3000.00000000,0.2062
1624679124437000,0,3000.00000000,0.2062
1624679124437000,0,12380.63442420,0.2062
1624679492099000,0,114.30000000,0.2070
1624679659157000,1,114.30000000,0.2064
1624679914528000,0,114.30000000,0.2058
1624679914570000,0,8026.00000000,0.2058
1624679914589000,0,2060.35237787,0.2058
1624680035867000,0,10171.34183000,0.2064
1624680035996000,0,0.00000162,0.2064
1624680158078000,0,1639.64770000,0.2070
1624680158476000,0,8497.53980000,0.2070
1624680290056000,0,0.00002149,0.2070
1624680445937000,1,114.30000000,0.2066
1624680613584000,0,2035.00000000,0.2061
1624680705388000,1,114.30000000,0.2058
1624680843237000,0,2040.00000000,0.2057
1624680906911000,0,10196.42423000,0.2058
1624681025578000,0,10174.99371000,0.2062
1624681064383000,0,0.00000788,0.2062
1624681310340000,1,7686.00000000,0.2054
1624681389807000,1,3407.00000000,0.2053
1624681824387000,0,114.30000000,0.2052
1624682126868000,1,2500.48203178,0.2052
1624682222052000,1,10024.75977000,0.2052
1624682644742000,0,8657.43000000,0.2052
1624682644750000,0,1570.31287297,0.2052
1624683226608000,0,2017.74725848,0.2064
1624683226612000,0,2017.74725848,0.2064
1624683461904000,0,211.84928055,0.2064
1624683562832000,1,2028.00000000,0.2064
1624683771083000,1,151.16471589,0.2074
1624683771083000,1,377.91178972,0.2074
1624683771083000,1,982.57063439,0.2074
1624684057595000,1,114.30000000,0.2078
1624684555135000,1,114.30000000,0.2072
1624684689748000,0,114.30000000,0.2067
1624685024888000,0,625.88341420,0.2060
1624685024894000,0,625.88341420,0.2060
1624685025038000,0,114.30000000,0.2060
1624685333139000,0,1831.57384979,0.2060
1624685333147000,0,1831.57384979,0.2060
1624685498793000,1,114.30000000,0.2056
1624685505668000,0,3700.00000000,0.2056
1624685505668000,0,1459.72491630,0.2056
1624685511840000,1,1385.79727626,0.2056
1624685707869000,0,114.30000000,0.2054
1624685789326000,0,2722.51155000,0.2059
1624685789397000,0,0.00000199,0.2059
1624685869650000,1,114.30000000,0.2059
1624686392058000,0,114.30000000,0.2055
1624686472130000,0,1088.80880000,0.2053
1624686480311000,0,533.60841152,0.2054
1624687333963000,0,543.79763931,0.2062
1624687334187000,0,3196.00000000,0.2062
1624687427827000,0,1092.52067514,0.2068
1624687560267000,0,2028.00000000,0.2069
1624687560267000,0,388.17663310,0.2069
1624687736391000,0,979.99031628,0.2071
1624687736414000,0,979.99031628,0.2071
1624687736512000,0,4815.05600000,0.2071
1624688014515000,0,3626.00000000,0.2072
1624688130589000,0,300.28068184,0.2072
1624688282193000,0,3700.00000000,0.2058
1624688790110000,0,240.10224366,0.2072
1624688819406000,1,13271.67321000,0.2068
1624688819891000,1,114.30000000,0.2068
1624688880310000,0,5976.60685382,0.2067
1624689246760000,0,7866.38280000,0.2062
1624689648470000,0,3700.00000000,0.2054
1624689875894000,0,3700.00000000,0.2036
1624689974945000,0,489.55714637,0.2032
1624690185064000,1,353.63884281,0.2029
1624690254605000,1,2000.00000000,0.2034
1624690299417000,0,169.51861140,0.2029
1624690354248000,0,3700.00000000,0.2032
1624690354248000,0,5275.57000000,0.2032
1624690354248000,0,26856.06811362,0.2033
1624690372184000,0,10338.59892397,0.2031
1624690372184000,0,20682.94107603,0.2032
1624690372207000,0,0.00875246,0.2032
1624690609798000,0,114.30000000,0.2032
1624690609917000,0,10220.13330000,0.2032
1624690695370000,1,2063.00000000,0.2032
1624690951017000,1,1137.00000000,0.2030
1624691048235000,0,1049.38530000,0.2029
1624691155587000,1,7237.38431566,0.2014
1624691155587000,1,24261.31640704,0.2014
1624691155587000,1,2082.00000000,0.2013
1624691155587000,1,21513.29400000,0.2013
1624691155587000,1,2004.00000000,0.2013
1624691155587000,1,5275.57000000,0.2013
1624691155587000,1,411.41493018,0.2013
1624691155884000,1,745.45273830,0.2012
1624691157856000,1,375.86840000,0.2012
1624691169552000,1,114.30000000,0.2012
1624691173672000,1,26306.10903707,0.2011
1624691181745000,1,1000.00000000,0.2013
1624691213907000,0,114.30000000,0.2013
1624691224167000,0,745.45273000,0.2016
1624691224657000,0,0.00000830,0.2016
1624691255180000,1,23273.23414414,0.2011
1624691255198000,1,474.96396213,0.2011
1624691285161000,0,214.41373201,0.2013
1624691300009000,0,8130.96502000,0.2016
1624691300445000,0,0.00000912,0.2016
1624691349554000,0,214.41370000,0.2014
1624691369708000,1,186.10964124,0.2006
1624691413226000,0,18623.58225000,0.2009
1624691438630000,0,1500.00000000,0.2004
1624691447211000,1,114.30000000,0.2003
1624691447216000,1,141.29143404,0.2003
1624691516951000,0,114.30000000,0.2004
1624691589200000,1,3700.00000000,0.2003
1624691661579000,0,10483.42695000,0.2004
1624691668329000,0,0.00000360,0.2004
1624691679642000,0,10482.71794000,0.2004
1624691701448000,0,1708.75000000,0.2003
1624691702774000,0,8778.95488000,0.2003
1624691703222000,0,10483.88000000,0.2004
1624691703493000,0,0.00026730,0.2004
1624691703499000,0,0.00000630,0.2004
1624691710278000,1,3700.00000000,0.2003
1624691788189000,0,10460.23543000,0.2009
1624691877495000,1,114.30000000,0.2000
1624691877584000,1,215.70000000,0.2000
1624691911824000,1,2102.00000000,0.1995
1624691938112000,0,388.30949000,0.2001
1624691946577000,0,2098.00000000,0.2003
1624691946790000,0,2621.92957000,0.2003
1624691946927000,0,0.00000495,0.2003
1624691949232000,1,3700.00000000,0.2002
1624692025965000,1,8328.04000000,0.1997
1624692025983000,1,30007.37000000,0.1997
1624692025989000,1,23429.32000000,0.1997
1624692026210000,1,8192.69534617,0.1997
1624692026378000,1,63133.74504993,0.1997
1624692026425000,1,10523.36958916,0.1997
1624692026532000,1,10556.58283000,0.1997
1624692026733000,1,380.43718474,0.1997
1624692033145000,1,100.25665704,0.1995
1624692033145000,1,100.25654296,0.1995
1624692035061000,1,0.00011408,0.1995
1624692098741000,1,2103.00000000,0.1994
1624692098741000,1,3700.00000000,0.1994
1624692099119000,1,18697.00000000,0.1994
1624692352305000,0,114.30000000,0.1999
1624692365676000,1,7199.48690000,0.1996
1624692378908000,0,50500.00000000,0.1997
1624692378990000,0,6648.53000000,0.1997
1624692379021000,0,104573.69000000,0.1997
1624692379036000,0,13319.64000000,0.1997
1624692385881000,1,3700.00000000,0.1994
1624692515644000,1,3700.00000000,0.1994
1624692552120000,0,536.62908000,0.2000
1624692555029000,0,0.00000627,0.2000
1624692720172000,0,23000.00000000,0.2000
1624692720277000,0,331.78930000,0.2000
1624692785086000,1,3700.00000000,0.1997
1624692785701000,1,2102.00000000,0.1996
1624692926391000,0,1000.00000000,0.1984
1624692926391000,0,4014.03315696,0.1984
1624692960310000,0,2964.77667480,0.1986
1624693039833000,1,8998.00000000,0.1978
1624693042106000,1,490.00000000,0.1977
1624693048127000,1,10.00000000,0.1977
1624693062792000,1,281.28467252,0.1974
1624693062792000,1,430.23182748,0.1974
1624693080288000,0,316.40989741,0.1981
1624693085976000,1,322.63413000,0.1979
1624693089983000,1,300.00813747,0.1976
1624693089983000,1,746.19097253,0.1976
1624693107828000,1,2597.00000000,0.1972
1624693110996000,1,153.78053298,0.1970
1624693111501000,1,0.00000001,0.1970
1624693141856000,0,10671.67292000,0.1970
1624693142111000,0,0.00000303,0.1970
1624693145553000,1,216.82869000,0.1969
1624693146632000,1,390.02869843,0.1968
1624693181763000,0,3064.73702000,0.1973
1624693187071000,1,403.25316075,0.1971
1624693210824000,0,10666.85550000,0.1971
1624693250122000,0,0.00000811,0.1971
1624693306755000,1,500.00000000,0.1972
1624693307874000,1,159.18390441,0.1971
1624693320318000,0,251.02056340,0.1973
1624693395449000,0,10656.16790000,0.1972
1624693396077000,0,0.00001309,0.1972
1624693419063000,1,121.46359981,0.1975
1624693419063000,1,121.46359981,0.1975
1624693428208000,1,112.95846369,0.1974
1624693464767000,1,2129.00000000,0.1972
1624693465095000,1,216.36782943,0.1971
1624693465095000,1,216.41168095,0.1971
1624693465095000,1,13859.29669961,0.1969
1624693493569000,1,2134.00000000,0.1967
1624693493569000,1,3700.00000000,0.1967
1624693498282000,1,114.30000000,0.1965
1624693498312000,1,38.04452520,0.1965
1624693501279000,1,148.77060000,0.1963
1624693501422000,1,0.00007118,0.1963
1624693502454000,1,148.77067118,0.1962
1624693502454000,1,142.81984433,0.1962
1624693511363000,1,121.22359000,0.1960
1624693511638000,1,0.00000776,0.1960
1624693511638000,1,2549.99999224,0.1960
1624693512294000,1,0.00000776,0.1960
1624693512294000,1,110.94538916,0.1958
1624693512294000,1,110.94538916,0.1958
1624693514756000,1,247.63533000,0.1957
1624693515550000,1,0.00000400,0.1957
1624693555538000,0,2142.00000000,0.1962
1624693569239000,0,21500.00000000,0.1965
1624693580219000,0,394.82372343,0.1971
1624693580219000,0,113.97855600,0.1971
1624693590774000,1,2129.00000000,0.1970
1624693591088000,1,253.00210000,0.1970
1624693591101000,1,0.00001475,0.1970
1624693594472000,1,244.91422000,0.1969
1624693594483000,1,0.00000934,0.1969
1624693594821000,1,236.73229249,0.1968
1624693696592000,1,2128.00000000,0.1971
1624693703268000,1,9661.32501000,0.1968
1624693703430000,1,5915.17138000,0.1968
1624693703460000,1,710.18290000,0.1968
1624693936667000,0,393.97717268,0.1954
1624693940516000,0,305.82065718,0.1954
1624693956033000,0,305.82060000,0.1953
1624693969662000,0,390.77703320,0.1970
1624693990202000,1,411.58798000,0.1956
1624694029611000,0,114.30000000,0.1959
1624694110595000,1,3700.00000000,0.1956
1624694154963000,0,26284.63282000,0.1955
1624694165307000,1,177.13587151,0.1956
1624694180685000,0,101.63168377,0.1958
1624694220973000,1,2136.00000000,0.1963
1624694239396000,1,2135.00000000,0.1966
1624694244490000,1,25756.50357313,0.1965
1624694250407000,1,3700.00000000,0.1961
1624694284078000,1,213.02472000,0.1961
1624694284182000,1,2139.00000000,0.1961
1624694285178000,1,213.02472000,0.1960
1624694320593000,1,114.30000000,0.1955
1624694351830000,1,164.87542521,0.1955
1624694351830000,1,3699.99999479,0.1955
1624694380570000,0,3700.00000000,0.1957
1624694380570000,0,10614.06098370,0.1957
1624694384356000,1,3700.00000000,0.1953
1624694384356000,1,138.75069049,0.1953
1624694384356000,1,10741.87806942,0.1953
1624694384356000,1,3000.00000000,0.1953
1624694384356000,1,11473.49227800,0.1953
1624694384356000,1,3671.28125278,0.1953
1624694387561000,0,2148.00000000,0.1956
1624694434398000,0,114.30000000,0.1957
1624694480846000,1,476.47981870,0.1959
1624694492550000,0,25617.50855000,0.1963
1624694529047000,1,3700.00000000,0.1966
1624694529411000,1,2134.00000000,0.1966
1624694565230000,1,17854.81771000,0.1963
1624694565299000,1,6432.01682000,0.1963
1624694629350000,1,3700.00000000,0.1954
1624694644976000,1,330.00000000,0.1950
1624694660337000,1,10754.19122000,0.1951
1624694726864000,1,0.00000108,0.1951
1624694726864000,1,10757.39890892,0.1951
1624694756983000,0,256.34452704,0.1950
1624694793418000,1,10789.95918000,0.1945
1624694854507000,0,2558.82548989,0.1944
1624694887191000,1,1736.43387000,0.1943
1624695074484000,1,106.12600000,0.1943
1624695120267000,0,1254.31594861,0.1935
1624695123558000,0,2545.67557370,0.1935
1624695125266000,1,170.77318822,0.1933
1624695125402000,1,334.59880000,0.1933
1624695125468000,1,168.81680000,0.1933
1624695125540000,1,371.98190000,0.1933
1624695125606000,1,8871.02615464,0.1933
1624695125615000,1,149.94500000,0.1931
1624695125679000,1,4083.38471178,0.1930
1624695155567000,0,274.02487691,0.1930
1624695179830000,1,508.80227943,0.1925
1624695244304000,1,130.00000000,0.1923
1624695256709000,0,1000.00000000,0.1924
1624695256837000,0,106.12600000,0.1924
1624695270192000,1,108.58796911,0.1925
1624695270192000,1,282.35793089,0.1925
1624695301297000,1,109.16188590,0.1929
1624695301297000,1,283.82081410,0.1929
1624695329021000,1,233.37594000,0.1934
1624695329242000,1,0.00000687,0.1934
1624695445095000,0,1000.00000000,0.1931
1624695609097000,1,3700.00000000,0.1926
1624695622361000,1,6066.62406000,0.1925
1624695931690000,0,200.00000000,0.1931
1624695962032000,1,3700.00000000,0.1927
1624695962032000,1,3167.85523817,0.1927
1624696213529000,0,2004.00000000,0.1935
1624696345430000,1,1000.00000000,0.1947
1624696345484000,1,2154.00000000,0.1947
1624696368650000,0,1294.82874876,0.1949
1624696369659000,0,1294.52187103,0.1949
1624696379953000,0,2546.67908000,0.1949
1624696380033000,0,0.00000622,0.1949
1624696380033000,0,33379.20739378,0.1949
1624696380119000,0,0.00001201,0.1949
1624696393616000,1,578.91956848,0.1950
1624696440341000,0,5073.78956647,0.1955
1624696517085000,0,3020.58828965,0.1950
1624696581407000,0,6338.84413145,0.1948
1624696586404000,0,6337.91481842,0.1948
1624696597728000,0,7447.85068679,0.1948
1624696598742000,0,3275.12220646,0.1948
1624696599130000,0,66.83922870,0.1948
1624696623567000,1,10790.29910000,0.1945
1624696680404000,0,842.62067861,0.1943
1624696760045000,0,513.13892200,0.1937
1624696761101000,1,449.28903900,0.1934
1624696798530000,0,1069.80735544,0.1928
1624696843468000,0,2004.00000000,0.1929
1624696920364000,0,1539.33067622,0.1924
1624696926569000,0,2004.00000000,0.1925
1624696973208000,0,257.87197429,0.1929
1624697160281000,0,586.73524247,0.1941
1624697190460000,1,150.00000000,0.1939
1624697265892000,0,10860.63289000,0.1935
1624697266066000,0,0.00000515,0.1935
1624697266066000,0,515.72975245,0.1937
1624697380416000,0,25127.17000000,0.1941
1624697380430000,0,0.00404460,0.1941
1624697405088000,1,17508.22027000,0.1939
1624697417886000,1,24560.18146000,0.1933
1624697473879000,0,2175.00000000,0.1932
1624697474058000,0,27000.00000000,0.1932
1624697474352000,0,18500.00000000,0.1933
1624697485792000,1,6648.29992512,0.1928
1624697545473000,1,297.40796000,0.1923
1624697569373000,1,0.00000589,0.1923
1624697583833000,1,104.16145859,0.1920
1624697583833000,1,104.16145859,0.1920
1624697583833000,1,831.61052708,0.1918
1624697674740000,1,3700.00000000,0.1924
1624697674740000,1,3000.00000000,0.1924
1624697674740000,1,115603.21934033,0.1924
1624697691081000,1,10905.05792000,0.1924
1624697716802000,1,0.00000143,0.1924
1624697760307000,0,2187.00000000,0.1921
1624697760307000,0,1665.58015348,0.1921
1624697785855000,0,2185.00000000,0.1922
1624697821197000,0,15000.00000000,0.1928
1624697830682000,1,178.90554000,0.1930
1624697850173000,1,375.00000000,0.1928
1624698164806000,0,2008.78476146,0.1932
1624698219064000,0,10901.79000000,0.1928
1624698240266000,0,2180.00000000,0.1928
1624698240266000,0,500.00000000,0.1929
1624698240266000,0,9560.32979428,0.1929
1624698253374000,1,174.25160000,0.1930
1624698288612000,1,10879.66683000,0.1929
1624698503696000,1,24376.16859000,0.1935
1624698567729000,0,257.47161413,0.1932
1624698648739000,1,3700.00000000,0.1925
1624698648833000,1,2179.00000000,0.1925
1624698678582000,1,663.56777149,0.1924
1624698692659000,1,2181.00000000,0.1925
1624698711871000,0,6392.93051453,0.1932
1624698730653000,1,574.98765154,0.1934
1624698775556000,1,2172.00000000,0.1932
1624698775583000,1,1500.00000000,0.1931
1624698856820000,0,943.28725720,0.1928
1624698899543000,0,258.19120012,0.1927
1624699025342000,1,167.36020000,0.1923
1624699025376000,1,0.00000806,0.1923
1624699076802000,0,24146.52087950,0.1925
1624699191511000,0,16500.00000000,0.1929
1624699292025000,1,2168.00000000,0.1936
1624699368326000,1,10817.79474000,0.1940
1624699368378000,1,0.00000966,0.1940
1624699368525000,0,999.99000000,0.1940
1624699368572000,0,0.00999034,0.1940
1624699401181000,0,200.00000000,0.1938
1624699561389000,0,1000.00000000,0.1938
1624699770307000,1,2162.00000000,0.1942
1624699977234000,1,2145.00000000,0.1956
1624700214750000,0,3700.00000000,0.1960
1624700230948000,0,8275.48495044,0.1958
1624700265750000,0,10516.01708756,0.1959
1624700265938000,0,214.61259362,0.1959
1624700274977000,0,1005.66644545,0.1962
1624700292522000,0,3700.00000000,0.1962
1624700292522000,0,3000.00000000,0.1962
1624700292522000,0,2142.00000000,0.1962
1624700292532000,1,30387.56339133,0.1963
1624700361222000,0,3700.00000000,0.1974
1624700361222000,0,2130.00000000,0.1974
1624700361222000,0,500.00000000,0.1975
1624700361222000,0,4743.40888421,0.1975
1624700361347000,0,537.89297828,0.1975
1624700371223000,1,1500.00000000,0.1977
1624700400311000,0,1070.77109569,0.1981
1624700471059000,1,250.00000000,0.1975
1624700640244000,0,238.45606766,0.1966
1624700682660000,0,7270.72395019,0.1963
1624700691176000,1,4500.00000000,0.1962
1624700691331000,1,4015.59060000,0.1962
1624700743543000,0,101.33669416,0.1964
1624700861505000,0,252.27544242,0.1972
1624700966948000,1,2131.00000000,0.1970
1624701080999000,1,1000.00000000,0.1971
1624701081212000,1,14800.00000000,0.1971
1624701126711000,0,10655.46000000,0.1973
1624701152998000,1,176.55447266,0.1978
1624701153020000,1,0.00000001,0.1978
1624701153917000,1,176.60442000,0.1977
1624701153988000,1,0.00000645,0.1977
1624701394830000,0,8349.25350879,0.1973
1624701394842000,0,2306.05470468,0.1973
1624701553810000,0,3700.00000000,0.1974
1624701553810000,0,2972.68343210,0.1974
1624701659616000,0,3801.33660000,0.1972
1624701960289000,0,133.30532192,0.1974
1624702265817000,0,127.03851248,0.1963
1624702403583000,0,14800.00000000,0.1969
1624702404097000,0,8400.00000000,0.1969
1624702544182000,0,101.36766503,0.1963
1624702895659000,0,151.48837300,0.1971
1624702933133000,0,252.85590000,0.1969
1624703760308000,0,231.61805455,0.1959
1624703857089000,0,231.61800000,0.1956
1624704019715000,1,2141.00000000,0.1960
1624704260306000,1,3700.00000000,0.1950
1624704339913000,1,9345.55242000,0.1949
1624704347656000,1,2004.00000000,0.1944
1624704357911000,0,2159.00000000,0.1946
1624704486290000,0,12341.00000000,0.1956
1624704486367000,0,3259.00000000,0.1956
1624704553837000,1,2145.00000000,0.1957
1624704840264000,0,510.61287984,0.1961
1624704922252000,0,200.37559284,0.1967
1624705030416000,1,1185.38720000,0.1965
1624705052228000,0,342.00000000,0.1967
1624705127266000,0,10000.00000000,0.1974
1624705134587000,0,342.00000000,0.1974
1624705247596000,1,10630.48263000,0.1974
1624705270142000,1,8500.00000000,0.1973
1624705270220000,1,2134.68950000,0.1973
1624705320667000,0,12500.00000000,0.1982
1624705421104000,0,153839.65800918,0.1985
1624705571438000,1,7914.17326000,0.1982
1624705593035000,1,0.00000807,0.1982
1624705753718000,0,3700.00000000,0.1985
1624705753718000,0,2117.00000000,0.1985
1624705753718000,0,6728.85002518,0.1985
1624705800290000,0,214.67130089,0.1992
1624705801194000,0,2109.00000000,0.1992
1624705804739000,1,3700.00000000,0.1995
1624705809034000,1,114.30000000,0.1994
1624705809683000,1,104.97877000,0.1994
1624705860706000,0,100.00000000,0.1990
1624706115017000,1,2116.00000000,0.1982
1624706176985000,0,3700.00000000,0.1979
1624706176985000,0,5423.76287618,0.1979
1624706215718000,0,114.30000000,0.1978
1624706215901000,0,1905.67130000,0.1978
1624706317730000,0,2004.00000000,0.1980
1624706347205000,0,103.00000000,0.1986
1624706640272000,0,423.50987059,0.1986
1624706650981000,1,386.09347000,0.1981
1624706651045000,1,0.00000218,0.1981
1624706681168000,0,423.50980000,0.1983
1624706692468000,0,5275.57000000,0.1984
1624707481662000,1,114.30000000,0.1991
1624707674834000,0,2105.00000000,0.1997
1624707674834000,0,104.16145859,0.1997
1624707674834000,0,104.16145859,0.1997
1624707680248000,1,157.12654711,0.1995
1624707680248000,1,392.81635289,0.1995
1624707680620000,1,0.00001489,0.1995
1624707682460000,1,392.81636000,0.1994
1624707785522000,0,330.00000000,0.2000
1624707899308000,1,154.29196746,0.2000
1624708057475000,0,5144.68280968,0.1999
1624708176396000,0,10446.94327769,0.2012
1624708242959000,1,135.56866882,0.2009
1624708242997000,1,0.00000001,0.2009
1624708315866000,0,582.21755763,0.2013
1624709621247000,1,3700.00000000,0.2000
1624709681308000,0,114.30000000,0.2000
1624709749801000,1,401.13000000,0.1997
1624709750162000,1,0.00009626,0.1997
1624709750162000,1,3298.86990374,0.1997
1624709873914000,1,114.30000000,0.1991
1624709881201000,1,14094.39311000,0.1989
1624709881299000,1,1000.00000000,0.1989
1624709881305000,1,114.30010000,0.1989
1624709881315000,1,29600.00000000,0.1989
1624709881350000,1,3778.73412024,0.1989
1624709881366000,1,3477.87887037,0.1989
1624709881442000,1,3438.99953008,0.1989
1624709881547000,1,36334.11426931,0.1989
1624709944860000,1,580.05225299,0.1988
1624710033973000,1,999.99999999,0.1999
1624710034077000,1,0.00000001,0.1999
1624710152958000,1,580.05220000,0.2000
1624710280225000,0,23000.00000000,0.2001
1624710360898000,0,18000.00000000,0.2010
1624710630522000,1,669.83054000,0.2000
1624710631155000,1,0.00000782,0.2000
1624710960275000,0,148.45760348,0.2011
1624711032154000,0,114.30000000,0.2009
1624711070478000,0,148.45760000,0.2011
1624711560271000,0,150.54144065,0.2003
1624711610796000,1,114.30000000,0.2000
1624711845159000,0,10503.72000000,0.2001
1624711845184000,0,0.00657560,0.2001
1624712082169000,1,3700.00000000,0.1995
1624712115290000,1,163.01740000,0.1996
1624712115496000,1,0.00000193,0.1996
1624712115496000,1,2103.00000000,0.1995
1624712131731000,1,167.30889080,0.1994
1624712131731000,1,1266.67370920,0.1994
1624712225669000,1,524.47697806,0.1990
1624712227474000,1,4475.52000000,0.1990
1624712227504000,1,0.00302194,0.1990
1624712409648000,0,114.30000000,0.1982
1624712491010000,0,2518.83318259,0.1990
1624712507202000,0,26400.00000000,0.1991
1624712620875000,1,114.30000000,0.1991
1624712760247000,0,1492.17027232,0.2003
1624712760505000,0,1492.17010000,0.2003
1624712808026000,0,114.30000000,0.2002
1624712808353000,0,1984.70000000,0.2002
1624712823032000,1,114.30000000,0.2001
1624712880227000,0,249.23132231,0.2000
1624713494409000,0,10500.80700000,0.2002
1624713520515000,1,191.22310000,0.2003
1624713550163000,0,2380.77694898,0.2005
1624713550213000,0,1000.00000000,0.2005
1624713676263000,1,133.12547531,0.2013
1624713676263000,1,865.25545697,0.2013
1624713729474000,1,231.27738498,0.2006
1624713729474000,1,601.11169179,0.2006
1624713729518000,1,0.00000001,0.2006
1624713785149000,0,3380.77690000,0.2005
1624713785268000,0,7102.65920000,0.2005
1624714065184000,0,20600.00000000,0.2002
1624714114083000,1,135.91743005,0.2005
1624714114083000,1,353.44909995,0.2005
1624714156220000,1,119.43702936,0.2006
1624714156220000,1,310.42044842,0.2006
1624714156640000,1,3700.00000000,0.2005
1624714316312000,1,129.03236000,0.1989
1624714316443000,1,0.00000193,0.1989
1624714316598000,1,129.03236193,0.1989
1624714336732000,0,1251.10096900,0.1992
1624714381047000,1,10620.54747000,0.1988
1624714435855000,0,15600.00000000,0.1993
1624714436048000,0,2924.08503659,0.1993
1624714436048000,0,7308.04315341,0.1993
1624714436487000,0,0.00001008,0.1993
1624714439703000,1,128.31006300,0.1994
1624714439703000,1,333.60603700,0.1994
1624714439734000,1,0.00012680,0.1994
1624714449738000,1,116.96940000,0.1991
1624714484804000,1,112.55570000,0.1993
1624714484955000,1,0.00005882,0.1993
1624714484955000,1,292.64497294,0.1992
1624714484955000,1,2106.00000000,0.1992
1624714486358000,1,112.55570000,0.1992
1624714595867000,1,230.11090000,0.1988
1624714818350000,0,464.27843848,0.1978
1624714829932000,0,497.95258076,0.1978
1624714830026000,0,326.06340000,0.1978
1624714994162000,0,114.30000000,0.1974
1624715156202000,1,3700.00000000,0.1958
1624715156202000,1,1444.68280968,0.1957
1624715202028000,0,16000.00000000,0.1960
1624715264734000,1,3700.00000000,0.1953
1624715264734000,1,2148.00000000,0.1953
1624715264734000,1,3000.00000000,0.1952
1624715264734000,1,3697.85002518,0.1952
1624715362550000,1,7400.00000000,0.1955
1624715368390000,1,330.00000000,0.1950
1624715368390000,1,2383.20184803,0.1950
1624715368571000,1,10116.79810000,0.1950
1624715532744000,1,0.00005197,0.1950
1624715615200000,1,114.30000000,0.1947
1624715649880000,0,114.30000000,0.1949
1624715673205000,1,114.30000000,0.1946
1624715715420000,0,114.30000000,0.1951
1624715755156000,1,274.10259458,0.1955
1624715755156000,1,109.64999542,0.1955
1624715813198000,1,2500.00000000,0.1952
1624715833522000,1,139.91184378,0.1951
1624715833522000,1,363.77065622,0.1951
1624715833872000,1,0.00013760,0.1951
1624715882273000,1,177.84749000,0.1951
1624715988460000,1,112.78622820,0.1947
1624715988736000,1,112.79430000,0.1946
1624715996767000,1,1883.52320000,0.1947
1624716031560000,1,3700.00000000,0.1947
1624716073601000,1,139.94070000,0.1941
1624716073692000,1,0.00002794,0.1941
1624716073692000,1,3560.05927206,0.1941
1624716120264000,0,172.22509175,0.1941
1624716249139000,1,10836.98314000,0.1937
1624716252502000,1,0.00000775,0.1937
1624716646486000,1,2000.00000000,0.1945
1624716839836000,1,3620.75875000,0.1944
1624716840129000,1,2000.00010000,0.1944
1624716852256000,1,3620.75870000,0.1938
1624716854228000,1,16779.24000000,0.1938
1624716856437000,1,0.00130000,0.1938
1624716927646000,1,3700.00000000,0.1942
1624716977569000,0,5825.46481000,0.1947
1624716979281000,1,3700.00000000,0.1946
1624717028808000,0,127.60049800,0.1947
1624717052488000,0,17200.00000000,0.1951
1624717079719000,0,14800.00000000,0.1960
1624717080176000,0,9016.34940000,0.1960
1624717137642000,1,500.00000000,0.1959
1624717244471000,0,28500.00000000,0.1947
1624717249248000,0,4613.15519461,0.1948
1624717249346000,0,2089.07900435,0.1948
1624717264813000,0,24785.45619000,0.1949
1624717265127000,0,1614.54381000,0.1949
1624717278786000,1,24539.40845000,0.1950
1624717444810000,1,2148.00000000,0.1954
1624717645472000,1,114.30000000,0.1957
1624718087003000,1,10661.20838000,0.1968
1624718087090000,1,0.00000149,0.1968
1624718124875000,0,114.30000000,0.1970
1624718262926000,1,2142.00000000,0.1958
1624718263022000,1,300.00000000,0.1958
1624718512253000,1,2500.00000000,0.1969
1624718568258000,1,10673.67390000,0.1965
1624718568359000,1,0.00000714,0.1965
1624718568359000,1,2133.99999286,0.1965
1624718587476000,1,535.99089940,0.1965
1624718808528000,1,2140.00000000,0.1960
1624718808578000,1,2550.00000000,0.1960
1624718853834000,0,253.43202078,0.1963
1624719091844000,1,3700.00000000,0.1980
1624719141468000,1,300.00000000,0.1979
1624719183938000,1,410.36100000,0.1978
1624719183967000,1,0.00009882,0.1978
1624719619206000,0,18200.00000000,0.1979
1624719625422000,1,3700.00000000,0.1979
1624719749626000,1,10301.62990000,0.1957
1624719749719000,1,415.43430000,0.1957
1624719754754000,0,389.64244173,0.1959
1624719754812000,0,7.95188657,0.1959
1624719755581000,0,397.36000000,0.1959
1624719840283000,0,151.60063717,0.1956
1624720080266000,0,271.86345341,0.1965
1624720100181000,0,152.05964800,0.1961
1624720219993000,1,10665.91140000,0.1967
1624720462307000,0,152.05960000,0.1971
1624720468863000,1,2128.00000000,0.1971
1624720469291000,1,10645.75929000,0.1970
1624720510795000,0,845.55858000,0.1974
1624720511271000,0,0.00000985,0.1974
1624720511271000,0,2071.61854494,0.1974
1624720511374000,0,42.27792969,0.1974
1624720511658000,0,845.51583000,0.1974
1624720511838000,0,0.00000856,0.1974
1624720519115000,1,3700.00000000,0.1976
1624720519578000,1,124.41230000,0.1976
1624720562748000,1,112.41050000,0.1976
1624720826670000,1,843.93463000,0.1958
1624720826683000,1,114.30000000,0.1958
1624721060095000,1,164.73940000,0.1970
1624721060418000,1,0.00008540,0.1970
1624721060418000,1,2129.99991460,0.1969
1624721060845000,1,148.10890000,0.1970
1624721075308000,1,117.70420000,0.1969
1624721075392000,1,0.00001069,0.1969
1624721120240000,1,171.58410000,0.1977
1624721120407000,1,0.00001595,0.1977
1624721120407000,1,171.58748405,0.1976
1624721152764000,1,219.09090000,0.1975
1624721152929000,1,0.00004273,0.1975
1624721152929000,1,340.36235727,0.1975
1624721153240000,1,229.33740000,0.1975
1624721165824000,1,164.38429000,0.1975
1624721166102000,1,0.00000992,0.1975
1624721166231000,1,427.28504000,0.1974
1624721227744000,1,128.70384000,0.1966
1624721314418000,0,114.30000000,0.1967
1624721599674000,0,3700.00000000,0.1971
1624721599674000,0,1379.65361400,0.1971
1624721743015000,1,4279.62683000,0.1968
1624721880292000,0,340.27619845,0.1966
1624721880411000,0,3699.99990000,0.1966
1624721927204000,0,1947.53317306,0.1962
1624722027841000,0,1947.53310000,0.1965
1624722397202000,1,3500.00000000,0.1983
1624722397301000,1,7071.37880000,0.1983
1624722505174000,1,0.00000009,0.1983
1624722505174000,1,114.29999991,0.1983
1624722564662000,0,200.00000000,0.1983
1624722720270000,0,165.55210091,0.1982
1624722725072000,0,200.00000000,0.1982
1624722832729000,0,114.30000000,0.1986
1624722874693000,0,499.51049196,0.1992
1624723144601000,1,2105.00000000,0.1991
1624723205002000,1,114.30000000,0.1991
1624723238160000,1,3700.00000000,0.1988
1624723244515000,0,1000.00000000,0.1986
1624723262586000,0,114.30000000,0.1986
1624723309072000,1,975.14776618,0.1977
1624723309276000,1,114.30000000,0.1977
1624723309314000,1,26510.55223382,0.1977
1624723325118000,1,3814.30000000,0.1976
1624723325193000,1,695.00000000,0.1976
1624723525245000,0,114.30000000,0.1976
1624723652685000,1,1500.00000000,0.1972
1624723735949000,1,10677.62149587,0.1968
1624723736149000,1,4200.00000000,0.1968
1624723736337000,1,4122.37850413,0.1968
1624724095703000,1,500.00000000,0.1950
1624724169488000,1,8367.68424415,0.1936
1624724169668000,1,9232.31575585,0.1936
1624724193401000,1,1000.00000000,0.1936
1624724250896000,1,1000.00000000,0.1938
1624724280264000,0,169.82577043,0.1938
1624724284514000,0,10846.30558000,0.1937
1624724404728000,1,165.75421000,0.1940
1624724404776000,1,0.00000843,0.1940
1624724414665000,1,114.30000000,0.1938
1624724432479000,0,114.30000000,0.1939
1624724445062000,0,1144.30778600,0.1943
1624724520271000,0,557.89028579,0.1949
1624724738423000,0,17400.00000000,0.1959
1624724760233000,1,214.99245847,0.1961
1624724760233000,1,0.07539534,0.1961
1624724785093000,0,253.03244837,0.1966
1624724805011000,1,492.95826289,0.1961
1624724805559000,1,189.59933188,0.1961
1624724864547000,1,249.45424000,0.1956
1624724885812000,0,253.03240000,0.1956
1624724886067000,0,10484.77290000,0.1956
1624724926684000,0,10735.15288000,0.1956
1624724962979000,0,3045.68375675,0.1960
1624724983154000,0,651.78107000,0.1961
1624724987624000,0,0.00000021,0.1961
1624724987624000,0,180.12068065,0.1962
1624725232222000,1,23847.98640000,0.1963
1624725661520000,0,501.38677660,0.1965
1624725813122000,0,501.38670000,0.1960
1624726200296000,0,504.12888466,0.1964
1624726302594000,1,1977.00000000,0.1968
1624726835636000,1,1977.00000000,0.1973
1624726936732000,1,3700.00000000,0.1975
1624727385098000,1,164.18020000,0.1980
1624727385262000,1,0.00002617,0.1980
1624727385262000,1,2118.00000000,0.1980
1624727385262000,1,913.69097383,0.1980
1624727407174000,1,103.00000000,0.1979
1624727446749000,1,114.30000000,0.1980
1624727904577000,0,114.30000000,0.1971
1624727945129000,0,114.29990000,0.1964
1624727945213000,0,16000.00000000,0.1964
1624727945298000,0,42000.00000000,0.1964
1624727945701000,0,9500.00000000,0.1964
1624728480276000,0,2563.33180476,0.1980
1624728628219000,0,115.99964519,0.1973
1624728784217000,0,240.41751869,0.1966
1624729560246000,0,1002.77027951,0.1976
1624729599136000,1,3700.00000000,0.1981
1624730263642000,0,330.00000000,0.2000
1624730274215000,1,755.41920000,0.2002
1624730275017000,1,3700.00000000,0.2003
1624730358883000,0,10487.92468000,0.2001
1624730363741000,1,2095.00000000,0.2001
1624730428054000,1,2092.00000000,0.2003
1624730510870000,1,114.30000000,0.1997
1624731023241000,0,114.30000000,0.2001
1624731130909000,0,248.22272500,0.2006
1624731140988000,1,112.66770000,0.2004
1624731141122000,1,0.00000173,0.2004
1624731141122000,1,292.89509827,0.2003
1624731161745000,1,235.54790000,0.2004
1624731161929000,1,0.00000288,0.2004
1624731243633000,1,8500.00000000,0.2005
1624731243700000,1,1957.62166626,0.2005
1624731268982000,0,220.76190000,0.2011
1624731274710000,1,122.93260000,0.2010
1624731645173000,1,243.98420000,0.1999
1624731760381000,1,114.30000000,0.1998
1624732538933000,1,500.79375810,0.1994
1624732541342000,0,494.72357357,0.1998
1624732548250000,1,3700.00000000,0.1997
1624732724941000,1,7500.00000000,0.2002
1624732724953000,1,2972.51077422,0.2002
1624732790859000,1,1228.28300000,0.2001
1624732800299000,0,2596.43070473,0.2001
1624732866939000,0,10506.90246000,0.1997
1624733097644000,1,250.00000000,0.1992
1624733759132000,0,323.53591346,0.1992
1624733878071000,0,323.53590000,0.1992
1624734117969000,1,496.68375790,0.2002
1624734120728000,0,491.10988627,0.2005
1624734240287000,0,238.10598166,0.2000
1624734277160000,0,236.25933516,0.2001
1624734966219000,1,258.57780000,0.1995
1624735245180000,0,10511.20932879,0.1997
1624735245180000,0,3700.00000000,0.1997
1624735245180000,0,3700.00000000,0.1997
1624735245180000,0,21026.35432700,0.1997
1624735245180000,0,12598.19695942,0.1997
1624735305676000,0,8700.47080000,0.1994
1624735726861000,0,7400.00000000,0.1985
1624735920298000,0,249.13055951,0.1986
1624736026000000,0,539.24518907,0.1990
1624736040338000,0,248.83875249,0.1991
1624736176248000,0,248.83870000,0.1988
1624736176286000,0,10306.24218868,0.1988
1624737183934000,1,1977.00000000,0.1992
1624737228647000,1,826.02371094,0.1989
1624737783482000,1,1284.89258000,0.1991
1624737960312000,0,154.53857866,0.1983
1624738050095000,0,114.30000000,0.1979
1624738313525000,1,252.00000000,0.1981
1624738513335000,1,826.02370000,0.1976
1624738753986000,1,114.30000000,0.1974
1624738753989000,1,1862.70000000,0.1974
1624739520295000,0,298.34761558,0.1996
1624739760306000,0,1716.53420768,0.1990
1624740240291000,0,496.27039000,0.1994
1624740683558000,0,3700.00000000,0.1986
1624740683558000,0,1500.00000000,0.1986
1624740683558000,0,500.00000000,0.1986
1624740683558000,0,10568.07972404,0.1986
1624740683558000,0,12295.02829466,0.1987
1624741380160000,1,8000.00000000,0.1970
1624741474243000,0,4196.27030000,0.1973
1624741542478000,0,114.30000000,0.1976
1624741680297000,0,1301.81874779,0.1973
1624741737478000,1,2518.83318259,0.1973
1624741898829000,1,2518.83310000,0.1973
1624741985782000,0,15698.87868715,0.1972
1624741985799000,0,3901.12131285,0.1972
1624741985799000,0,10648.00860674,0.1972
1624741985799000,0,3700.00000000,0.1972
1624741985799000,0,21301.72537585,0.1972
1624741987222000,0,3700.00000000,0.1975
1624741987548000,0,4006.00000000,0.1975
1624742000397000,1,3700.00000000,0.1975
1624742160340000,0,225.71433072,0.1974
1624742208313000,1,3474.28570000,0.1975
1624743158352000,1,177.24211273,0.1980
1624743279830000,1,10567.00000000,0.1983
1624743289215000,1,176.50915326,0.1981
1624743682514000,1,114.30000000,0.1986
1624743725955000,0,17849.35000000,0.1988
1624743725959000,0,5750.65000000,0.1988
1624744025970000,0,26257.31953000,0.1993
1624744027806000,0,8945.00000000,0.1996
1624744080285000,0,570.01309647,0.1999
1624744154440000,0,3000.00000000,0.1999
1624744274111000,0,19000.00000000,0.2000
1624744320258000,0,463.74543818,0.2001
1624744370298000,0,864.71000000,0.2001
1624744370355000,0,16935.29000000,0.2001
1624744543821000,1,2092.00000000,0.2001
1624744560282000,0,145.85475283,0.2003
1624744602777000,0,10472.20000000,0.2004
1624744602783000,0,0.00012082,0.2004
1624744714585000,0,16400.00000000,0.2006
1624744714585000,0,10460.84630472,0.2006
1624744714585000,0,732.32369528,0.2006
1624744714589000,0,11009.79402223,0.2006
1624744714645000,0,12950.70745196,0.2006
1624744876247000,0,981.99000000,0.2011
1624744876257000,0,13004.76000000,0.2011
1624744925564000,0,1000.00000000,0.2013
1624745200799000,1,2079.00000000,0.2014
1624745280283000,0,329.07213451,0.2020
1624745624250000,0,10353.47000000,0.2026
1624745624255000,0,0.00487027,0.2026
1624745624255000,0,20716.33082473,0.2027
1624746159842000,0,10000.00000000,0.2029
1624746450679000,0,244.34575904,0.2036
1624747422331000,0,10283.33000000,0.2041
1624747422403000,0,0.00268457,0.2041
1624747567265000,0,330.00000000,0.2050
1624747567859000,0,1977.00000000,0.2052
1624747567859000,0,2965.45256541,0.2052
1624747748555000,0,3700.00000000,0.2051
1624747748555000,0,10225.80000000,0.2051
1624747757375000,0,3700.00000000,0.2051
1624747778648000,0,10225.88971398,0.2051
1624747778648000,0,3700.00000000,0.2051
1624747778648000,0,0.00296649,0.2051
1624747790178000,0,10227.26000000,0.2051
1624747790178000,0,0.00708035,0.2051
1624747836553000,0,3700.00000000,0.2051
1624747836553000,0,10227.20000000,0.2051
1624747879481000,0,0.00991000,0.2051
1624747879481000,0,10219.97415866,0.2053
1624747879481000,0,11639.76949344,0.2053
1624747927668000,0,7400.00000000,0.2054
1624748070616000,0,10167.68000000,0.2063
1624748070617000,0,0.00140936,0.2063
1624748100845000,0,10154.18039000,0.2066
1624748101013000,0,10150.00894000,0.2067
1624748136466000,0,240.90835775,0.2072
1624748147867000,0,0.00000001,0.2072
1624748160301000,0,100.25665704,0.2075
1624748160301000,0,100.25654296,0.2075
1624748160301000,0,0.00011408,0.2075
1624748160301000,0,806.35751903,0.2075
1624748255029000,0,806.35750000,0.2072
1624748450797000,1,2026.00000000,0.2067
1624748462245000,1,256.34452704,0.2063
1624748504317000,1,24846.09422000,0.2056
1624748624415000,1,3700.00000000,0.2055
1624748624415000,1,38808.55963106,0.2055
1624748624415000,1,8027.20098415,0.2055
1624749165036000,1,2025.00000000,0.2067
1624749165156000,1,1931.34450000,0.2066
1624749184870000,1,2027.00000000,0.2066
1624749308063000,0,158.37319059,0.2068
1624749311871000,1,151.97133000,0.2067
1624749311878000,1,0.00000093,0.2067
1624749343240000,1,115.43342043,0.2064
1624749343240000,1,2028.99999957,0.2064
1624749495828000,0,158.37310000,0.2062
1624749676998000,0,2416.75487800,0.2059
1624749728621000,0,2416.75480000,0.2059
1624749968530000,0,3700.00000000,0.2059
1624749968530000,0,10185.04000000,0.2059
1624750074874000,0,0.00835718,0.2059
1624750074874000,0,3699.99164282,0.2059
1624750271835000,0,114.30000000,0.2059
1624750388191000,0,4937.65000000,0.2061
1624750388209000,0,519.12000000,0.2061
1624750388337000,0,114.30010000,0.2061
1624750938808000,0,17400.00000000,0.2066
1624750939741000,1,3700.00000000,0.2067
1624751672557000,1,1977.00000000,0.2072
1624751672557000,1,1723.00000000,0.2072
1624751990490000,0,28626.99011000,0.2089
1624751990565000,0,10023.19642000,0.2088
1624752052036000,0,330.00000000,0.2100
1624752052036000,0,630.24191594,0.2100
1624752052036000,0,150.00000000,0.2100
1624752169449000,0,4782.44650834,0.2093
1624752169449000,0,5275.57000000,0.2093
1624752169449000,0,284.86141870,0.2093
1624752169453000,0,5377.10400000,0.2093
1624752169490000,0,1000.00000000,0.2093
1624752169672000,0,5292.32170000,0.2093
1624752169825000,0,0.00002584,0.2093
1624752169825000,0,14799.99997416,0.2094
1624752170058000,0,3700.00000000,0.2093
1624752170165000,0,1082.85823608,0.2093
1624752170442000,0,11956.91749097,0.2094
1624752171953000,0,1000.00000000,0.2097
1624752175268000,0,3772.67000000,0.2097
1624752175284000,0,0.00263864,0.2097
1624752182023000,1,3700.00000000,0.2095
1624752182190000,1,18300.00000000,0.2095
1624752195802000,1,114.30000000,0.2090
1624752243915000,1,196.82123309,0.2078
1624752247104000,0,114.30000000,0.2078
1624752374444000,1,106.86600000,0.2078
1624752389301000,0,10087.10524000,0.2078
1624752408713000,1,227.86880000,0.2081
1624752412225000,1,9500.00000000,0.2079
1624752412758000,1,11100.00000000,0.2079
1624752448421000,1,184.37544000,0.2081
1624752448566000,1,0.00000996,0.2081
1624752499615000,0,10072.97977000,0.2081
1624752548743000,1,213.42172000,0.2089
1624752548750000,1,0.00000454,0.2089
1624752548750000,1,213.44825937,0.2089
1624752557073000,1,129.62194482,0.2087
1624752572942000,1,148.71121696,0.2089
1624752572942000,1,371.77804239,0.2089
1624752572942000,1,966.53970065,0.2089
1624752610436000,0,11000.00000000,0.2098
1624752610507000,0,9000.00000000,0.2098
1624752633373000,0,9986.58519000,0.2100
1624752633490000,0,0.00000071,0.2100
1624752639988000,0,4749.28523000,0.2107
1624752640028000,0,0.00000257,0.2107
1624752640658000,0,98.68472992,0.2108
1624752643659000,1,452.85300000,0.2108
1624752643844000,1,0.00000325,0.2108
1624752643844000,1,453.02468675,0.2107
1624752644463000,1,181.21674000,0.2107
1624752663961000,1,15600.00000000,0.2107
1624752664112000,1,302.59518088,0.2107
1624752668463000,1,119.57048000,0.2106
1624752668608000,1,0.00000353,0.2106
1624752668608000,1,298.92619647,0.2106
1624752668618000,1,0.00001234,0.2106
1624752668812000,1,777.14915794,0.2106
1624752668812000,1,13622.85084206,0.2106
1624752668851000,1,777.14915794,0.2106
1624752684675000,0,5142.15076355,0.2103
1624752721626000,0,1866.12051773,0.2105
1624752759635000,1,145.05232000,0.2102
1624752792419000,1,274.02487691,0.2099
1624752923665000,1,154.11924000,0.2102
1624752941597000,1,295.84986000,0.2107
1624752951414000,0,106.86600000,0.2106
1624752971267000,0,9727.68800000,0.2105
1624752987687000,1,161.89225636,0.2104
1624752987979000,1,161.89225636,0.2104
1624753123706000,1,11176.21550000,0.2095
1624753123779000,1,11823.78450000,0.2095
1624753133145000,1,19600.00000000,0.2093
1624753183760000,1,1000.00000000,0.2094
1624753183897000,1,10000.00000000,0.2094
1624753231766000,1,246.73487600,0.2092
1624753277279000,1,114.30000000,0.2093
1624753281861000,1,60155.85881200,0.2090
1624753282035000,1,14800.00000000,0.2090
1624753282366000,1,60163.38141933,0.2090
1624753282609000,1,14800.00000000,0.2090
1624753282892000,1,1934.38976867,0.2090
1624753299535000,1,16576.21550000,0.2092
1624753380398000,0,390.63356959,0.2101
1624753540267000,0,10023.19642000,0.2104
1624753550761000,1,14523.19642000,0.2108
1624753551372000,1,6317.73919216,0.2108
1624753552076000,1,3959.06438784,0.2108
1624753748203000,0,9988.00684000,0.2098
1624753782663000,1,10000.00000000,0.2099
1624753835694000,0,114.30000000,0.2104
1624753919163000,1,114.30000000,0.2102
1624753995110000,1,21500.00000000,0.2099
1624754015724000,0,9984.20703000,0.2098
1624754055698000,0,0.00000680,0.2098
1624754090661000,0,9981.17654000,0.2099
1624754138016000,1,14000.00000000,0.2103
1624754138081000,1,6000.00000000,0.2103
1624754276130000,0,114.30000000,0.2106
1624754276252000,0,1862.70000000,0.2106
1624754449980000,1,3700.00000000,0.2110
1624754449980000,1,3700.00000000,0.2110
1624754449980000,1,9913.72296208,0.2110
1624754449980000,1,9918.00000000,0.2109
1624754449980000,1,25659.92636300,0.2109
1624754451300000,0,5377.10400000,0.2113
1624754451674000,1,1977.00000000,0.2109
1624754451753000,1,711.37240000,0.2109
1624754456715000,1,417.37122000,0.2106
1624754457240000,1,0.00000544,0.2106
1624754457240000,1,377.58960456,0.2106
1624754457541000,1,0.00000556,0.2106
1624754485416000,1,1011.62760000,0.2107
1624754504253000,0,9938.71622000,0.2109
1624754544091000,1,3700.00000000,0.2109
1624754640255000,0,776.14909163,0.2112
1624754701174000,1,1730.29000000,0.2110
1624754716338000,1,114.30000000,0.2105
1624754776919000,1,3700.00000000,0.2098
1624754776919000,1,9969.00000000,0.2098
1624754776919000,1,9971.82512474,0.2098
1624754776919000,1,86876.74000000,0.2098
1624755016914000,1,3000.00000000,0.2096
1624755016921000,1,2430.29000000,0.2096
1624755053030000,0,2356.99012969,0.2097
1624755190340000,0,114.30000000,0.2098
1624755244424000,0,2347.92176886,0.2105
1624755360250000,0,431.52444944,0.2104
1624755427249000,1,2000.00000000,0.2103
1624755552102000,1,16500.00000000,0.2109
1624755552159000,1,1500.00000000,0.2109
1624755690187000,0,647.68632657,0.2109
1624755732598000,0,2347.92170000,0.2107
1624755732726000,0,7597.18700000,0.2107
1624755769252000,0,9950.54979000,0.2105
1624755769570000,0,9948.26913000,0.2106
1624755773384000,0,0.00000050,0.2106
1624755773771000,0,0.00009067,0.2107
1624755777600000,1,15000.00000000,0.2106
1624755777663000,1,3599.99999000,0.2106
1624755887563000,1,114.30000000,0.2106
1624755905976000,1,2758.66473000,0.2108
1624756107006000,1,14500.00000000,0.2107
1624756107112000,1,1500.00000000,0.2107
1624756334266000,0,114.30000000,0.2112
1624756466700000,1,1000.00000000,0.2109
1624756486400000,1,114.30000000,0.2109
1624756610437000,0,9964.28747625,0.2103
1624756787167000,0,98.37252495,0.2114
1624756968692000,0,114.30000000,0.2117
1624756993688000,1,114.30000000,0.2113
1624757141213000,1,14600.00000000,0.2113
1624757249709000,0,1117.76752435,0.2114
1624757251894000,1,9907.88223543,0.2114
1624757281863000,0,9912.92542000,0.2113
1624757283685000,0,0.00000955,0.2113
1624757293813000,1,10000.00000000,0.2116
1624757343987000,0,114.30000000,0.2116
1624757378486000,1,114.30000000,0.2121
1624757397064000,0,3700.00000000,0.2121
1624757398141000,0,6735.28000000,0.2122
1624757401033000,0,401.35364920,0.2124
1624757403483000,0,7943.00000000,0.2127
1624757409819000,0,14800.00000000,0.2124
1624757421654000,0,500.00000000,0.2130
1624757426655000,1,24800.00000000,0.2129
1624757429967000,1,3700.00000000,0.2125
1624757487332000,0,396.55000597,0.2126
1624757487333000,0,0.00000001,0.2126
1624757488368000,0,397.60500000,0.2127
1624757512433000,0,114.30000000,0.2125
1624757517774000,0,15622.78711000,0.2125
1624757517921000,0,26000.00000000,0.2125
1624757517993000,0,28000.00000000,0.2125
1624757519440000,1,24800.00000000,0.2125
1624757590034000,1,16000.00000000,0.2124
1624757590092000,1,5600.00000000,0.2124
1624757613088000,1,10100.00000000,0.2125
1624757668219000,0,9865.01434346,0.2123
1624757668219000,0,3700.00000000,0.2123
1624757668219000,0,3700.00000000,0.2124
1624757668219000,0,29697.28098992,0.2125
1624757690424000,1,114.30000000,0.2121
1624757696296000,0,7400.00000000,0.2122
1624757696347000,0,114.30000000,0.2122
1624757696397000,0,2353.15118661,0.2122
1624757700017000,1,2500.00000000,0.2121
1624757700187000,1,14800.00000000,0.2121
1624757707518000,1,114.30000000,0.2119
1624757830737000,0,9861.73131000,0.2124
1624757841851000,1,10000.00000000,0.2124
1624757845450000,0,9856.41509000,0.2125
1624757845487000,0,0.00000739,0.2125
1624757877385000,1,13000.00000000,0.2123
1624758108026000,1,500.00000000,0.2117
1624758158732000,0,9889.17330000,0.2118
1624758159361000,0,0.00000637,0.2118
1624758163369000,1,9500.00000000,0.2118
1624758237370000,1,3473.59917484,0.2117
1624758272434000,0,25283.40703000,0.2122
1624758309328000,0,8312.17045284,0.2126
1624758309943000,0,3700.00000000,0.2125
1624758309943000,0,1541.19881727,0.2126
1624758314364000,1,203.38679523,0.2124
1624758314364000,1,508.46697477,0.2124
1624758314633000,1,0.00001331,0.2124
1624758315820000,1,192.45727218,0.2122
1624758315820000,1,481.14318046,0.2122
1624758320254000,1,394.00897425,0.2121
1624758320254000,1,164.46245925,0.2121
1624758320494000,1,157.60358970,0.2121
1624758331037000,0,3700.00000000,0.2119
1624758345205000,0,9888.67206000,0.2118
1624758359875000,1,154.20301118,0.2116
1624758359875000,1,372.38234905,0.2116
1624758362424000,0,9901.11935000,0.2116
1624758393135000,0,0.00000071,0.2116
1624758404514000,0,0.00000644,0.2118
1624758442021000,0,114.30000000,0.2119
1624758644996000,1,114.30000000,0.2116
1624758728803000,0,9885.71114000,0.2118
1624759122408000,1,8649.05526000,0.2112
1624759348529000,1,114.30000000,0.2110
1624759656829000,0,0.00000320,0.2118
1624759917481000,0,114.30000000,0.2117
1624759917674000,0,9777.50205000,0.2117
1624760287991000,0,9882.77486000,0.2119
1624760300133000,0,0.00000955,0.2119
1624760540973000,0,208.71551000,0.2129
1624760573982000,0,0.00000753,0.2129
1624760659933000,1,114.30000000,0.2132
1624760687974000,1,515.72975760,0.2136
1624760688064000,1,114.30000000,0.2136
1624760790318000,0,2550.00000000,0.2138
1624760940166000,0,129.99999999,0.2148
1624760965778000,0,0.00000001,0.2148
1624760975409000,0,1492.55079373,0.2150
1624760985920000,0,330.00000000,0.2150
1624760985920000,0,1162.48137277,0.2150
1624761269189000,0,2655.03200000,0.2135
1624761398476000,0,9846.87214000,0.2126
1624761409936000,0,0.00000547,0.2126
1624761410658000,0,9841.85501000,0.2128
1624761411378000,0,0.00000627,0.2128
1624761586038000,0,114.30000000,0.2133
1624761704795000,0,9809.90301000,0.2134
1624761711682000,0,0.00000057,0.2134
1624761713024000,1,9794.00000000,0.2135
1624761907841000,1,3700.00000000,0.2132
1624761907841000,1,11300.00000000,0.2131
1624762644605000,1,3700.00000000,0.2135
1624763191184000,1,4000.00000000,0.2130
1624763552170000,0,465.72660893,0.2137
1624764149805000,1,114.30000000,0.2133
1624764360310000,0,463.68068794,0.2134
1624765512170000,1,4573.62258000,0.2143
1624765863920000,0,114.30000000,0.2144
1624766408006000,0,18500.00000000,0.2143
1624766408104000,0,6100.00000000,0.2143
1624766408817000,1,3700.00000000,0.2143
1624766606298000,0,16400.00000000,0.2145
1624766729846000,1,114.30000000,0.2140
1624767061816000,1,3700.00000000,0.2138
1624767926446000,1,3700.00000000,0.2159
1624767926446000,1,5613.88489141,0.2159
1624767949959000,1,8800.00000000,0.2160
1624768153535000,1,3700.00000000,0.2160
1624768380797000,0,414.00000000,0.2155
1624768380862000,0,0.00719128,0.2155
1624768395095000,1,9710.00000000,0.2155
1624768526216000,0,463.68635645,0.2153
1624768532717000,0,385.23044000,0.2154
1624768532751000,0,0.00000018,0.2154
1624769016704000,1,9715.00000000,0.2154
1624769213558000,0,219.48397882,0.2153
1624769223632000,1,9737.00000000,0.2149
1624769224640000,1,4942.45256541,0.2147
1624769268394000,0,114.30000000,0.2149
1624769286596000,0,2438.37142724,0.2148
1624770141250000,1,9723.23044000,0.2144
1624770141455000,1,25000.00000000,0.2144
1624771244869000,1,582.21755763,0.2140
1624771918716000,1,114.30000000,0.2138
1624772580714000,0,3700.00000000,0.2123
1624772673843000,0,114.30000000,0.2121
1624772674020000,0,1862.70000000,0.2121
1624772752347000,1,3700.00000000,0.2121
1624772752347000,1,1913.13078330,0.2121
1624772925923000,0,7904.57450000,0.2121
1624773053745000,1,3700.00000000,0.2124
1624773053745000,1,624.84274438,0.2124
1624773842474000,0,19000.00000000,0.2135
1624773842657000,0,12937.57440000,0.2135
1624773842657000,0,0.00000121,0.2135
1624774123286000,1,5562.70000000,0.2140
1624774170941000,1,98.00000000,0.2137
1624774354509000,1,114.30000000,0.2137
1624774841036000,1,180.12068086,0.2122
1624774920246000,0,167.02777464,0.2127
1624775252846000,0,114.30000000,0.2120
1624775293002000,1,582.01370834,0.2119
1624775520260000,0,2302.04006858,0.2125
1624775625144000,1,114.30000000,0.2123
1624775640295000,0,3700.00000000,0.2124
1624775640295000,0,1526.40915604,0.2124
1624775788695000,1,3000.00000000,0.2108
1624775788800000,1,700.00000000,0.2108
1624775825332000,0,114.30000000,0.2108
1624775980110000,1,95.97816189,0.2103
1624775980333000,1,537.89297828,0.2103
1624776002937000,0,2190.94710000,0.2105
1624776067377000,0,2980.11451000,0.2109
1624776125131000,0,0.00000697,0.2109
1624776237412000,0,10000.00000000,0.2109
1624776360282000,0,233.63162664,0.2114
1624776766835000,1,114.30000000,0.2121
1624776964655000,0,114.30000000,0.2116
1624776993063000,1,1668.17085802,0.2114
1624777028021000,0,2969.21114000,0.2117
1624777033704000,0,0.00000612,0.2117
1624777033704000,0,2967.71196388,0.2118
1624777166844000,0,620.58256082,0.2125
1624777440248000,0,228.31345549,0.2121
1624777575248000,1,652.66710000,0.2122
1624777576739000,1,0.00006931,0.2122
1624777745612000,0,2961.19156000,0.2122
1624777745725000,0,0.00000160,0.2122
1624778059802000,0,1977.00000000,0.2131
1624778059802000,0,6220.99999999,0.2131
1624778061348000,0,385.94933000,0.2132
1624778061550000,0,0.00000092,0.2132
1624778061550000,0,423.13969908,0.2132
1624778124628000,1,394.92120000,0.2133
1624778145029000,1,114.30000000,0.2133
1624778225760000,0,114.30000000,0.2130
1624778678548000,1,114.30000000,0.2129
1624778725698000,0,144.74116487,0.2130
1624778797117000,1,114.30000000,0.2131
1624778804377000,1,137.97127359,0.2131
1624778804377000,1,318.55150641,0.2131
1624778804438000,1,0.00000932,0.2131
1624778804438000,1,828.32709068,0.2131
1624778839529000,1,96.74232617,0.2131
1624778839529000,1,628.87816659,0.2131
1624778839529000,1,241.87619724,0.2131
1624778842037000,1,215.80538000,0.2131
1624778842804000,1,0.00000607,0.2131
1624778886164000,1,201.56710000,0.2127
1624778886421000,1,0.00000034,0.2127
1624779366282000,1,3700.00000000,0.2136
1624779366282000,1,9792.75892655,0.2135
1624779366282000,1,2500.00000000,0.2135
1624779366282000,1,3000.00000000,0.2135
1624779366282000,1,26105.69830004,0.2135
1624779366282000,1,12172.74994790,0.2135
1624779838192000,1,3046.00000000,0.2139
1624779956993000,1,6746.00000000,0.2143
1624780080283000,0,3700.00000000,0.2142
1624780080283000,0,7820.81229263,0.2143
1624780080283000,0,3000.00000000,0.2143
1624780080283000,0,3000.00000000,0.2143
1624780080283000,0,4228.09410803,0.2143
1624780101100000,1,150.00000000,0.2142
1624780200226000,0,2231.52953153,0.2145
1624780480288000,0,114.30000000,0.2136
1624780798624000,0,5781.52950000,0.2134
1624780798709000,0,14800.00000000,0.2134
1624780799544000,0,8054.07408000,0.2134
1624780838323000,1,3700.00000000,0.2130
1624781153314000,1,3700.00000000,0.2134
1624781170046000,1,114.30000000,0.2133
1624781281734000,0,1977.00000000,0.2137
1624781382452000,0,466.65062213,0.2138
1624781520279000,0,470.54701252,0.2141
1624781705066000,0,937.19760000,0.2133
1624782040465000,1,118.14409800,0.2127
1624782150634000,1,118.14400000,0.2126
1624782229037000,0,114.30000000,0.2124
1624782410574000,1,9846.03002000,0.2126
1624782635975000,0,233.62957600,0.2130
1624783048690000,0,436.64091917,0.2119
1624783095740000,1,114.30000000,0.2117
1624783183324000,1,3700.00000000,0.2115
1624783183324000,1,9898.93839824,0.2114
1624783183406000,0,718.86339000,0.2114
1624783183413000,0,0.00000901,0.2114
1624783207776000,0,314.91105337,0.2117
1624783648602000,0,114.30000000,0.2115
1624783735339000,1,2714.81860000,0.2109
1624783735412000,1,7208.91570000,0.2109
1624783920244000,0,468.27108639,0.2110
1624784013041000,0,235.98918508,0.2108
1624784376116000,1,330.00000000,0.2100
1624784463451000,0,235.98910000,0.2104
1624784722673000,0,3336.07772000,0.2110
1624784825984000,0,9928.29426588,0.2111
1624784846162000,0,3336.07770000,0.2119
1624784891217000,1,9883.65925000,0.2118
1624784891387000,1,0.00000765,0.2118
1624785000257000,0,215.14717590,0.2126
1624785265769000,1,114.30000000,0.2119
1624785454802000,1,1977.00000000,0.2121
1624785702321000,1,350.66348400,0.2110
1624785714617000,0,114.30000000,0.2112
1624785805951000,1,114.30000000,0.2111
1624785970456000,1,3700.00000000,0.2108
1624785995810000,0,26212.72745000,0.2107
1624786284892000,0,235.93363700,0.2107
1624786318416000,0,856.90000000,0.2105
1624786361349000,1,9958.47695000,0.2102
1624786361352000,1,0.00000285,0.2102
1624786440254000,0,479.22180216,0.2102
1624786444976000,1,2127.94460000,0.2096
1624786457888000,1,1251.12814352,0.2095
1624786481608000,1,14800.00000000,0.2093
1624786481628000,1,1171.79553741,0.2093
1624786481806000,1,14800.00000000,0.2093
1624786481961000,1,60125.94232294,0.2093
1624786482152000,1,994.11213965,0.2093
1624786493048000,0,720.39031400,0.2092
1624786543792000,1,938.34610764,0.2089
1624786544434000,1,3700.00000000,0.2089
1624786544434000,1,411.86866258,0.2088
1624786544434000,1,4460.61400000,0.2088
1624786544434000,1,23242.51099513,0.2088
1624786544434000,1,386.87971736,0.2088
1624786544434000,1,13798.12662493,0.2087
1624786600952000,0,469.17305000,0.2088
1624786601027000,0,0.00000382,0.2088
1624786682107000,1,234.58652691,0.2087
1624786723068000,1,4638.34610000,0.2089
1624786739635000,1,117.29326346,0.2088
1624786777223000,1,996.99273936,0.2088
1624786846812000,1,2173.28011000,0.2079
1624786881405000,1,498.49636968,0.2078
1624786907113000,1,96.43275937,0.2074
1624786907113000,1,96.43264063,0.2074
1624786919250000,0,5275.57000000,0.2074
1624786931604000,0,5275.57000000,0.2077
1624786951371000,1,0.00011874,0.2074
1624786951371000,1,249.24806610,0.2073
1624786975508000,1,8051.14000000,0.2075
1624786975563000,1,11000.00000000,0.2075
1624787012522000,1,249.24818485,0.2074
1624787247108000,1,168.15830000,0.2073
1624787247170000,1,0.00005182,0.2073
1624787247170000,1,208.71544818,0.2072
1624787338577000,0,114.30000000,0.2072
1624787407362000,0,1696.26844084,0.2074
1624787525838000,1,10101.25786000,0.2073
1624787525917000,1,0.00000441,0.2073
1624787590033000,1,1603.54110000,0.2073
1624787851465000,1,601.79365713,0.2075
1624788067417000,0,1000.00000000,0.2080
1624788067478000,0,443.58044134,0.2080
1624788067492000,0,3369.02840904,0.2080
1624788067492000,0,12031.36216727,0.2080
1624788067818000,0,29191.48595483,0.2081
1624788073870000,1,211.50544000,0.2082
1624788073897000,1,0.00000601,0.2082
1624788078188000,0,394.33346295,0.2084
1624788104532000,1,207.46020000,0.2082
1624788114673000,1,209.91387000,0.2083
1624788114902000,1,0.00000165,0.2083
1624788114902000,1,209.93199302,0.2083
1624788114902000,1,524.70918533,0.2083
1624788119623000,1,199.57669000,0.2081
1624788120173000,1,0.00000825,0.2081
1624788120173000,1,203.90910175,0.2081
1624788124678000,1,197.76608030,0.2079
1624788124678000,1,494.41519970,0.2079
1624788124799000,1,0.00000105,0.2079
1624788143594000,0,478.08003100,0.2080
1624788229032000,1,114.30000000,0.2079
1624788428993000,0,114.30000000,0.2082
1624788435874000,1,114.77641769,0.2080
1624788436019000,1,286.91347000,0.2080
1624788457124000,1,111.14500000,0.2078
1624788507725000,1,219.27313834,0.2076
1624788507735000,1,0.00000001,0.2076
1624788511746000,1,219.36600061,0.2076
1624788511841000,1,0.00000001,0.2076
1624788627763000,0,111.14500000,0.2073
1624788627770000,0,10003.34835851,0.2073
1624788709903000,1,119.47907938,0.2074
1624788709903000,1,310.61866062,0.2074
1624788750055000,1,114.30000000,0.2074
1624788790481000,1,108.33690501,0.2074
1624788857081000,1,100.49471662,0.2080
1624789560254000,0,815.01361654,0.2074
1624789692575000,0,495.00000000,0.2074
1624789811391000,1,25109.74369000,0.2068
1624790066641000,0,10188.63937000,0.2058
1624790227092000,1,10169.80036000,0.2059
1624790520289000,0,309.74583243,0.2057
1624790562469000,0,114.30000000,0.2057
1624790687258000,0,5275.57000000,0.2064
1624790880243000,0,134.22038872,0.2065
1624790945168000,0,652.18276446,0.2066
1624791215071000,0,134.22030000,0.2063
1624791360244000,0,239.65257639,0.2060
1624791478135000,0,239.65250000,0.2057
1624791555557000,1,3700.00000000,0.2062
1624791573164000,1,3700.00000000,0.2061
1624791584922000,1,127.35680000,0.2052
1624791585345000,1,0.00008185,0.2052
1624791585345000,1,14799.99991815,0.2052
1624791605672000,1,500.00000000,0.2051
1624791670621000,0,10198.84456000,0.2056
1624791670782000,0,0.00000674,0.2056
1624791825310000,0,315.30000000,0.2060
1624792398373000,0,315.80000000,0.2055
1624792461827000,0,316.10000000,0.2053
1624792598230000,1,330.00000000,0.2050
1624792598594000,1,20000.00000000,0.2049
1624792625577000,0,316.50000000,0.2049
1624792849163000,1,10240.02236000,0.2045
1624792903843000,0,24485.89853868,0.2046
1624792903968000,0,948.40000000,0.2046
1624793295042000,0,151.00000000,0.2068
1624793401867000,0,365.07622863,0.2071
1624793447592000,1,157.30331000,0.2073
1624793463259000,0,1581.49146164,0.2073
1624793577000000,0,398.58570000,0.2075
1624793577073000,0,0.00008301,0.2075
1624793825570000,1,114.30000000,0.2068
1624793905404000,1,181.22596000,0.2068
1624793908207000,1,161.01150000,0.2068
1624793908264000,1,0.00000827,0.2068
1624793908272000,1,418.62992000,0.2068
1624793908326000,1,0.00000151,0.2068
1624793958010000,1,240.86729000,0.2067
1624794064416000,0,114.30000000,0.2060
1624794087224000,0,745.74026903,0.2057
1624794092279000,1,127.03851248,0.2057
1624794234480000,1,3000.00000000,0.2051
1624794526502000,0,832.14200954,0.2043
1624794539071000,0,728.90701429,0.2043
1624794585911000,0,3700.00000000,0.2049
1624794634046000,0,10029.77036862,0.2047
1624794634046000,0,3911.99873138,0.2047
1624794667615000,0,5375.34900000,0.2046
1624794683456000,1,3000.00000000,0.2047
1624794683456000,1,103902.65000000,0.2047
1624794683515000,1,2999.99999999,0.2048
1624794683539000,1,7219.87619155,0.2048
1624794683539000,1,3000.00000000,0.2047
1624794683539000,1,3000.00000000,0.2047
1624794683717000,1,1000.00000000,0.2045
1624794683856000,1,3700.00000000,0.2046
1624794704004000,0,713.98730391,0.2050
1624794793871000,0,2520.00000000,0.2048
1624794804108000,0,936.27763426,0.2051
1624794859775000,0,242.29971500,0.2056
1624795061253000,0,707.33026009,0.2051
1624795207606000,0,463.60780000,0.2051
1624795217066000,0,455.00000000,0.2052
1624795256122000,1,191.52053000,0.2047
1624795261511000,0,1725.40534928,0.2048
1624795262864000,1,0.00000924,0.2047
1624795482770000,0,3700.00000000,0.2043
1624795558353000,1,3700.00000000,0.2045
1624795558478000,0,5423.76287000,0.2045
1624795558822000,0,0.00000618,0.2045
1624795560263000,0,1067.00618607,0.2047
1624795671151000,0,10231.51524000,0.2048
1624796072757000,0,10242.35163000,0.2046
1624797202480000,0,3700.00000000,0.2068
1624797202480000,0,1899.51416827,0.2068
1624797240278000,0,144.22942348,0.2069
1624797368272000,0,129.03225806,0.2070
1624797493663000,1,114.30000000,0.2068
1624797496785000,1,175.95628000,0.2068
1624797498798000,1,0.00000626,0.2068
1624797867910000,0,3700.00000000,0.2066
1624797867910000,0,2500.00000000,0.2066
1624797867910000,0,3000.00000000,0.2067
1624797867910000,0,11930.09222431,0.2067
1624797882635000,1,1130.09000000,0.2063
1624797953378000,0,6269.91000000,0.2061
1624797960299000,0,3700.00000000,0.2062
1624797960299000,0,193.53484032,0.2063
1624798026435000,0,3700.00000000,0.2060
1624798026625000,0,6474.09630000,0.2060
1624798122639000,0,98.00000000,0.2059
1624798186673000,0,114.30000000,0.2059
1624798254046000,0,1454.73805705,0.2058
1624798255866000,1,10000.00000000,0.2056
1624798299125000,0,1667.03800000,0.2057
1624798788520000,0,0.00005646,0.2060
1624798788520000,0,999.99994354,0.2061
1624799040262000,0,264.20403036,0.2057
1624799198985000,0,264.20400000,0.2055
1624799210163000,0,1209.43319719,0.2057
1624799412495000,0,7914.17326000,0.2055
1624799416192000,0,0.00000807,0.2055
1624799503379000,0,10200.34443000,0.2054
1624799520239000,0,0.00000247,0.2054
1624799520239000,0,240.62884090,0.2056
1624799987335000,1,16200.00000000,0.2057
1624800433329000,1,114.30000000,0.2052
1624800578201000,1,76.76324919,0.2052
1624801039401000,0,114.30000000,0.2041
1624801347365000,0,114.30000000,0.2044
1624801363570000,0,10248.32400000,0.2045
1624801373592000,1,3700.00000000,0.2045
1624801382271000,1,3700.00000000,0.2045
1624801595890000,1,7400.00000000,0.2041
1624801595899000,1,2852.85335876,0.2041
1624801761615000,1,1454.73805705,0.2036
1624802218851000,1,1454.73800000,0.2048
1624802257824000,0,100.00000000,0.2050
1624802382971000,0,800.00000000,0.2051
1624802402933000,1,114.30000000,0.2048
1624802404391000,1,10108.76595000,0.2048
1624802405542000,1,0.00000556,0.2048
1624802520160000,0,800.00000000,0.2044
1624803124929000,0,114.30000000,0.2039
1624803436682000,0,3700.00000000,0.2043
1624803436682000,0,1300.00000000,0.2043
1624803447762000,0,3700.00000000,0.2044
1624803817290000,0,7400.00000000,0.2044
1624803887799000,1,489.32776150,0.2043
1624803890362000,0,483.72572210,0.2046
1624804065841000,1,114.30000000,0.2045
1624804440278000,0,225.69776797,0.2061
1624805520223000,0,239.93601706,0.2064
1624805612456000,0,1199.19133346,0.2061
1624805727815000,0,602.07025636,0.2060
1624806000283000,0,153.03393001,0.2062
1624806121154000,0,1215.13580000,0.2054
1624806715795000,1,1456.14634000,0.2050
1624806941868000,1,0.00000146,0.2050
1624807213577000,0,114.30000000,0.2041
1624807300006000,1,180.03853248,0.2043
1624807445154000,0,213.75758167,0.2048
1624807492336000,1,114.30000000,0.2043
1624807752432000,0,490.37404900,0.2057
1624807765147000,0,3700.00000000,0.2056
1624807765147000,0,3000.00000000,0.2056
1624807765147000,0,3446.12238000,0.2056
1624807765147000,0,3700.00000000,0.2056
1624807765147000,0,2087.66140578,0.2057
1624807765147000,0,5165.40949362,0.2058
1624807782416000,0,114.30000000,0.2056
1624808386607000,0,7924.09300000,0.2041
1624808402909000,1,3700.00000000,0.2042
1624808520254000,0,363.01254426,0.2037
1624808983015000,1,155.24720000,0.2043
1624809240277000,0,134.44790819,0.2051
1624809615458000,0,3700.00000000,0.2050
1624809617755000,0,18000.00000000,0.2053
1624809654929000,1,22032.86739000,0.2045
1624809691977000,0,652.70760000,0.2041
1624809692369000,0,9624.16539000,0.2041
1624809755603000,0,15875.83461000,0.2043
1624810215142000,0,10275.91258000,0.2039
1624810227635000,0,0.00000192,0.2039
1624810227635000,0,10274.30055808,0.2040
1624811018981000,0,16000.00000000,0.2040
1624811019062000,0,4600.00000000,0.2040
1624811103089000,1,3700.00000000,0.2042
1624811321169000,0,21400.00000000,0.2044
1624811321618000,1,3700.00000000,0.2044
1624811353330000,1,241.71275000,0.2040
1624811353394000,1,0.00000252,0.2040
1624811353474000,1,628.66060000,0.2039
1624811361624000,1,210.65593363,0.2038
1624811361624000,1,547.72146637,0.2038
1624811361631000,1,0.00006469,0.2038
1624811369076000,1,201.20457129,0.2038
1624811369076000,1,523.13188536,0.2038
1624811369076000,1,38808.55963106,0.2038
1624811369076000,1,85715.16000000,0.2038
1624811369076000,1,3700.00000000,0.2038
1624811369076000,1,399.16111086,0.2037
1624811369076000,1,2054.00000000,0.2037
1624811369076000,1,4460.61400000,0.2037
1624811369076000,1,10271.88378307,0.2037
1624811369076000,1,396.86166163,0.2037
1624811369076000,1,2044.00000000,0.2036
1624811369076000,1,20539.14255775,0.2036
1624811369076000,1,25343.79982009,0.2036
1624811369076000,1,22000.00000000,0.2036
1624811369076000,1,5275.57000000,0.2036
1624811369076000,1,51266.91097889,0.2036
1624811406066000,1,192.03193104,0.2039
1624811406066000,1,493.25500982,0.2039
1624811406066000,1,314.71305914,0.2038
1624811433515000,1,442.10902734,0.2042
1624811433515000,1,170.04187266,0.2042
1624811474278000,1,110.41701375,0.2037
1624811474278000,1,280.09458625,0.2037
1624811479829000,1,240.76780000,0.2036
1624811480013000,1,0.00004926,0.2036
1624811480013000,1,2056.00000000,0.2035
1624811480013000,1,6413.53195074,0.2035
1624811516261000,1,114.30000000,0.2036
1624811516587000,1,74.44726563,0.2036
1624811710006000,1,2056.00000000,0.2036
1624811744843000,1,602.07025636,0.2034
1624812128221000,0,179.33075188,0.2040
1624812279281000,1,10286.64557000,0.2036
1624812282695000,1,0.00000629,0.2036
1624812319902000,1,2058.00000000,0.2034
1624812992480000,1,2059.00000000,0.2033
1624812992480000,1,10298.21812000,0.2033
1624813140122000,0,1160.64245371,0.2036
1624813283004000,0,697.89358665,0.2032
1624813440299000,0,394.79945026,0.2026
1624813524595000,1,1012.00000000,0.2019
1624813705036000,1,2067.00000000,0.2026
1624813831871000,0,38808.55963106,0.2027
1624813831871000,0,10346.28553475,0.2027
1624813831871000,0,9545.15483419,0.2027
1624813837890000,0,22500.00000000,0.2028
1624813837972000,0,3500.00000000,0.2028
1624814085165000,1,38808.55963106,0.2027
1624814085165000,1,10330.75978365,0.2027
1624814085165000,1,88860.68058529,0.2027
1624814301817000,1,10099.63670000,0.2021
1624814932918000,0,114.30000000,0.2027
1624815369407000,1,2071.00000000,0.2021
1624815369642000,1,3000.00000000,0.2019
1624815369642000,1,3000.00000000,0.2019
1624815369642000,1,8800.00000000,0.2019
1624815448842000,1,5501.00000000,0.2022
1624815611853000,1,2068.00000000,0.2025
1624815860754000,1,3500.00000000,0.2025
1624815921178000,0,2037.86650000,0.2028
1624816174002000,1,128.75993000,0.2035
1624816174069000,1,0.00000350,0.2035
1624816174069000,1,334.77581650,0.2034
1624816223271000,1,114.30000000,0.2035
1624816334390000,0,283.15661882,0.2037
1624816348714000,1,10284.56684000,0.2036
1624816682949000,1,3700.00000000,0.2038
1624816682949000,1,2055.00000000,0.2038
1624816682949000,1,2000.00000000,0.2037
1624816682949000,1,20546.37823606,0.2037
1624816682949000,1,4460.61400000,0.2037
1624816682949000,1,392.48965705,0.2037
1624816682949000,1,28896.51810689,0.2036
1624816693144000,1,3416.84340000,0.2038
1624816890127000,1,646.13187939,0.2029
1624817119154000,1,151.81619700,0.2018
1624817119154000,1,447.63866282,0.2017
1624817119553000,1,141.96468501,0.2017
1624817225378000,1,223.64075301,0.2015
1624817225386000,1,0.00000001,0.2015
1624817405909000,0,11816.10259000,0.2012
1624817405979000,0,12500.00000000,0.2012
1624817492217000,0,495.50772363,0.2013
1624817651395000,1,2044.00000000,0.2011
1624817749756000,1,2083.00000000,0.2011
1624817799647000,1,10408.43567000,0.2012
1624817828120000,1,0.00000227,0.2012
1624817828120000,1,8999.99999773,0.2012
1624817978989000,0,13535.43567000,0.2021
1624817979032000,0,2485.77215117,0.2021
1624817979032000,0,378.79217883,0.2021
1624818394614000,0,17000.00000000,0.2022
1624818394704000,0,8400.00000000,0.2022
1624818605595000,1,2072.00000000,0.2021
1624818637317000,0,170.58386937,0.2020
1624819080296000,0,140.66109725,0.2020
1624819162436000,0,311.24480000,0.2027
1624819618407000,1,114.96804000,0.2018
1624819637286000,1,244.53262000,0.2015
1624819637456000,1,0.00000087,0.2015
1624819637456000,1,2076.99999913,0.2015
1624820275828000,0,2059.38264601,0.2027
1624821360324000,0,220.20067865,0.2026
1624821360473000,0,2059.38260000,0.2026
1624821416180000,1,3208.00000000,0.2023
1624821453959000,1,3051.00000000,0.2018
1624821840264000,0,245.81127653,0.2012
1624822162807000,0,123.52577217,0.2014
1624822294085000,0,359.14224176,0.2023
1624822294085000,0,9533.90062597,0.2023
1624822384526000,0,363.21492660,0.2026
1624822602556000,0,243.13783570,0.2022
1624822722460000,1,2132.49934000,0.2019
1624823181422000,0,243.13780000,0.2026
1624823182035000,0,14800.00000000,0.2026
1624823183109000,0,10000.00000000,0.2026
1624823280273000,0,2278.88070136,0.2026
1624823416967000,0,14500.00000000,0.2028
1624823416993000,0,114.30000000,0.2028
1624823417035000,0,8500.00000000,0.2028
1624823417306000,0,485.70000000,0.2028
1624824070592000,1,9500.00000000,0.2030
1624824115075000,1,10336.00000000,0.2024
1624824428352000,1,8039.79753000,0.2015
1624824428569000,1,0.00000870,0.2015
1624824428569000,1,10392.00000000,0.2014
1624824428569000,1,10393.76859556,0.2014
1624824428569000,1,2044.00000000,0.2014
1624824428569000,1,6770.23139574,0.2013
1624824703580000,1,141.65818419,0.2021
1624824703580000,1,368.31126581,0.2021
1624824813599000,1,246.09297846,0.2022
1624824813600000,1,0.00000001,0.2022
1624824814009000,1,246.09297847,0.2021
1624824814009000,1,10109.90702153,0.2021
1624825072830000,1,10328.52652000,0.2027
1624825346139000,0,1156.02057067,0.2040
1624825346139000,0,1156.87771862,0.2040
1624825346139000,0,2892.19428071,0.2040
1624825375375000,1,114.30000000,0.2038
1624825379931000,1,3700.00000000,0.2037
1624825380544000,1,212.28070000,0.2036
1624825380621000,1,0.00007704,0.2036
1624825380959000,1,212.28077704,0.2034
1624825380959000,1,3487.71922296,0.2034
1624825560284000,0,906.69972751,0.2036
1624825770895000,0,10302.83105034,0.2034
1624826429764000,0,29600.00000000,0.2039
1624826430406000,0,14500.00000000,0.2039
1624826430633000,0,8000.00000000,0.2039
1624826430707000,0,14500.00000000,0.2039
1624826430837000,0,7500.00000000,0.2039
1624826430996000,0,655.55000000,0.2039
1624826463136000,1,7089.73850000,0.2039
1624826614896000,1,3700.00000000,0.2038
1624826614896000,1,10272.00000000,0.2037
1624826614896000,1,84659.81000000,0.2037
1624826614896000,1,1368.19000000,0.2037
1624826749843000,0,300.00000000,0.2044
1624827014799000,1,3400.00000000,0.2035
1624827152638000,1,10322.34625000,0.2028
1624828603077000,0,155.65547824,0.2041
1624828621580000,1,14800.00000000,0.2039
1624828622472000,1,765.83141273,0.2039
1624828622632000,1,754.75743255,0.2036
1624829103037000,1,50000.00000000,0.2020
1624830432215000,1,230.74751412,0.2027
1624831203116000,1,101.99502000,0.2036
1624831203259000,1,0.00000287,0.2036
1624831203259000,1,254.90759019,0.2035
1624831203259000,1,662.82449847,0.2035
1624831203788000,1,101.98901563,0.2034
1624831203788000,1,254.90759019,0.2034
1624831203788000,1,662.82448418,0.2034
1624831204046000,1,17400.00000000,0.2033
1624831204806000,1,101.98901000,0.2032
1624831355370000,0,17200.00000000,0.2034
1624831491031000,1,8277.51537000,0.2044
1624831555971000,1,759.14037542,0.2055
1624831555971000,1,1276.85962458,0.2055
1624831556354000,1,298.54707125,0.2055
1624831556354000,1,19.60879875,0.2055
1624831585538000,1,106.92187242,0.2055
1624831622573000,1,229.24019000,0.2054
1624831712040000,1,500.00000000,0.2063
1624831712281000,0,6897.15281812,0.2065
1624831713086000,0,542.70626423,0.2064
1624831762170000,0,214.53000000,0.2070
1624831762174000,0,0.00830570,0.2070
1624831762824000,0,1788.92721000,0.2072
1624831781647000,1,146.54642000,0.2071
1624831900636000,0,23142.23576000,0.2073
1624831900649000,0,3049.82290266,0.2073
1624831900967000,0,1867.33331387,0.2075
1624831900967000,0,4668.65988742,0.2075
1624831900967000,0,12134.15659871,0.2075
1624831930233000,0,4500.00000000,0.2077
1624831935208000,1,27206.24336000,0.2077
1624831963684000,1,3000.00000000,0.2077
1624832003219000,0,25680.00586000,0.2073
1624832047907000,1,3000.00000000,0.2076
1624832064636000,0,3800.00000000,0.2078
1624832242123000,0,330.00000000,0.2100
1624832255824000,1,19773.76250000,0.2101
1624832270375000,0,3800.00000000,0.2110
1624832274904000,1,386.53252000,0.2112
1624832275208000,1,0.00000022,0.2112
1624832275208000,1,397.73658978,0.2111
1624832278242000,1,0.00000041,0.2111
1624832296669000,0,396.40498694,0.2105
1624832296669000,0,393.11556490,0.2105
1624832296669000,0,408.82045493,0.2105
1624832296669000,0,2601.65899323,0.2105
1624832298481000,0,1000.00000000,0.2105
1624832303156000,1,412.40132000,0.2108
1624832400723000,0,850.42561163,0.2106
1624832400723000,0,3000.00000000,0.2107
1624832400723000,0,500.00000000,0.2107
1624832400723000,0,2373.12876057,0.2107
1624832477728000,0,30845.73426000,0.2110
1624832507239000,0,8050.93617000,0.2111
1624832508208000,0,669.87920000,0.2113
1624832508422000,0,669.57810000,0.2113
1624832527057000,0,4930.54270000,0.2115
1624832693367000,1,411.10578000,0.2104
1624832693496000,1,0.00000420,0.2104
1624832693496000,1,392.29566580,0.2103
1624832937769000,1,1000.00000000,0.2121
1624833007401000,1,3800.00000000,0.2125
1624833117510000,1,3800.00000000,0.2124
1624833117664000,1,11000.00000000,0.2124
1624833117664000,1,15200.00000000,0.2124
1624833117721000,1,17000.00000000,0.2124
1624833117785000,1,17000.00000000,0.2124
1624833117913000,1,14000.00000000,0.2124
1624833123188000,1,9896.59855000,0.2124
1624833123992000,1,8000.00000000,0.2124
1624833137732000,1,500.00000000,0.2124
1624833188802000,1,1000.00000000,0.2124
1624833203011000,1,9860.84509627,0.2124
1624833241687000,1,1000.00000000,0.2124
1624833278187000,1,6652.45496435,0.2124
1624833279166000,1,9518.34311139,0.2124
1624833547280000,0,399.99999999,0.2120
1624833547300000,0,0.00000001,0.2120
1624833577278000,0,7000.00000000,0.2124
1624833577462000,0,15200.00000000,0.2124
1624833640296000,0,21500.00000000,0.2128
1624833640370000,0,32500.00000000,0.2128
1624833640451000,0,11000.00000000,0.2128
1624833640539000,0,10000.00000000,0.2128
1624833640622000,0,7500.00000000,0.2128
1624833640694000,0,13117.09000000,0.2128
1624833643288000,0,447.60014236,0.2130
1624833643301000,0,0.00000001,0.2130
1624833702490000,0,233.93666000,0.2134
1624833713205000,0,0.00000029,0.2134
1624833881911000,1,9000.00000000,0.2139
1624833894324000,0,1162.19501027,0.2140
1624833925852000,1,2044.00000000,0.2136
1624834034842000,0,381.37279000,0.2138
1624834035857000,0,0.00000085,0.2138
1624834074243000,1,3800.00000000,0.2142
1624834228059000,0,7111.60055000,0.2144
1624834228148000,0,2657.57028000,0.2144
1624834263530000,0,7500.00000000,0.2145
1624834303578000,1,3800.00000000,0.2144
1624834303647000,1,15200.00000000,0.2144
1624834359657000,1,7333.59466000,0.2145
1624834410426000,0,160.94471120,0.2147
1624834478973000,0,160.94470000,0.2145
1624834578538000,1,3800.00000000,0.2142
1624834602348000,1,3800.00000000,0.2145
1624834639553000,0,15200.00000000,0.2147
1624834641315000,0,3800.00000000,0.2147
1624834641315000,0,4799.99999999,0.2147
1624834652568000,0,330.00000000,0.2150
1624834652568000,0,499.12400026,0.2150
1624834666932000,0,8898.84971702,0.2153
1624834686963000,1,196.41700000,0.2152
1624834686971000,1,0.00008506,0.2152
1624834729507000,1,3800.00000000,0.2149
1624834734506000,0,259.38127954,0.2151
1624834850042000,0,511.64606388,0.2149
1624834858244000,1,3800.00000000,0.2143
1624834858573000,1,232.89229000,0.2143
1624834858706000,1,0.00000541,0.2143
1624834920303000,0,278.79988774,0.2136
1624834945469000,1,10924.78320000,0.2130
1624834945641000,1,15200.00000000,0.2130
1624834945839000,1,60246.67680000,0.2130
1624834945839000,1,242.17227832,0.2128
1624834945839000,1,25854.16251154,0.2128
1624834945839000,1,9827.00000000,0.2127
1624834945839000,1,22400.00000000,0.2127
1624834945839000,1,5858.23013215,0.2126
1624834957618000,1,98.00000000,0.2130
1624834986829000,0,4448.43346150,0.2133
1624835128509000,0,8108.91667000,0.2138
1624835207120000,1,8000.00000000,0.2134
1624835207252000,1,1000.00000000,0.2134
1624835395205000,0,281.55326150,0.2141
1624835406764000,0,2388.83903075,0.2142
1624835570287000,1,7500.00000000,0.2144
1624836360268000,0,370.15981257,0.2147
1624836440248000,1,5000.00000000,0.2146
1624836712876000,0,96.43275937,0.2157
1624836712876000,0,96.43264063,0.2157
1624836712896000,0,0.00011874,0.2157
1624836891195000,0,9716.12329689,0.2155
1624836891964000,1,5283.87670311,0.2156
1624837157778000,0,2477.52680000,0.2165
1624837206157000,1,167.92626000,0.2164
1624837213749000,1,16000.00000000,0.2160
1624837213824000,1,2000.00000000,0.2160
1624837214779000,1,800.00000000,0.2160
1624837215612000,1,3800.00000000,0.2159
1624837258539000,1,6000.00000000,0.2158
1624837258834000,1,3800.00000000,0.2158
1624837367900000,1,1500.00000000,0.2160
1624837462780000,1,9684.83175651,0.2161
1624837466299000,1,9685.17274795,0.2161
1624837560263000,0,392.87191611,0.2160
1624837562441000,0,9698.78887791,0.2158
1624837562536000,1,9698.78887791,0.2158
1624837823727000,0,9703.60141000,0.2157
1624837823860000,0,0.00000705,0.2157
1624837830926000,1,9500.00000000,0.2157
1624837843951000,0,9703.32683000,0.2157
1624837845309000,0,0.00000399,0.2157
1624837882861000,1,9639.00198000,0.2160
1624838095645000,0,9681.68065000,0.2162
1624838096812000,0,0.00000206,0.2162
1624838101455000,0,9674.52976000,0.2164
1624838105234000,0,0.00000133,0.2164
1624838130140000,1,14500.00000000,0.2162
