timestamp ms,type,amount,price
1624665618768000,1,260.42279976,0.2013
1624665698229000,1,507.32934075,0.2007
1624665726978000,1,242.09000000,0.2001
1624665727343000,1,0.00102995,0.2001
1624665727651000,1,330.00000000,0.2000
1624665727651000,1,497.40000000,0.2000
1624665727651000,1,828.80000000,0.2000
1624665727651000,1,2801.24999999,0.2000
1624665727651000,1,100.00000000,0.2000
1624665727651000,1,2487.60000000,0.2000
1624665727651000,1,150.00000000,0.2000
1624665727651000,1,600.00000000,0.2000
1624665727651000,1,15000.00000000,0.2000
1624665727651000,1,161.73708697,0.2000
1624665728259000,1,468.50482897,0.2000
1624665728259000,1,394.08985337,0.1998
1624665728259000,1,887.40531766,0.1998
1624665728325000,1,2700.95073465,0.1998
1624665775059000,1,2093.00000000,0.2000
1624665775059000,1,11292.16281020,0.2000
1624665791070000,1,2103.00000000,0.1993
1624665807475000,0,18399.99999999,0.1996
1624665807556000,0,0.00000001,0.1996
1624665868018000,1,387.28261529,0.1996
1624665881173000,1,0.00000001,0.1996
1624665902523000,0,410.51000000,0.2003
1624665904467000,0,0.00422279,0.2003
1624665904467000,0,386.39577721,0.2003
1624665904533000,0,0.00036394,0.2003
1624665944052000,0,17400.00000000,0.2004
1624665952486000,1,445.28551203,0.2002
1624665952486000,1,158.92262757,0.2002
1624666003502000,0,14800.00000000,0.2013
1624666003785000,0,4200.00000000,0.2013
1624666078130000,1,2898.00000000,0.2025
1624666094907000,1,2500.00000000,0.2029
1624666094965000,1,3000.00000000,0.2028
1624666154816000,1,487.99030000,0.2018
1624666154955000,1,0.00007364,0.2018
1624666154955000,1,1171.61162636,0.2018
1624666155019000,1,0.00008772,0.2018
1624666178574000,1,4320.00000000,0.2018
1624666178751000,1,520.23718000,0.2018
1624666213227000,1,3543.00000000,0.2011
1624666220765000,1,660.69868000,0.2009
1624666221025000,1,0.00000730,0.2009
1624666224849000,1,649.47160000,0.2005
1624666261048000,1,695.11020000,0.2003
1624666350334000,1,4107.83389000,0.1999
1624666350422000,1,114.30000000,0.1999
1624666413977000,1,1500.00000000,0.2001
1624666492901000,1,690.92650000,0.2013
1624666510839000,1,1500.00000000,0.2009
1624666511114000,1,8029.00000000,0.2009
1624666511364000,1,9537.00000000,0.2009
1624666511364000,1,5263.00000000,0.2009
1624666586817000,0,9000.00000000,0.2022
1624666597983000,1,7500.00000000,0.2022
1624666784256000,0,114.30000000,0.2036
1624667100351000,0,75178.64000000,0.2036
1624667217408000,1,1000.00000000,0.2039
1624667405635000,0,4893.65925184,0.2048
1624667405688000,0,0.00000001,0.2048
1624667445247000,0,330.00000000,0.2050
1624667480563000,0,14800.00000000,0.2060
1624667491467000,1,279.57135991,0.2064
1624667508868000,1,14808.29103239,0.2064
1624667581985000,1,7550.42865000,0.2059
1624667699696000,1,191.61876560,0.2065
1624667703409000,1,4808.38124000,0.2063
1624667784749000,0,1000.00000000,0.2062
1624667852183000,1,114.30000000,0.2062
1624667900270000,1,275.79289000,0.2064
1624667900330000,1,0.00000780,0.2064
1624667900330000,1,2224.20710220,0.2064
1624667900621000,1,689.50227033,0.2064
1624667981505000,1,282.43443000,0.2061
1624667985457000,1,4717.56557000,0.2059
1624667985828000,1,4865.43440000,0.2059
1624668079112000,0,384.38564000,0.2065
1624668258436000,1,10131.00000000,0.2068
1624668314516000,0,10126.87124000,0.2072
1624668315687000,0,0.00000368,0.2072
1624668315687000,0,4833.43934632,0.2072
1624668315989000,0,0.00000541,0.2072
1624668315989000,0,535.99088459,0.2072
1624668316214000,0,0.00001482,0.2072
1624668316214000,0,280.91870118,0.2072
1624668334556000,1,10105.00000000,0.2073
1624668440150000,1,109.16957000,0.2079
1624668440237000,1,0.00000335,0.2079
1624668440630000,1,10087.00000000,0.2078
1624668440912000,1,10088.00000000,0.2078
1624668523680000,0,10106.47133000,0.2076
1624668589938000,1,10085.00000000,0.2078
1624668708075000,0,5377.10400000,0.2075
1624668910932000,1,9880.00000000,0.2070
1624669002072000,0,10147.90669000,0.2068
1624669021055000,0,10141.43315000,0.2069
1624669181823000,0,114.30000000,0.2069
1624669308236000,1,14800.00000000,0.2057
1624669313544000,0,18000.00000000,0.2056
1624669402769000,0,16708.67128000,0.2055
1624669402859000,0,9500.00000000,0.2055
1624669402961000,0,6000.00000000,0.2055
1624669403025000,0,7000.00000000,0.2055
1624669403101000,0,13000.00000000,0.2055
1624669403168000,0,7000.00000000,0.2055
1624669403351000,0,5000.00000000,0.2055
1624669429838000,1,5500.00000000,0.2058
1624669429916000,1,3848.00000000,0.2058
1624669551835000,1,6152.00000000,0.2057
1624669551908000,1,4036.00000000,0.2057
1624669552229000,1,10188.29880000,0.2057
1624669552591000,1,8275.70120000,0.2057
1624669633324000,1,8000.00000000,0.2056
1624669633384000,1,2193.00000000,0.2056
1624669680325000,0,259.60282813,0.2053
1624669800310000,0,1924.49749232,0.2056
1624669814615000,1,8500.00000000,0.2055
1624669922655000,0,1924.49740000,0.2041
1624669922965000,0,14800.00000000,0.2041
1624670096030000,1,10000.00000000,0.2046
1624670739065000,0,122.77591400,0.2025
1624670786055000,1,114.30000000,0.2019
1624670886260000,0,122.77590000,0.2022
1624670886430000,0,1881.22410000,0.2022
1624670893910000,1,10307.00000000,0.2021
1624670893976000,1,61.00000000,0.2021
1624670989022000,0,114.30000000,0.2016
1624671025150000,1,15000.00000000,0.2018
1624671061133000,1,10391.00000000,0.2018
1624671179986000,1,3700.00000000,0.2016
1624671197975000,1,114.30000000,0.2013
1624671347695000,0,114.30000000,0.2005
1624671439777000,1,10432.00000000,0.2009
1624671442043000,1,3700.00000000,0.2009
1624671922611000,0,24394.28986000,0.2013
1624671926236000,1,10411.00000000,0.2014
1624671926307000,1,3700.00000000,0.2014
1624672003391000,0,19000.00000000,0.2012
1624672057216000,1,3700.00000000,0.2020
1624672076306000,1,25434.29585000,0.2020
1624672162301000,0,24600.00000000,0.2019
1624672174173000,1,10392.00000000,0.2017
1624672190857000,0,23500.00000000,0.2020
1624672242984000,0,2465.00000000,0.2018
1624672302845000,0,491.63966700,0.2022
1624672454999000,1,3700.00000000,0.2034
1624672455159000,1,3700.00000000,0.2034
1624672473883000,1,24306.94667000,0.2035
1624672533513000,1,6066.04734000,0.2037
1624672734802000,1,4500.00000000,0.2060
1624672804488000,0,24800.00000000,0.2065
1624672809826000,0,3121.36602509,0.2070
1624672861681000,1,114.30000000,0.2065
1624672877255000,1,24400.00000000,0.2063
1624672883795000,1,3000.00000000,0.2061
1624672883795000,1,4900.00000000,0.2061
1624673035425000,1,170.71290000,0.2065
1624673035572000,1,0.00005744,0.2065
1624673035572000,1,420.39905328,0.2064
1624673035572000,1,7387.52198928,0.2064
1624673073437000,1,9500.00000000,0.2066
1624673401098000,1,10124.00000000,0.2069
1624673401491000,1,9500.00000000,0.2069
1624673401580000,1,14800.00000000,0.2069
1624673615692000,1,10122.00000000,0.2069
1624673800241000,1,5000.00000000,0.2070
1624674361828000,0,3700.00000000,0.2055
1624674885527000,0,3700.00000000,0.2034
1624675264591000,0,9000.00000000,0.2020
1624675264684000,0,1388.96877000,0.2020
1624675297769000,0,10367.90592000,0.2024
1624675297859000,0,0.00000494,0.2024
1624675353944000,0,9589.12531000,0.2035
1624675354013000,0,16013.17989000,0.2035
1624675361614000,0,14000.00000000,0.2039
1624675361692000,0,3000.00000000,0.2039
1624675528519000,1,25078.80974000,0.2051
1624675698855000,0,7399.99980000,0.2065
1624675699115000,0,14800.00000000,0.2065
1624675731907000,1,20400.00000000,0.2061
1624675731987000,1,10173.00000000,0.2061
1624675766512000,0,8638.62985000,0.2063
1624675911413000,1,50055.66872457,0.2066
1624675938764000,0,114.30000000,0.2070
1624676003029000,1,114.30000000,0.2062
1624676966786000,1,3000.00000000,0.2068
1624676966986000,1,14800.00000000,0.2068
1624677331728000,1,118.93035426,0.2065
1624677331728000,1,309.21891574,0.2065
1624677426024000,1,9071.85073000,0.2066
1624677970696000,0,15000.00000000,0.2054
1624678165484000,1,3648.47673451,0.2059
1624678587798000,1,5000.00000000,0.2065
1624678800266000,0,1184.16711510,0.2067
1624678887120000,0,1184.16710000,0.2070
1624678887770000,0,842.83290000,0.2070
1624678914273000,1,2026.00000000,0.2069
1624678934729000,1,2000.00000000,0.2069
1624679106015000,1,6000.00000000,0.2064
1624679124437000,0,3700.00000000,0.2062
1624679124437000,0,3000.00000000,0.2062
1624679124437000,0,3000.00000000,0.2062
1624679124437000,0,12380.63442420,0.2062
1624679492099000,0,114.30000000,0.2070
1624679659157000,1,114.30000000,0.2064
1624679914528000,0,114.30000000,0.2058
1624679914570000,0,8026.00000000,0.2058
1624679914589000,0,2060.35237787,0.2058
1624680035867000,0,10171.34183000,0.2064
1624680035996000,0,0.00000162,0.2064
1624680158078000,0,1639.64770000,0.2070
1624680158476000,0,8497.53980000,0.2070
1624680290056000,0,0.00002149,0.2070
1624680445937000,1,114.30000000,0.2066
1624680613584000,0,2035.00000000,0.2061
1624680705388000,1,114.30000000,0.2058
1624680843237000,0,2040.00000000,0.2057
1624680906911000,0,10196.42423000,0.2058
1624681025578000,0,10174.99371000,0.2062
1624681064383000,0,0.00000788,0.2062
1624681310340000,1,7686.00000000,0.2054
1624681389807000,1,3407.00000000,0.2053
1624681824387000,0,114.30000000,0.2052
1624682126868000,1,2500.48203178,0.2052
1624682222052000,1,10024.75977000,0.2052
1624682644742000,0,8657.43000000,0.2052
1624682644750000,0,1570.31287297,0.2052
1624683226608000,0,2017.74725848,0.2064
1624683226612000,0,2017.74725848,0.2064
1624683461904000,0,211.84928055,0.2064
1624683562832000,1,2028.00000000,0.2064
1624683771083000,1,151.16471589,0.2074
1624683771083000,1,377.91178972,0.2074
1624683771083000,1,982.57063439,0.2074
1624684057595000,1,114.30000000,0.2078
1624684555135000,1,114.30000000,0.2072
1624684689748000,0,114.30000000,0.2067
1624685024888000,0,625.88341420,0.2060
1624685024894000,0,625.88341420,0.2060
1624685025038000,0,114.30000000,0.2060
1624685333139000,0,1831.57384979,0.2060
1624685333147000,0,1831.57384979,0.2060
1624685498793000,1,114.30000000,0.2056
1624685505668000,0,3700.00000000,0.2056
1624685505668000,0,1459.72491630,0.2056
1624685511840000,1,1385.79727626,0.2056
1624685707869000,0,114.30000000,0.2054
1624685789326000,0,2722.51155000,0.2059
1624685789397000,0,0.00000199,0.2059
1624685869650000,1,114.30000000,0.2059
1624686392058000,0,114.30000000,0.2055
1624686472130000,0,1088.80880000,0.2053
1624686480311000,0,533.60841152,0.2054
1624687333963000,0,543.79763931,0.2062
1624687334187000,0,3196.00000000,0.2062
1624687427827000,0,1092.52067514,0.2068
1624687560267000,0,2028.00000000,0.2069
1624687560267000,0,388.17663310,0.2069
1624687736391000,0,979.99031628,0.2071
1624687736414000,0,979.99031628,0.2071
1624687736512000,0,4815.05600000,0.2071
1624688014515000,0,3626.00000000,0.2072
1624688130589000,0,300.28068184,0.2072
1624688282193000,0,3700.00000000,0.2058
1624688790110000,0,240.10224366,0.2072
1624688819406000,1,13271.67321000,0.2068
1624688819891000,1,114.30000000,0.2068
1624688880310000,0,5976.60685382,0.2067
1624689246760000,0,7866.38280000,0.2062
1624689648470000,0,3700.00000000,0.2054
1624689875894000,0,3700.00000000,0.2036
1624689974945000,0,489.55714637,0.2032
1624690185064000,1,353.63884281,0.2029
1624690254605000,1,2000.00000000,0.2034
1624690299417000,0,169.51861140,0.2029
1624690354248000,0,3700.00000000,0.2032
1624690354248000,0,5275.57000000,0.2032
1624690354248000,0,26856.06811362,0.2033
1624690372184000,0,10338.59892397,0.2031
1624690372184000,0,20682.94107603,0.2032
1624690372207000,0,0.00875246,0.2032
1624690609798000,0,114.30000000,0.2032
1624690609917000,0,10220.13330000,0.2032
1624690695370000,1,2063.00000000,0.2032
1624690951017000,1,1137.00000000,0.2030
1624691048235000,0,1049.38530000,0.2029
1624691155587000,1,7237.38431566,0.2014
1624691155587000,1,24261.31640704,0.2014
1624691155587000,1,2082.00000000,0.2013
1624691155587000,1,21513.29400000,0.2013
1624691155587000,1,2004.00000000,0.2013
1624691155587000,1,5275.57000000,0.2013
1624691155587000,1,411.41493018,0.2013
1624691155884000,1,745.45273830,0.2012
1624691157856000,1,375.86840000,0.2012
1624691169552000,1,114.30000000,0.2012
1624691173672000,1,26306.10903707,0.2011
1624691181745000,1,1000.00000000,0.2013
1624691213907000,0,114.30000000,0.2013
1624691224167000,0,745.45273000,0.2016
1624691224657000,0,0.00000830,0.2016
1624691255180000,1,23273.23414414,0.2011
1624691255198000,1,474.96396213,0.2011
1624691285161000,0,214.41373201,0.2013
1624691300009000,0,8130.96502000,0.2016
1624691300445000,0,0.00000912,0.2016
1624691349554000,0,214.41370000,0.2014
1624691369708000,1,186.10964124,0.2006
1624691413226000,0,18623.58225000,0.2009
1624691438630000,0,1500.00000000,0.2004
1624691447211000,1,114.30000000,0.2003
1624691447216000,1,141.29143404,0.2003
1624691516951000,0,114.30000000,0.2004
1624691589200000,1,3700.00000000,0.2003
1624691661579000,0,10483.42695000,0.2004
1624691668329000,0,0.00000360,0.2004
1624691679642000,0,10482.71794000,0.2004
1624691701448000,0,1708.75000000,0.2003
1624691702774000,0,8778.95488000,0.2003
1624691703222000,0,10483.88000000,0.2004
1624691703493000,0,0.00026730,0.2004
1624691703499000,0,0.00000630,0.2004
1624691710278000,1,3700.00000000,0.2003
1624691788189000,0,10460.23543000,0.2009
1624691877495000,1,114.30000000,0.2000
1624691877584000,1,215.70000000,0.2000
1624691911824000,1,2102.00000000,0.1995
1624691938112000,0,388.30949000,0.2001
1624691946577000,0,2098.00000000,0.2003
1624691946790000,0,2621.92957000,0.2003
1624691946927000,0,0.00000495,0.2003
1624691949232000,1,3700.00000000,0.2002
1624692025965000,1,8328.04000000,0.1997
1624692025983000,1,30007.37000000,0.1997
1624692025989000,1,23429.32000000,0.1997
1624692026210000,1,8192.69534617,0.1997
1624692026378000,1,63133.74504993,0.1997
1624692026425000,1,10523.36958916,0.1997
1624692026532000,1,10556.58283000,0.1997
1624692026733000,1,380.43718474,0.1997
1624692033145000,1,100.25665704,0.1995
1624692033145000,1,100.25654296,0.1995
1624692035061000,1,0.00011408,0.1995
1624692098741000,1,2103.00000000,0.1994
1624692098741000,1,3700.00000000,0.1994
1624692099119000,1,18697.00000000,0.1994
1624692352305000,0,114.30000000,0.1999
1624692365676000,1,7199.48690000,0.1996
1624692378908000,0,50500.00000000,0.1997
1624692378990000,0,6648.53000000,0.1997
1624692379021000,0,104573.69000000,0.1997
1624692379036000,0,13319.64000000,0.1997
1624692385881000,1,3700.00000000,0.1994
1624692515644000,1,3700.00000000,0.1994
1624692552120000,0,536.62908000,0.2000
1624692555029000,0,0.00000627,0.2000
1624692720172000,0,23000.00000000,0.2000
1624692720277000,0,331.78930000,0.2000
1624692785086000,1,3700.00000000,0.1997
1624692785701000,1,2102.00000000,0.1996
1624692926391000,0,1000.00000000,0.1984
1624692926391000,0,4014.03315696,0.1984
1624692960310000,0,2964.77667480,0.1986
1624693039833000,1,8998.00000000,0.1978
1624693042106000,1,490.00000000,0.1977
1624693048127000,1,10.00000000,0.1977
1624693062792000,1,281.28467252,0.1974
1624693062792000,1,430.23182748,0.1974
1624693080288000,0,316.40989741,0.1981
1624693085976000,1,322.63413000,0.1979
1624693089983000,1,300.00813747,0.1976
1624693089983000,1,746.19097253,0.1976
1624693107828000,1,2597.00000000,0.1972
1624693110996000,1,153.78053298,0.1970
1624693111501000,1,0.00000001,0.1970
1624693141856000,0,10671.67292000,0.1970
1624693142111000,0,0.00000303,0.1970
1624693145553000,1,216.82869000,0.1969
1624693146632000,1,390.02869843,0.1968
1624693181763000,0,3064.73702000,0.1973
1624693187071000,1,403.25316075,0.1971
1624693210824000,0,10666.85550000,0.1971
1624693250122000,0,0.00000811,0.1971
1624693306755000,1,500.00000000,0.1972
1624693307874000,1,159.18390441,0.1971
1624693320318000,0,251.02056340,0.1973
1624693395449000,0,10656.16790000,0.1972
1624693396077000,0,0.00001309,0.1972
1624693419063000,1,121.46359981,0.1975
1624693419063000,1,121.46359981,0.1975
1624693428208000,1,112.95846369,0.1974
1624693464767000,1,2129.00000000,0.1972
1624693465095000,1,216.36782943,0.1971
1624693465095000,1,216.41168095,0.1971
1624693465095000,1,13859.29669961,0.1969
1624693493569000,1,2134.00000000,0.1967
1624693493569000,1,3700.00000000,0.1967
1624693498282000,1,114.30000000,0.1965
1624693498312000,1,38.04452520,0.1965
1624693501279000,1,148.77060000,0.1963
1624693501422000,1,0.00007118,0.1963
1624693502454000,1,148.77067118,0.1962
1624693502454000,1,142.81984433,0.1962
1624693511363000,1,121.22359000,0.1960
1624693511638000,1,0.00000776,0.1960
1624693511638000,1,2549.99999224,0.1960
1624693512294000,1,0.00000776,0.1960
1624693512294000,1,110.94538916,0.1958
1624693512294000,1,110.94538916,0.1958
1624693514756000,1,247.63533000,0.1957
1624693515550000,1,0.00000400,0.1957
1624693555538000,0,2142.00000000,0.1962
1624693569239000,0,21500.00000000,0.1965
1624693580219000,0,394.82372343,0.1971
1624693580219000,0,113.97855600,0.1971
1624693590774000,1,2129.00000000,0.1970
1624693591088000,1,253.00210000,0.1970
1624693591101000,1,0.00001475,0.1970
1624693594472000,1,244.91422000,0.1969
1624693594483000,1,0.00000934,0.1969
1624693594821000,1,236.73229249,0.1968
1624693696592000,1,2128.00000000,0.1971
1624693703268000,1,9661.32501000,0.1968
1624693703430000,1,5915.17138000,0.1968
1624693703460000,1,710.18290000,0.1968
1624693936667000,0,393.97717268,0.1954
1624693940516000,0,305.82065718,0.1954
1624693956033000,0,305.82060000,0.1953
1624693969662000,0,390.77703320,0.1970
1624693990202000,1,411.58798000,0.1956
1624694029611000,0,114.30000000,0.1959
1624694110595000,1,3700.00000000,0.1956
1624694154963000,0,26284.63282000,0.1955
1624694165307000,1,177.13587151,0.1956
1624694180685000,0,101.63168377,0.1958
1624694220973000,1,2136.00000000,0.1963
1624694239396000,1,2135.00000000,0.1966
1624694244490000,1,25756.50357313,0.1965
1624694250407000,1,3700.00000000,0.1961
1624694284078000,1,213.02472000,0.1961
1624694284182000,1,2139.00000000,0.1961
1624694285178000,1,213.02472000,0.1960
1624694320593000,1,114.30000000,0.1955
1624694351830000,1,164.87542521,0.1955
1624694351830000,1,3699.99999479,0.1955
1624694380570000,0,3700.00000000,0.1957
1624694380570000,0,10614.06098370,0.1957
1624694384356000,1,3700.00000000,0.1953
1624694384356000,1,138.75069049,0.1953
1624694384356000,1,10741.87806942,0.1953
1624694384356000,1,3000.00000000,0.1953
1624694384356000,1,11473.49227800,0.1953
1624694384356000,1,3671.28125278,0.1953
1624694387561000,0,2148.00000000,0.1956
1624694434398000,0,114.30000000,0.1957
1624694480846000,1,476.47981870,0.1959
1624694492550000,0,25617.50855000,0.1963
1624694529047000,1,3700.00000000,0.1966
1624694529411000,1,2134.00000000,0.1966
1624694565230000,1,17854.81771000,0.1963
1624694565299000,1,6432.01682000,0.1963
1624694629350000,1,3700.00000000,0.1954
1624694644976000,1,330.00000000,0.1950
1624694660337000,1,10754.19122000,0.1951
1624694726864000,1,0.00000108,0.1951
1624694726864000,1,10757.39890892,0.1951
1624694756983000,0,256.34452704,0.1950
1624694793418000,1,10789.95918000,0.1945
1624694854507000,0,2558.82548989,0.1944
1624694887191000,1,1736.43387000,0.1943
1624695074484000,1,106.12600000,0.1943
1624695120267000,0,1254.31594861,0.1935
1624695123558000,0,2545.67557370,0.1935
1624695125266000,1,170.77318822,0.1933
1624695125402000,1,334.59880000,0.1933
1624695125468000,1,168.81680000,0.1933
1624695125540000,1,371.98190000,0.1933
1624695125606000,1,8871.02615464,0.1933
1624695125615000,1,149.94500000,0.1931
1624695125679000,1,4083.38471178,0.1930
1624695155567000,0,274.02487691,0.1930
1624695179830000,1,508.80227943,0.1925
1624695244304000,1,130.00000000,0.1923
1624695256709000,0,1000.00000000,0.1924
1624695256837000,0,106.12600000,0.1924
1624695270192000,1,108.58796911,0.1925
1624695270192000,1,282.35793089,0.1925
1624695301297000,1,109.16188590,0.1929
1624695301297000,1,283.82081410,0.1929
1624695329021000,1,233.37594000,0.1934
1624695329242000,1,0.00000687,0.1934
1624695445095000,0,1000.00000000,0.1931
1624695609097000,1,3700.00000000,0.1926
1624695622361000,1,6066.62406000,0.1925
1624695931690000,0,200.00000000,0.1931
1624695962032000,1,3700.00000000,0.1927
1624695962032000,1,3167.85523817,0.1927
1624696213529000,0,2004.00000000,0.1935
1624696345430000,1,1000.00000000,0.1947
1624696345484000,1,2154.00000000,0.1947
1624696368650000,0,1294.82874876,0.1949
1624696369659000,0,1294.52187103,0.1949
1624696379953000,0,2546.67908000,0.1949
1624696380033000,0,0.00000622,0.1949
1624696380033000,0,33379.20739378,0.1949
1624696380119000,0,0.00001201,0.1949
1624696393616000,1,578.91956848,0.1950
1624696440341000,0,5073.78956647,0.1955
1624696517085000,0,3020.58828965,0.1950
1624696581407000,0,6338.84413145,0.1948
1624696586404000,0,6337.91481842,0.1948
1624696597728000,0,7447.85068679,0.1948
1624696598742000,0,3275.12220646,0.1948
1624696599130000,0,66.83922870,0.1948
1624696623567000,1,10790.29910000,0.1945
1624696680404000,0,842.62067861,0.1943
1624696760045000,0,513.13892200,0.1937
1624696761101000,1,449.28903900,0.1934
1624696798530000,0,1069.80735544,0.1928
1624696843468000,0,2004.00000000,0.1929
1624696920364000,0,1539.33067622,0.1924
1624696926569000,0,2004.00000000,0.1925
1624696973208000,0,257.87197429,0.1929
1624697160281000,0,586.73524247,0.1941
1624697190460000,1,150.00000000,0.1939
1624697265892000,0,10860.63289000,0.1935
1624697266066000,0,0.00000515,0.1935
1624697266066000,0,515.72975245,0.1937
1624697380416000,0,25127.17000000,0.1941
1624697380430000,0,0.00404460,0.1941
1624697405088000,1,17508.22027000,0.1939
1624697417886000,1,24560.18146000,0.1933
1624697473879000,0,2175.00000000,0.1932
1624697474058000,0,27000.00000000,0.1932
1624697474352000,0,18500.00000000,0.1933
1624697485792000,1,6648.29992512,0.1928
1624697545473000,1,297.40796000,0.1923
1624697569373000,1,0.00000589,0.1923
1624697583833000,1,104.16145859,0.1920
1624697583833000,1,104.16145859,0.1920
1624697583833000,1,831.61052708,0.1918
1624697674740000,1,3700.00000000,0.1924
1624697674740000,1,3000.00000000,0.1924
1624697674740000,1,115603.21934033,0.1924
1624697691081000,1,10905.05792000,0.1924
1624697716802000,1,0.00000143,0.1924
1624697760307000,0,2187.00000000,0.1921
1624697760307000,0,1665.58015348,0.1921
1624697785855000,0,2185.00000000,0.1922
1624697821197000,0,15000.00000000,0.1928
1624697830682000,1,178.90554000,0.1930
1624697850173000,1,375.00000000,0.1928
1624698164806000,0,2008.78476146,0.1932
1624698219064000,0,10901.79000000,0.1928
1624698240266000,0,2180.00000000,0.1928
1624698240266000,0,500.00000000,0.1929
1624698240266000,0,9560.32979428,0.1929
1624698253374000,1,174.25160000,0.1930
1624698288612000,1,10879.66683000,0.1929
1624698503696000,1,24376.16859000,0.1935
1624698567729000,0,257.47161413,0.1932
1624698648739000,1,3700.00000000,0.1925
1624698648833000,1,2179.00000000,0.1925
1624698678582000,1,663.56777149,0.1924
1624698692659000,1,2181.00000000,0.1925
1624698711871000,0,6392.93051453,0.1932
1624698730653000,1,574.98765154,0.1934
1624698775556000,1,2172.00000000,0.1932
1624698775583000,1,1500.00000000,0.1931
1624698856820000,0,943.28725720,0.1928
1624698899543000,0,258.19120012,0.1927
1624699025342000,1,167.36020000,0.1923
1624699025376000,1,0.00000806,0.1923
1624699076802000,0,24146.52087950,0.1925
1624699191511000,0,16500.00000000,0.1929
1624699292025000,1,2168.00000000,0.1936
1624699368326000,1,10817.79474000,0.1940
1624699368378000,1,0.00000966,0.1940
1624699368525000,0,999.99000000,0.1940
1624699368572000,0,0.00999034,0.1940
1624699401181000,0,200.00000000,0.1938
1624699561389000,0,1000.00000000,0.1938
1624699770307000,1,2162.00000000,0.1942
1624699977234000,1,2145.00000000,0.1956
1624700214750000,0,3700.00000000,0.1960
1624700230948000,0,8275.48495044,0.1958
1624700265750000,0,10516.01708756,0.1959
1624700265938000,0,214.61259362,0.1959
1624700274977000,0,1005.66644545,0.1962
1624700292522000,0,3700.00000000,0.1962
1624700292522000,0,3000.00000000,0.1962
1624700292522000,0,2142.00000000,0.1962
1624700292532000,1,30387.56339133,0.1963
1624700361222000,0,3700.00000000,0.1974
1624700361222000,0,2130.00000000,0.1974
1624700361222000,0,500.00000000,0.1975
1624700361222000,0,4743.40888421,0.1975
1624700361347000,0,537.89297828,0.1975
1624700371223000,1,1500.00000000,0.1977
1624700400311000,0,1070.77109569,0.1981
1624700471059000,1,250.00000000,0.1975
1624700640244000,0,238.45606766,0.1966
1624700682660000,0,7270.72395019,0.1963
1624700691176000,1,4500.00000000,0.1962
1624700691331000,1,4015.59060000,0.1962
1624700743543000,0,101.33669416,0.1964
1624700861505000,0,252.27544242,0.1972
1624700966948000,1,2131.00000000,0.1970
1624701080999000,1,1000.00000000,0.1971
1624701081212000,1,14800.00000000,0.1971
1624701126711000,0,10655.46000000,0.1973
1624701152998000,1,176.55447266,0.1978
1624701153020000,1,0.00000001,0.1978
1624701153917000,1,176.60442000,0.1977
1624701153988000,1,0.00000645,0.1977
1624701394830000,0,8349.25350879,0.1973
1624701394842000,0,2306.05470468,0.1973
1624701553810000,0,3700.00000000,0.1974
1624701553810000,0,2972.68343210,0.1974
1624701659616000,0,3801.33660000,0.1972
1624701960289000,0,133.30532192,0.1974
1624702265817000,0,127.03851248,0.1963
1624702403583000,0,14800.00000000,0.1969
1624702404097000,0,8400.00000000,0.1969
1624702544182000,0,101.36766503,0.1963
1624702895659000,0,151.48837300,0.1971
1624702933133000,0,252.85590000,0.1969
1624703760308000,0,231.61805455,0.1959
1624703857089000,0,231.61800000,0.1956
1624704019715000,1,2141.00000000,0.1960
1624704260306000,1,3700.00000000,0.1950
1624704339913000,1,9345.55242000,0.1949
1624704347656000,1,2004.00000000,0.1944
1624704357911000,0,2159.00000000,0.1946
1624704486290000,0,12341.00000000,0.1956
1624704486367000,0,3259.00000000,0.1956
1624704553837000,1,2145.00000000,0.1957
1624704840264000,0,510.61287984,0.1961
1624704922252000,0,200.37559284,0.1967
1624705030416000,1,1185.38720000,0.1965
1624705052228000,0,342.00000000,0.1967
1624705127266000,0,10000.00000000,0.1974
1624705134587000,0,342.00000000,0.1974
1624705247596000,1,10630.48263000,0.1974
1624705270142000,1,8500.00000000,0.1973
1624705270220000,1,2134.68950000,0.1973
1624705320667000,0,12500.00000000,0.1982
1624705421104000,0,153839.65800918,0.1985
1624705571438000,1,7914.17326000,0.1982
1624705593035000,1,0.00000807,0.1982
1624705753718000,0,3700.00000000,0.1985
1624705753718000,0,2117.00000000,0.1985
1624705753718000,0,6728.85002518,0.1985
1624705800290000,0,214.67130089,0.1992
1624705801194000,0,2109.00000000,0.1992
1624705804739000,1,3700.00000000,0.1995
1624705809034000,1,114.30000000,0.1994
1624705809683000,1,104.97877000,0.1994
1624705860706000,0,100.00000000,0.1990
1624706115017000,1,2116.00000000,0.1982
1624706176985000,0,3700.00000000,0.1979
1624706176985000,0,5423.76287618,0.1979
1624706215718000,0,114.30000000,0.1978
1624706215901000,0,1905.67130000,0.1978
1624706317730000,0,2004.00000000,0.1980
1624706347205000,0,103.00000000,0.1986
1624706640272000,0,423.50987059,0.1986
1624706650981000,1,386.09347000,0.1981
1624706651045000,1,0.00000218,0.1981
1624706681168000,0,423.50980000,0.1983
1624706692468000,0,5275.57000000,0.1984
1624707481662000,1,114.30000000,0.1991
1624707674834000,0,2105.00000000,0.1997
1624707674834000,0,104.16145859,0.1997
1624707674834000,0,104.16145859,0.1997
1624707680248000,1,157.12654711,0.1995
1624707680248000,1,392.81635289,0.1995
1624707680620000,1,0.00001489,0.1995
1624707682460000,1,392.81636000,0.1994
1624707785522000,0,330.00000000,0.2000
1624707899308000,1,154.29196746,0.2000
1624708057475000,0,5144.68280968,0.1999
1624708176396000,0,10446.94327769,0.2012
1624708242959000,1,135.56866882,0.2009
1624708242997000,1,0.00000001,0.2009
1624708315866000,0,582.21755763,0.2013
1624709621247000,1,3700.00000000,0.2000
1624709681308000,0,114.30000000,0.2000
1624709749801000,1,401.13000000,0.1997
1624709750162000,1,0.00009626,0.1997
1624709750162000,1,3298.86990374,0.1997
1624709873914000,1,114.30000000,0.1991
1624709881201000,1,14094.39311000,0.1989
1624709881299000,1,1000.00000000,0.1989
1624709881305000,1,114.30010000,0.1989
1624709881315000,1,29600.00000000,0.1989
1624709881350000,1,3778.73412024,0.1989
1624709881366000,1,3477.87887037,0.1989
1624709881442000,1,3438.99953008,0.1989
1624709881547000,1,36334.11426931,0.1989
1624709944860000,1,580.05225299,0.1988
1624710033973000,1,999.99999999,0.1999
1624710034077000,1,0.00000001,0.1999
1624710152958000,1,580.05220000,0.2000
1624710280225000,0,23000.00000000,0.2001
1624710360898000,0,18000.00000000,0.2010
1624710630522000,1,669.83054000,0.2000
1624710631155000,1,0.00000782,0.2000
1624710960275000,0,148.45760348,0.2011
1624711032154000,0,114.30000000,0.2009
1624711070478000,0,148.45760000,0.2011
1624711560271000,0,150.54144065,0.2003
1624711610796000,1,114.30000000,0.2000
1624711845159000,0,10503.72000000,0.2001
1624711845184000,0,0.00657560,0.2001
1624712082169000,1,3700.00000000,0.1995
1624712115290000,1,163.01740000,0.1996
1624712115496000,1,0.00000193,0.1996
1624712115496000,1,2103.00000000,0.1995
1624712131731000,1,167.30889080,0.1994
1624712131731000,1,1266.67370920,0.1994
1624712225669000,1,524.47697806,0.1990
1624712227474000,1,4475.52000000,0.1990
1624712227504000,1,0.00302194,0.1990
1624712409648000,0,114.30000000,0.1982
1624712491010000,0,2518.83318259,0.1990
1624712507202000,0,26400.00000000,0.1991
1624712620875000,1,114.30000000,0.1991
1624712760247000,0,1492.17027232,0.2003
1624712760505000,0,1492.17010000,0.2003
1624712808026000,0,114.30000000,0.2002
1624712808353000,0,1984.70000000,0.2002
1624712823032000,1,114.30000000,0.2001
1624712880227000,0,249.23132231,0.2000
1624713494409000,0,10500.80700000,0.2002
1624713520515000,1,191.22310000,0.2003
1624713550163000,0,2380.77694898,0.2005
1624713550213000,0,1000.00000000,0.2005
1624713676263000,1,133.12547531,0.2013
1624713676263000,1,865.25545697,0.2013
1624713729474000,1,231.27738498,0.2006
1624713729474000,1,601.11169179,0.2006
1624713729518000,1,0.00000001,0.2006
1624713785149000,0,3380.77690000,0.2005
1624713785268000,0,7102.65920000,0.2005
1624714065184000,0,20600.00000000,0.2002
1624714114083000,1,135.91743005,0.2005
1624714114083000,1,353.44909995,0.2005
1624714156220000,1,119.43702936,0.2006
1624714156220000,1,310.42044842,0.2006
1624714156640000,1,3700.00000000,0.2005
1624714316312000,1,129.03236000,0.1989
1624714316443000,1,0.00000193,0.1989
1624714316598000,1,129.03236193,0.1989
1624714336732000,0,1251.10096900,0.1992
1624714381047000,1,10620.54747000,0.1988
1624714435855000,0,15600.00000000,0.1993
1624714436048000,0,2924.08503659,0.1993
1624714436048000,0,7308.04315341,0.1993
1624714436487000,0,0.00001008,0.1993
1624714439703000,1,128.31006300,0.1994
1624714439703000,1,333.60603700,0.1994
1624714439734000,1,0.00012680,0.1994
1624714449738000,1,116.96940000,0.1991
1624714484804000,1,112.55570000,0.1993
1624714484955000,1,0.00005882,0.1993
1624714484955000,1,292.64497294,0.1992
1624714484955000,1,2106.00000000,0.1992
1624714486358000,1,112.55570000,0.1992
1624714595867000,1,230.11090000,0.1988
1624714818350000,0,464.27843848,0.1978
1624714829932000,0,497.95258076,0.1978
1624714830026000,0,326.06340000,0.1978
1624714994162000,0,114.30000000,0.1974
1624715156202000,1,3700.00000000,0.1958
1624715156202000,1,1444.68280968,0.1957
1624715202028000,0,16000.00000000,0.1960
1624715264734000,1,3700.00000000,0.1953
1624715264734000,1,2148.00000000,0.1953
1624715264734000,1,3000.00000000,0.1952
1624715264734000,1,3697.85002518,0.1952
1624715362550000,1,7400.00000000,0.1955
1624715368390000,1,330.00000000,0.1950
1624715368390000,1,2383.20184803,0.1950
1624715368571000,1,10116.79810000,0.1950
1624715532744000,1,0.00005197,0.1950
1624715615200000,1,114.30000000,0.1947
1624715649880000,0,114.30000000,0.1949
1624715673205000,1,114.30000000,0.1946
1624715715420000,0,114.30000000,0.1951
1624715755156000,1,274.10259458,0.1955
1624715755156000,1,109.64999542,0.1955
1624715813198000,1,2500.00000000,0.1952
1624715833522000,1,139.91184378,0.1951
1624715833522000,1,363.77065622,0.1951
1624715833872000,1,0.00013760,0.1951
1624715882273000,1,177.84749000,0.1951
1624715988460000,1,112.78622820,0.1947
1624715988736000,1,112.79430000,0.1946
1624715996767000,1,1883.52320000,0.1947
1624716031560000,1,3700.00000000,0.1947
1624716073601000,1,139.94070000,0.1941
1624716073692000,1,0.00002794,0.1941
1624716073692000,1,3560.05927206,0.1941
1624716120264000,0,172.22509175,0.1941
1624716249139000,1,10836.98314000,0.1937
1624716252502000,1,0.00000775,0.1937
1624716646486000,1,2000.00000000,0.1945
1624716839836000,1,3620.75875000,0.1944
1624716840129000,1,2000.00010000,0.1944
1624716852256000,1,3620.75870000,0.1938
1624716854228000,1,16779.24000000,0.1938
1624716856437000,1,0.00130000,0.1938
1624716927646000,1,3700.00000000,0.1942
1624716977569000,0,5825.46481000,0.1947
1624716979281000,1,3700.00000000,0.1946
1624717028808000,0,127.60049800,0.1947
1624717052488000,0,17200.00000000,0.1951
1624717079719000,0,14800.00000000,0.1960
1624717080176000,0,9016.34940000,0.1960
1624717137642000,1,500.00000000,0.1959
1624717244471000,0,28500.00000000,0.1947
1624717249248000,0,4613.15519461,0.1948
1624717249346000,0,2089.07900435,0.1948
1624717264813000,0,24785.45619000,0.1949
1624717265127000,0,1614.54381000,0.1949
1624717278786000,1,24539.40845000,0.1950
1624717444810000,1,2148.00000000,0.1954
1624717645472000,1,114.30000000,0.1957
1624718087003000,1,10661.20838000,0.1968
1624718087090000,1,0.00000149,0.1968
1624718124875000,0,114.30000000,0.1970
1624718262926000,1,2142.00000000,0.1958
1624718263022000,1,300.00000000,0.1958
1624718512253000,1,2500.00000000,0.1969
1624718568258000,1,10673.67390000,0.1965
1624718568359000,1,0.00000714,0.1965
1624718568359000,1,2133.99999286,0.1965
1624718587476000,1,535.99089940,0.1965
1624718808528000,1,2140.00000000,0.1960
1624718808578000,1,2550.00000000,0.1960
1624718853834000,0,253.43202078,0.1963
1624719091844000,1,3700.00000000,0.1980
1624719141468000,1,300.00000000,0.1979
1624719183938000,1,410.36100000,0.1978
1624719183967000,1,0.00009882,0.1978
1624719619206000,0,18200.00000000,0.1979
1624719625422000,1,3700.00000000,0.1979
1624719749626000,1,10301.62990000,0.1957
1624719749719000,1,415.43430000,0.1957
1624719754754000,0,389.64244173,0.1959
1624719754812000,0,7.95188657,0.1959
1624719755581000,0,397.36000000,0.1959
1624719840283000,0,151.60063717,0.1956
1624720080266000,0,271.86345341,0.1965
1624720100181000,0,152.05964800,0.1961
1624720219993000,1,10665.91140000,0.1967
1624720462307000,0,152.05960000,0.1971
1624720468863000,1,2128.00000000,0.1971
1624720469291000,1,10645.75929000,0.1970
1624720510795000,0,845.55858000,0.1974
1624720511271000,0,0.00000985,0.1974
1624720511271000,0,2071.61854494,0.1974
1624720511374000,0,42.27792969,0.1974
1624720511658000,0,845.51583000,0.1974
1624720511838000,0,0.00000856,0.1974
1624720519115000,1,3700.00000000,0.1976
1624720519578000,1,124.41230000,0.1976
1624720562748000,1,112.41050000,0.1976
1624720826670000,1,843.93463000,0.1958
1624720826683000,1,114.30000000,0.1958
1624721060095000,1,164.73940000,0.1970
1624721060418000,1,0.00008540,0.1970
1624721060418000,1,2129.99991460,0.1969
1624721060845000,1,148.10890000,0.1970
1624721075308000,1,117.70420000,0.1969
1624721075392000,1,0.00001069,0.1969
1624721120240000,1,171.58410000,0.1977
1624721120407000,1,0.00001595,0.1977
1624721120407000,1,171.58748405,0.1976
1624721152764000,1,219.09090000,0.1975
1624721152929000,1,0.00004273,0.1975
1624721152929000,1,340.36235727,0.1975
1624721153240000,1,229.33740000,0.1975
1624721165824000,1,164.38429000,0.1975
1624721166102000,1,0.00000992,0.1975
1624721166231000,1,427.28504000,0.1974
1624721227744000,1,128.70384000,0.1966
1624721314418000,0,114.30000000,0.1967
1624721599674000,0,3700.00000000,0.1971
1624721599674000,0,1379.65361400,0.1971
1624721743015000,1,4279.62683000,0.1968
1624721880292000,0,340.27619845,0.1966
1624721880411000,0,3699.99990000,0.1966
1624721927204000,0,1947.53317306,0.1962
1624722027841000,0,1947.53310000,0.1965
1624722397202000,1,3500.00000000,0.1983
1624722397301000,1,7071.37880000,0.1983
1624722505174000,1,0.00000009,0.1983
1624722505174000,1,114.29999991,0.1983
1624722564662000,0,200.00000000,0.1983
1624722720270000,0,165.55210091,0.1982
1624722725072000,0,200.00000000,0.1982
1624722832729000,0,114.30000000,0.1986
1624722874693000,0,499.51049196,0.1992
1624723144601000,1,2105.00000000,0.1991
1624723205002000,1,114.30000000,0.1991
1624723238160000,1,3700.00000000,0.1988
1624723244515000,0,1000.00000000,0.1986
1624723262586000,0,114.30000000,0.1986
1624723309072000,1,975.14776618,0.1977
1624723309276000,1,114.30000000,0.1977
1624723309314000,1,26510.55223382,0.1977
1624723325118000,1,3814.30000000,0.1976
1624723325193000,1,695.00000000,0.1976
1624723525245000,0,114.30000000,0.1976
1624723652685000,1,1500.00000000,0.1972
1624723735949000,1,10677.62149587,0.1968
1624723736149000,1,4200.00000000,0.1968
1624723736337000,1,4122.37850413,0.1968
1624724095703000,1,500.00000000,0.1950
1624724169488000,1,8367.68424415,0.1936
1624724169668000,1,9232.31575585,0.1936
1624724193401000,1,1000.00000000,0.1936
1624724250896000,1,1000.00000000,0.1938
1624724280264000,0,169.82577043,0.1938
1624724284514000,0,10846.30558000,0.1937
1624724404728000,1,165.75421000,0.1940
1624724404776000,1,0.00000843,0.1940
1624724414665000,1,114.30000000,0.1938
1624724432479000,0,114.30000000,0.1939
1624724445062000,0,1144.30778600,0.1943
1624724520271000,0,557.89028579,0.1949
1624724738423000,0,17400.00000000,0.1959
1624724760233000,1,214.99245847,0.1961
1624724760233000,1,0.07539534,0.1961
1624724785093000,0,253.03244837,0.1966
1624724805011000,1,492.95826289,0.1961
1624724805559000,1,189.59933188,0.1961
1624724864547000,1,249.45424000,0.1956
1624724885812000,0,253.03240000,0.1956
1624724886067000,0,10484.77290000,0.1956
1624724926684000,0,10735.15288000,0.1956
1624724962979000,0,3045.68375675,0.1960
1624724983154000,0,651.78107000,0.1961
1624724987624000,0,0.00000021,0.1961
1624724987624000,0,180.12068065,0.1962
1624725232222000,1,23847.98640000,0.1963
1624725661520000,0,501.38677660,0.1965
1624725813122000,0,501.38670000,0.1960
1624726200296000,0,504.12888466,0.1964
1624726302594000,1,1977.00000000,0.1968
1624726835636000,1,1977.00000000,0.1973
1624726936732000,1,3700.00000000,0.1975
1624727385098000,1,164.18020000,0.1980
1624727385262000,1,0.00002617,0.1980
1624727385262000,1,2118.00000000,0.1980
1624727385262000,1,913.69097383,0.1980
1624727407174000,1,103.00000000,0.1979
1624727446749000,1,114.30000000,0.1980
1624727904577000,0,114.30000000,0.1971
1624727945129000,0,114.29990000,0.1964
1624727945213000,0,16000.00000000,0.1964
1624727945298000,0,42000.00000000,0.1964
1624727945701000,0,9500.00000000,0.1964
1624728480276000,0,2563.33180476,0.1980
1624728628219000,0,115.99964519,0.1973
1624728784217000,0,240.41751869,0.1966
1624729560246000,0,1002.77027951,0.1976
1624729599136000,1,3700.00000000,0.1981
1624730263642000,0,330.00000000,0.2000
1624730274215000,1,755.41920000,0.2002
1624730275017000,1,3700.00000000,0.2003
1624730358883000,0,10487.92468000,0.2001
1624730363741000,1,2095.00000000,0.2001
1624730428054000,1,2092.00000000,0.2003
1624730510870000,1,114.30000000,0.1997
1624731023241000,0,114.30000000,0.2001
1624731130909000,0,248.22272500,0.2006
1624731140988000,1,112.66770000,0.2004
1624731141122000,1,0.00000173,0.2004
1624731141122000,1,292.89509827,0.2003
1624731161745000,1,235.54790000,0.2004
1624731161929000,1,0.00000288,0.2004
1624731243633000,1,8500.00000000,0.2005
1624731243700000,1,1957.62166626,0.2005
1624731268982000,0,220.76190000,0.2011
1624731274710000,1,122.93260000,0.2010
1624731645173000,1,243.98420000,0.1999
1624731760381000,1,114.30000000,0.1998
1624732538933000,1,500.79375810,0.1994
1624732541342000,0,494.72357357,0.1998
1624732548250000,1,3700.00000000,0.1997
1624732724941000,1,7500.00000000,0.2002
1624732724953000,1,2972.51077422,0.2002
1624732790859000,1,1228.28300000,0.2001
1624732800299000,0,2596.43070473,0.2001
1624732866939000,0,10506.90246000,0.1997
1624733097644000,1,250.00000000,0.1992
1624733759132000,0,323.53591346,0.1992
1624733878071000,0,323.53590000,0.1992
1624734117969000,1,496.68375790,0.2002
1624734120728000,0,491.10988627,0.2005
1624734240287000,0,238.10598166,0.2000
1624734277160000,0,236.25933516,0.2001
1624734966219000,1,258.57780000,0.1995
1624735245180000,0,10511.20932879,0.1997
1624735245180000,0,3700.00000000,0.1997
1624735245180000,0,3700.00000000,0.1997
1624735245180000,0,21026.35432700,0.1997
1624735245180000,0,12598.19695942,0.1997
1624735305676000,0,8700.47080000,0.1994
1624735726861000,0,7400.00000000,0.1985
1624735920298000,0,249.13055951,0.1986
1624736026000000,0,539.24518907,0.1990
1624736040338000,0,248.83875249,0.1991
1624736176248000,0,248.83870000,0.1988
1624736176286000,0,10306.24218868,0.1988
1624737183934000,1,1977.00000000,0.1992
1624737228647000,1,826.02371094,0.1989
1624737783482000,1,1284.89258000,0.1991
1624737960312000,0,154.53857866,0.1983
1624738050095000,0,114.30000000,0.1979
1624738313525000,1,252.00000000,0.1981
1624738513335000,1,826.02370000,0.1976
1624738753986000,1,114.30000000,0.1974
1624738753989000,1,1862.70000000,0.1974
1624739520295000,0,298.34761558,0.1996
1624739760306000,0,1716.53420768,0.1990
1624740240291000,0,496.27039000,0.1994
1624740683558000,0,3700.00000000,0.1986
1624740683558000,0,1500.00000000,0.1986
1624740683558000,0,500.00000000,0.1986
1624740683558000,0,10568.07972404,0.1986
1624740683558000,0,12295.02829466,0.1987
1624741380160000,1,8000.00000000,0.1970
1624741474243000,0,4196.27030000,0.1973
1624741542478000,0,114.30000000,0.1976
1624741680297000,0,1301.81874779,0.1973
1624741737478000,1,2518.83318259,0.1973
1624741898829000,1,2518.83310000,0.1973
1624741985782000,0,15698.87868715,0.1972
1624741985799000,0,3901.12131285,0.1972
1624741985799000,0,10648.00860674,0.1972
1624741985799000,0,3700.00000000,0.1972
1624741985799000,0,21301.72537585,0.1972
1624741987222000,0,3700.00000000,0.1975
1624741987548000,0,4006.00000000,0.1975
1624742000397000,1,3700.00000000,0.1975
1624742160340000,0,225.71433072,0.1974
1624742208313000,1,3474.28570000,0.1975
1624743158352000,1,177.24211273,0.1980
1624743279830000,1,10567.00000000,0.1983
1624743289215000,1,176.50915326,0.1981
1624743682514000,1,114.30000000,0.1986
1624743725955000,0,17849.35000000,0.1988
1624743725959000,0,5750.65000000,0.1988
1624744025970000,0,26257.31953000,0.1993
1624744027806000,0,8945.00000000,0.1996
1624744080285000,0,570.01309647,0.1999
1624744154440000,0,3000.00000000,0.1999
1624744274111000,0,19000.00000000,0.2000
1624744320258000,0,463.74543818,0.2001
1624744370298000,0,864.71000000,0.2001
1624744370355000,0,16935.29000000,0.2001
1624744543821000,1,2092.00000000,0.2001
1624744560282000,0,145.85475283,0.2003
1624744602777000,0,10472.20000000,0.2004
1624744602783000,0,0.00012082,0.2004
1624744714585000,0,16400.00000000,0.2006
1624744714585000,0,10460.84630472,0.2006
1624744714585000,0,732.32369528,0.2006
1624744714589000,0,11009.79402223,0.2006
1624744714645000,0,12950.70745196,0.2006
1624744876247000,0,981.99000000,0.2011
1624744876257000,0,13004.76000000,0.2011
1624744925564000,0,1000.00000000,0.2013
1624745200799000,1,2079.00000000,0.2014
1624745280283000,0,329.07213451,0.2020
1624745624250000,0,10353.47000000,0.2026
1624745624255000,0,0.00487027,0.2026
1624745624255000,0,20716.33082473,0.2027
1624746159842000,0,10000.00000000,0.2029
1624746450679000,0,244.34575904,0.2036
1624747422331000,0,10283.33000000,0.2041
1624747422403000,0,0.00268457,0.2041
1624747567265000,0,330.00000000,0.2050
1624747567859000,0,1977.00000000,0.2052
1624747567859000,0,2965.45256541,0.2052
1624747748555000,0,3700.00000000,0.2051
1624747748555000,0,10225.80000000,0.2051
1624747757375000,0,3700.00000000,0.2051
1624747778648000,0,10225.88971398,0.2051
1624747778648000,0,3700.00000000,0.2051
1624747778648000,0,0.00296649,0.2051
1624747790178000,0,10227.26000000,0.2051
1624747790178000,0,0.00708035,0.2051
1624747836553000,0,3700.00000000,0.2051
1624747836553000,0,10227.20000000,0.2051
1624747879481000,0,0.00991000,0.2051
1624747879481000,0,10219.97415866,0.2053
1624747879481000,0,11639.76949344,0.2053
1624747927668000,0,7400.00000000,0.2054
1624748070616000,0,10167.68000000,0.2063
1624748070617000,0,0.00140936,0.2063
1624748100845000,0,10154.18039000,0.2066
1624748101013000,0,10150.00894000,0.2067
1624748136466000,0,240.90835775,0.2072
1624748147867000,0,0.00000001,0.2072
1624748160301000,0,100.25665704,0.2075
1624748160301000,0,100.25654296,0.2075
1624748160301000,0,0.00011408,0.2075
1624748160301000,0,806.35751903,0.2075
1624748255029000,0,806.35750000,0.2072
1624748450797000,1,2026.00000000,0.2067
1624748462245000,1,256.34452704,0.2063
1624748504317000,1,24846.09422000,0.2056
1624748624415000,1,3700.00000000,0.2055
1624748624415000,1,38808.55963106,0.2055
1624748624415000,1,8027.20098415,0.2055
1624749165036000,1,2025.00000000,0.2067
1624749165156000,1,1931.34450000,0.2066
1624749184870000,1,2027.00000000,0.2066
1624749308063000,0,158.37319059,0.2068
1624749311871000,1,151.97133000,0.2067
1624749311878000,1,0.00000093,0.2067
1624749343240000,1,115.43342043,0.2064
1624749343240000,1,2028.99999957,0.2064
1624749495828000,0,158.37310000,0.2062
1624749676998000,0,2416.75487800,0.2059
1624749728621000,0,2416.75480000,0.2059
1624749968530000,0,3700.00000000,0.2059
1624749968530000,0,10185.04000000,0.2059
1624750074874000,0,0.00835718,0.2059
1624750074874000,0,3699.99164282,0.2059
1624750271835000,0,114.30000000,0.2059
1624750388191000,0,4937.65000000,0.2061
1624750388209000,0,519.12000000,0.2061
1624750388337000,0,114.30010000,0.2061
1624750938808000,0,17400.00000000,0.2066
1624750939741000,1,3700.00000000,0.2067
1624751672557000,1,1977.00000000,0.2072
1624751672557000,1,1723.00000000,0.2072
1624751990490000,0,28626.99011000,0.2089
