timestamp ms,type,amount,price
1622419222754000,1,4914.25000000,0.3070
1622419302910000,1,302.41000000,0.3040
1622419401133000,1,21284.73000000,0.3050
1622419802441000,0,6571.16727968,0.3127
1622419802453000,0,0.00000001,0.3127
1622419962871000,0,110.24591475,0.3145
1622419972328000,0,1270.63302021,0.3140
1622420118579000,1,2000.00000000,0.3107
1622420216365000,1,3000.00000000,0.3071
1622420584481000,1,3256.27486805,0.3067
1622420584481000,1,743.72513195,0.3067
1622420655149000,1,500.00000000,0.3057
1622420742092000,1,14917.18932000,0.3060
1622420776913000,0,7500.00000000,0.3063
1622420776998000,0,11000.00000000,0.3064
1622420777099000,0,5425.77512000,0.3064
1622420841889000,1,21000.00000000,0.3065
1622420856267000,0,455.75000000,0.3069
1622420878698000,0,12074.22488000,0.3065
1622420893732000,0,24910.38572000,0.3067
1622420955096000,1,6686.89545000,0.3069
1622420955249000,1,0.00000453,0.3069
1622420955249000,1,1223.49026547,0.3068
1622421101596000,0,154.00853726,0.3069
1622421315946000,0,8500.00000000,0.3073
1622421360291000,0,161.46183303,0.3070
1622421449831000,1,11000.00000000,0.3063
1622421451495000,1,3987.50419462,0.3061
1622421708593000,1,16000.00000000,0.3061
1622422213805000,1,455.75000000,0.3091
1622422233785000,0,2792.39702842,0.3096
1622422297926000,1,2656.00000000,0.3089
1622422309994000,1,6649.90383000,0.3086
1622422513470000,1,5000.00000000,0.3076
1622422590355000,0,239.81907930,0.3074
1622422596213000,0,257.34073013,0.3073
1622422736823000,1,10960.98000000,0.3061
1622422736846000,1,0.00052928,0.3061
1622422886784000,0,455.75000000,0.3070
1622422916811000,1,3194.09617000,0.3068
1622423358385000,0,181.10000000,0.3041
1622423426663000,0,24939.27815000,0.3050
1622423434872000,1,13000.00000000,0.3049
1622423434963000,1,13159.30637000,0.3049
1622423461368000,0,26157.66181000,0.3054
1622423473936000,1,16000.00000000,0.3047
1622423688111000,1,3000.00000000,0.3037
1622423735039000,0,328.00000000,0.3032
1622423735186000,0,274.60000000,0.3032
1622423738686000,1,66.01182932,0.3030
1622423738797000,1,4285.48675108,0.3021
1622423903416000,1,350.00000000,0.3020
1622423928108000,0,3305.10492121,0.3028
1622423929003000,0,8269.02489000,0.3030
1622423929326000,0,0.00000218,0.3030
1622423929445000,0,329.89999999,0.3039
1622424023524000,0,11500.00000000,0.3038
1622424023609000,0,8500.00000000,0.3038
1622424031377000,0,164.00000000,0.3047
1622424063143000,1,13011.76340000,0.3037
1622424163292000,0,2712.00000000,0.3029
1622424208436000,1,1212.00000000,0.3023
1622424434634000,1,6773.33033000,0.3028
1622424435143000,1,0.00000680,0.3028
1622424435609000,1,2710.00000000,0.3024
1622424580745000,1,15516.66967000,0.3034
1622424678466000,0,20174.57165547,0.3022
1622424694994000,1,66.32000000,0.3017
1622424851128000,1,1000.00000000,0.3014
1622424927567000,0,14500.00000000,0.3034
1622425308919000,1,26040.99824000,0.3046
1622425575607000,0,25797.98305000,0.3036
1622425613502000,0,19773.30077000,0.3055
1622425613615000,0,23000.00000000,0.3055
1622425632805000,1,35111.87242000,0.3058
1622425633289000,1,23418.41316000,0.3056
1622425641553000,0,35111.87242000,0.3059
1622425788101000,1,2111.87242000,0.3035
1622425863452000,0,2707.00000000,0.3034
1622426251741000,1,33707.00000000,0.3031
1622426762927000,1,5000.00000000,0.3023
1622426796670000,0,263.38215928,0.3022
1622426901700000,0,33707.00000000,0.3022
1622426914293000,1,6792.74373000,0.3020
1622426925847000,1,6790.41861000,0.3021
1622426930160000,1,0.00000054,0.3021
1622426931578000,1,0.00000635,0.3020
1622427003194000,1,6647.79888390,0.3024
1622427220029000,0,10500.00000000,0.3024
1622427288290000,1,455.75000000,0.3017
1622427339693000,0,1017.64661766,0.3026
1622427339693000,0,2543.93772234,0.3026
1622427349831000,0,455.75000000,0.3028
1622427350023000,0,1136.07552291,0.3028
1622427350023000,0,636.73020916,0.3028
1622427350023000,0,4138.69852404,0.3028
1622427351423000,0,636.73020916,0.3029
1622427351423000,0,1591.82552291,0.3029
1622427351423000,0,4138.69852404,0.3029
1622427374651000,0,163.55088172,0.3046
1622427374651000,0,425.23228828,0.3046
1622427376943000,0,0.00000420,0.3046
1622427393652000,1,9052.96367000,0.3043
1622427546743000,1,3310.43256000,0.3019
1622427547034000,1,0.00000865,0.3019
1622427547034000,1,499.99999135,0.3018
1622427547036000,1,455.75000000,0.3018
1622427578505000,1,3310.43256865,0.3014
1622427615309000,0,9000.00000000,0.3019
1622427673209000,1,1660.00000000,0.3010
1622427721986000,0,455.75000000,0.3011
1622427806318000,1,8276.17256813,0.3015
1622427806318000,1,2560.28853187,0.3015
1622427820642000,0,12146.89366000,0.3016
1622427820723000,0,21500.00000000,0.3016
1622427820889000,0,6000.00000000,0.3016
1622427822904000,1,3310.43256000,0.3014
1622427823213000,1,0.00000865,0.3014
1622427823213000,1,6189.56743135,0.3013
1622427823825000,1,3310.43256000,0.3013
1622427824017000,1,0.00000865,0.3013
1622427824017000,1,6946.41709135,0.3013
1622427849710000,1,3310.43256000,0.3019
1622427849795000,1,3310.43256865,0.3019
1622427850447000,1,3310.43256000,0.3018
1622427851972000,1,0.00000865,0.3018
1622427851972000,1,8276.17255135,0.3018
1622427852534000,1,3310.43256000,0.3016
1622427852566000,1,3310.43256865,0.3018
1622427853335000,1,0.00000865,0.3016
1622427853335000,1,3310.43255135,0.3015
1622427856080000,1,0.00001730,0.3015
1622427856153000,1,6277.16812000,0.3013
1622427856237000,1,0.00000298,0.3013
1622427856237000,1,3310.43255702,0.3013
1622427868068000,1,4460.61400000,0.3015
1622427868068000,1,3000.00000000,0.3014
1622427868068000,1,22161.91263258,0.3014
1622427877735000,0,3309.05948671,0.3024
1622427877735000,0,8272.55760329,0.3024
1622427878005000,0,0.00000680,0.3024
1622427878005000,0,3309.05947320,0.3024
1622428270846000,1,3302.98992000,0.3025
1622428320255000,0,195.94234208,0.3031
1622428437817000,1,2500.00000000,0.3027
1622428505567000,1,6778.68001000,0.3026
1622428515334000,1,0.00000851,0.3026
1622428923105000,1,3500.00000000,0.3038
1622429388066000,0,6863.39623000,0.3061
1622429478501000,0,2837.50073000,0.3058
1622430059374000,0,88.36114296,0.3052
1622430128881000,0,486.15556380,0.3044
1622430169344000,1,455.75000000,0.3044
1622430798399000,0,455.75000000,0.3030
1622430798516000,0,1825.09228000,0.3030
1622430844045000,0,178.80718199,0.3035
1622430960272000,0,329.36624442,0.3042
1622431038849000,1,394.00000000,0.3034
1622431105593000,0,34656.12242547,0.3038
1622431239918000,1,13505.42375298,0.3036
1622431263570000,0,120.00000000,0.3042
1622431558165000,1,4162.21018000,0.3050
1622431707940000,1,3500.00000000,0.3055
1622431942348000,1,455.75000000,0.3042
1622431958957000,1,5000.00000000,0.3042
1622432075961000,1,2000.00000000,0.3036
1622432223655000,1,4000.00000000,0.3031
1622432324610000,0,455.75000000,0.3030
1622432363355000,0,1463.56525000,0.3035
1622432387471000,0,3000.00000000,0.3040
1622432395623000,1,6752.26571000,0.3036
1622432400266000,0,325.58827883,0.3040
1622432406512000,0,1234.08846000,0.3041
1622432406655000,0,0.00000625,0.3041
1622432406836000,0,329.00000000,0.3042
1622432406964000,0,996.21860000,0.3042
1622432406967000,0,25.66604611,0.3042
1622432407178000,0,386.00000000,0.3043
1622432407389000,0,3082.72656000,0.3044
1622432408342000,0,0.00000504,0.3044
1622432418760000,1,3276.08913000,0.3048
1622432419054000,1,0.00000583,0.3048
1622432419054000,1,663.69146417,0.3048
1622432421193000,1,455.75000000,0.3048
1622432524037000,1,0.00000337,0.3036
1622432524409000,1,415.00000000,0.3035
1622432528967000,1,387.00000000,0.3033
1622432650821000,0,338.10000000,0.3023
1622432650829000,0,329.30000000,0.3023
1622433006248000,0,455.75000000,0.3035
1622433006886000,0,330.00000000,0.3035
1622433006948000,0,83.28795911,0.3035
1622433014766000,0,410.00000000,0.3036
1622433246000000,1,5000.00000000,0.3014
1622433517137000,0,5955.05765629,0.3044
1622433760172000,1,6722.36124000,0.3051
1622433762552000,1,455.75000000,0.3050
1622434290473000,0,2712.00000000,0.3030
1622434457788000,0,455.75000000,0.3028
1622434512000000,0,165.12278204,0.3021
1622434532566000,0,330.10000000,0.3024
1622434853522000,0,329.30000000,0.3024
1622434863630000,0,80.30000000,0.3023
1622435518651000,0,113.91472128,0.3037
1622435826072000,1,6746.62349000,0.3039
1622436167839000,1,1679.95154551,0.3028
1622436600319000,0,3386.72739696,0.3021
1622436712228000,1,6741.75255000,0.3042
1622436720270000,0,525.04198954,0.3044
1622436720270000,0,166.64407977,0.3046
1622436960301000,0,324.98301874,0.3035
1622437093616000,0,328.70000000,0.3039
1622437534911000,1,6758.47385000,0.3035
1622437545649000,1,15332.59951220,0.3037
1622437555839000,1,6756.42658586,0.3037
1622437555839000,1,909.87317028,0.3037
1622437570930000,1,0.00000201,0.3035
1622437570930000,1,7666.29975414,0.3033
1622437662832000,0,328.30000000,0.3047
1622437856067000,0,328.39999999,0.3034
1622437876539000,0,328.39999999,0.3033
1622437925662000,0,329.10000000,0.3036
1622438400279000,0,217.76062928,0.3059
1622438400279000,0,2472.23937072,0.3060
1622438648027000,1,1000.00000000,0.3050
1622438688159000,1,685.53726978,0.3052
1622438792838000,0,3000.00000000,0.3058
1622438792838000,0,3465.00000000,0.3058
1622438792838000,0,65.73838255,0.3058
1622438823536000,1,621.65609000,0.3058
1622438827942000,1,0.00000261,0.3058
1622438880258000,0,5667.48907772,0.3062
1622439240269000,0,161.10973689,0.3077
1622439346182000,0,323.39999999,0.3087
1622439357440000,0,323.39999999,0.3091
1622439372245000,0,199.00000000,0.3092
1622439379582000,0,124.40000000,0.3093
1622439432854000,0,323.00000000,0.3087
1622439480353000,0,320.07400528,0.3085
1622439492209000,1,455.75000000,0.3080
1622439545158000,0,323.70000000,0.3085
1622439654489000,0,323.89999999,0.3081
1622439702493000,0,323.89999999,0.3077
1622439703146000,0,324.30000000,0.3077
1622439703377000,0,324.30000000,0.3077
1622439703798000,0,324.30000000,0.3077
1622439703879000,0,324.30000000,0.3077
1622439704137000,0,324.30000000,0.3077
1622439704412000,0,324.30000000,0.3077
1622439786329000,1,28612.40037539,0.3071
1622440139443000,1,263.06512000,0.3064
1622440140156000,1,0.00000159,0.3064
1622440172678000,0,455.75000000,0.3063
1622440200307000,0,200.02237680,0.3058
1622440212856000,0,325.80000000,0.3062
1622440680313000,0,387.18426404,0.3066
1622440782121000,1,2700.00000000,0.3060
1622440955510000,0,4241.57766296,0.3077
1622441038911000,0,338.42117065,0.3077
1622441349661000,0,902.75927069,0.3086
1622441353438000,0,324.03356988,0.3084
1622441412457000,0,179.88440468,0.3085
1622441440021000,0,1613.45746128,0.3087
1622441652531000,0,319.53570900,0.3113
1622441652654000,0,2680.46429100,0.3113
1622441652654000,0,1500.00000000,0.3113
1622441652654000,0,1105.50816473,0.3113
1622441751453000,0,194.37303168,0.3108
1622442010223000,1,455.75000000,0.3099
1622442240293000,0,215.90075061,0.3112
1622442360284000,0,1273.94714934,0.3113
1622442543427000,0,1850.55979152,0.3108
1622442758574000,0,455.75000000,0.3095
1622443080808000,0,1363.47490000,0.3108
1622443081137000,0,0.00000655,0.3108
1622443081137000,0,1362.84287345,0.3109
1622443170028000,0,9273.98272152,0.3112
1622443233814000,1,16510.70699000,0.3117
1622443401571000,1,455.75000000,0.3113
1622443516867000,1,6599.15686000,0.3111
1622443546177000,1,0.00000015,0.3111
1622443546177000,1,900.84313985,0.3110
1622443560340000,0,3500.00000000,0.3114
1622443889218000,1,100.00000000,0.3123
1622443912976000,0,551.11348968,0.3132
1622443974223000,0,6559.34526000,0.3132
1622443988195000,0,6558.07429000,0.3134
1622443998704000,0,126.63000000,0.3136
1622443998887000,0,0.00051048,0.3136
1622444025915000,0,1650.10940328,0.3149
1622444052216000,0,66.01100000,0.3151
1622444052361000,0,0.00082932,0.3151
1622444093745000,1,20617.42006000,0.3152
1622444336559000,1,1560.00000000,0.3149
1622444345755000,0,38972.25188722,0.3157
1622444391655000,0,23039.23446000,0.3157
1622444392045000,0,81.24481857,0.3158
1622444501774000,1,192.64100000,0.3157
1622444532942000,0,2112.31448485,0.3171
1622444532942000,0,2112.03049712,0.3171
1622444532942000,0,1573.02751876,0.3171
1622444533485000,0,435.31451994,0.3171
1622444534380000,0,103.32193409,0.3171
1622444711693000,1,3000.00000000,0.3185
1622444711693000,1,6433.89397074,0.3185
1622444711693000,1,10092.38602926,0.3184
1622444764838000,0,387.00000000,0.3196
1622444764838000,0,11162.12706853,0.3197
1622444829418000,1,656.71806043,0.3184
1622444896275000,0,22727.79113494,0.3192
1622444918427000,1,3539.23446000,0.3191
1622444958798000,1,178.39920693,0.3195
1622445132198000,0,3000.00000000,0.3200
1622445132198000,0,90.00000000,0.3200
1622445132198000,0,26888.95481672,0.3200
1622445165562000,0,1000.00000000,0.3196
1622445165562000,0,5423.15008219,0.3197
1622445272853000,0,353.22515000,0.3193
1622445274896000,0,0.00000757,0.3193
1622445379823000,0,455.75000000,0.3192
1622445379848000,0,2678.73180747,0.3192
1622445380217000,0,7837.43283000,0.3192
1622445393529000,1,14500.00000000,0.3191
1622445528230000,0,137.88688844,0.3221
1622445595284000,1,2000.00000000,0.3222
1622445935133000,0,77.71202749,0.3201
1622445950818000,0,15130.61022000,0.3203
1622445960299000,0,1513.45273384,0.3205
1622446033377000,0,130.32779851,0.3212
1622446078825000,0,15498.88172443,0.3220
1622446183014000,1,1567.13048600,0.3216
1622446200478000,0,184.11009779,0.3230
1622446203007000,1,1165.38000000,0.3223
1622446270758000,1,65.00000000,0.3210
1622446272083000,1,455.75000000,0.3210
1622446277595000,1,24479.25000000,0.3210
1622446330047000,1,2500.00000000,0.3207
1622446462567000,1,1000.00000000,0.3204
1622446498247000,0,93.09166700,0.3208
1622446541476000,1,1603.69081761,0.3203
1622446573487000,1,3500.00000000,0.3202
1622446607394000,0,155.38566700,0.3204
1622446687627000,0,77.28227911,0.3219
1622446739014000,1,484.34933600,0.3205
1622446813154000,1,6372.94486000,0.3214
1622446822997000,1,6371.17960000,0.3214
1622446855411000,1,0.00000331,0.3214
1622446873695000,1,3755.87554000,0.3213
1622446896115000,0,294.18448898,0.3213
1622446978635000,1,5797.37250073,0.3212
1622447040319000,0,2967.86145336,0.3213
1622447070638000,0,1550.36836800,0.3208
1622447336718000,1,1500.00000000,0.3208
1622447382959000,1,3000.00000000,0.3210
1622447400294000,0,252.24048784,0.3216
1622447482104000,0,310.70000000,0.3218
1622447556009000,0,546.81380317,0.3218
1622447582619000,0,309.50415253,0.3215
1622447702282000,1,6368.40054214,0.3217
1622447702282000,1,3000.00000000,0.3216
1622447702282000,1,3000.00000000,0.3216
1622447702282000,1,1631.59945786,0.3216
1622447708665000,0,66.32000000,0.3225
1622447720500000,0,24970.26216000,0.3239
1622447726808000,1,98.08088403,0.3231
1622447730314000,1,1539.28322131,0.3231
1622447761227000,1,6500.00000000,0.3231
1622447761274000,1,66.32000000,0.3231
1622447761541000,1,2000.00000000,0.3231
1622447854654000,0,307.92377916,0.3231
1622448100136000,0,350.00000000,0.3251
1622448102639000,1,13794.57549000,0.3247
1622448112416000,0,435.59000000,0.3256
1622448120298000,0,101.78837462,0.3254
1622448134199000,0,0.00139783,0.3256
1622448178845000,0,412.00000000,0.3268
1622448178845000,0,387.00000000,0.3268
1622448178845000,0,396.00000000,0.3269
1622448178845000,0,391.00000000,0.3269
1622448178845000,0,40308.76489494,0.3270
1622448178845000,0,900.53390096,0.3270
1622448178845000,0,2251.33475239,0.3270
1622448178845000,0,5853.68801092,0.3270
1622448178845000,0,24336.45709105,0.3271
1622448211529000,1,1000.00000000,0.3253
1622448215013000,1,9326.21791916,0.3253
1622448219036000,1,0.00000348,0.3247
1622448240250000,0,279.12317296,0.3242
1622448250786000,0,194.37303000,0.3236
1622448250792000,0,0.00000168,0.3236
1622448254564000,0,6336.04369830,0.3241
1622448254671000,1,6336.04369830,0.3241
1622448254850000,1,2875.54781150,0.3241
1622448279897000,1,22797.66636546,0.3236
1622448299914000,0,6347.11183785,0.3235
1622448300007000,1,6347.11183785,0.3236
1622448300117000,1,2878.51595720,0.3236
1622448310467000,0,200.00000000,0.3241
1622448329092000,1,9528.49263908,0.3231
1622448511616000,1,537.83899715,0.3219
1622448831117000,0,115.72523852,0.3218
1622448840305000,0,1291.66021870,0.3218
1622448891017000,0,9111.12927000,0.3210
1622448892135000,0,0.00000394,0.3210
1622449217410000,1,1831.18897000,0.3226
1622449430495000,0,70.00000000,0.3250
1622449462977000,0,3072.31461538,0.3250
1622449702624000,0,6321.38786333,0.3247
1622449702624000,0,18193.60155454,0.3247
1622449712616000,1,2529.00000000,0.3241
1622449800391000,1,448.02320657,0.3242
1622450040870000,1,18506.69000000,0.3262
1622450040892000,1,5215.01829825,0.3262
1622450083841000,1,490.00000000,0.3257
1622450174225000,0,18039.00000000,0.3272
1622450228792000,1,96.84039966,0.3263
1622450337098000,1,45433.03360150,0.3263
1622450337098000,1,6277.72639850,0.3263
1622450337100000,1,0.00532210,0.3263
1622450418430000,1,23814.35000000,0.3257
1622450418478000,1,0.00132267,0.3257
1622450451133000,0,1000.00000000,0.3260
1622450451827000,0,22815.97175352,0.3260
1622450508754000,1,114.40554928,0.3253
1622450604004000,1,306.91362787,0.3256
1622450676476000,1,500.00000000,0.3262
1622450737688000,1,216.38700767,0.3271
1622450737689000,1,216.38700767,0.3271
1622450763665000,1,86735.93000000,0.3266
1622450767818000,1,23090.51153704,0.3263
1622450810951000,1,94448.14000000,0.3258
1622450812637000,0,2905.33415083,0.3262
1622450870521000,1,12603.00000000,0.3254
1622450877812000,1,1897.00000000,0.3253
1622451240340000,0,121.35215721,0.3265
1622451460672000,0,63.41572304,0.3280
1622451461550000,0,24512.92911000,0.3283
1622451466962000,0,135.00959459,0.3284
1622451529880000,0,113.79878600,0.3277
1622451564216000,0,121.52234978,0.3275
1622451639372000,0,224.94630279,0.3280
1622451735899000,0,105.12273212,0.3266
1622451746449000,1,347.93000000,0.3260
1622451746492000,1,0.00276898,0.3260
1622451943867000,0,3000.00000000,0.3264
1622451943867000,0,4641.37128591,0.3265
1622451960281000,0,95.93231429,0.3264
1622451981967000,1,12549.00000000,0.3262
1622451981967000,1,6275.79658780,0.3262
1622451981967000,1,12547.88794719,0.3262
1622451981967000,1,23408.60048198,0.3261
1622451981967000,1,20455.49363329,0.3261
1622451984592000,0,45190.15909451,0.3267
1622451984592000,0,124399.58090549,0.3267
1622451984612000,0,0.00909451,0.3267
1622451986445000,0,104344.64000000,0.3268
1622451999462000,0,100.64310672,0.3263
1622452028975000,0,132.05388341,0.3261
1622452149712000,0,10154.25404101,0.3262
1622452149738000,0,10154.25404101,0.3262
1622452180954000,0,18200.00000000,0.3260
1622452200323000,0,1153.35642453,0.3259
1622452200323000,0,1153.31408512,0.3259
1622452200323000,0,2000.00000000,0.3259
1622452200323000,0,3000.00000000,0.3260
1622452200323000,0,13591.10392514,0.3260
1622452321425000,0,2516.00000000,0.3262
1622452321425000,0,1572.13258179,0.3262
1622452431074000,0,618.91198509,0.3268
1622452431074000,0,618.64308982,0.3269
1622452431074000,0,916.22227936,0.3269
1622452462983000,1,5955.05765629,0.3263
1622452560483000,1,61.73600000,0.3261
1622452601231000,1,5512.92911000,0.3265
1622452601753000,1,4487.07089000,0.3265
1622452688016000,0,152.38679245,0.3265
1622452762064000,0,91.37052341,0.3267
1622452957072000,0,304.84144099,0.3264
1622453087558000,0,610.08915049,0.3262
1622453146129000,0,455.75000000,0.3270
1622453170360000,1,208.66012900,0.3263
1622453288021000,1,304.84144099,0.3260
1622453499779000,1,1452.66707541,0.3271
1622453641730000,0,347.40670328,0.3276
1622453657227000,0,151.67136150,0.3280
1622453704392000,1,19371.56738934,0.3276
1622453704442000,1,19371.56738934,0.3276
1622453720790000,0,840.51789983,0.3279
1622453720790000,0,336.11485430,0.3279
1622453720790000,0,336.23789818,0.3279
1622453724098000,1,329.51313220,0.3279
1622453809470000,1,455.75000000,0.3275
1622453869420000,0,97.77270808,0.3278
1622453934681000,0,300.99399555,0.3281
1622454105381000,1,761.07154864,0.3272
1622454130683000,0,798.94858366,0.3273
1622454152097000,1,1518.43000000,0.3268
1622454152106000,1,0.00198338,0.3268
1622454355634000,1,3500.00000000,0.3276
1622454639483000,1,233.52000000,0.3243
1622454639495000,1,0.00014720,0.3243
1622454901026000,0,233.55517270,0.3242
1622455033669000,0,307.70000000,0.3245
1622455153824000,0,233.57853050,0.3240
1622455162564000,0,1332.29025880,0.3240
1622455179573000,0,233.73513310,0.3234
1622455190647000,0,867.77736885,0.3231
1622455200310000,0,229.13975962,0.3236
1622455220841000,0,1500.00000000,0.3245
1622455220871000,0,13664.40898797,0.3245
1622455220876000,0,13664.40898798,0.3245
1622455220877000,0,10763.41821907,0.3245
1622455220914000,0,13664.40898797,0.3245
1622455236939000,0,24046.18000000,0.3249
1622455250168000,0,23512.00128000,0.3253
1622455268750000,0,4000.00000000,0.3261
1622455299110000,0,701.08487743,0.3278
1622455299110000,0,1752.34833257,0.3278
1622455488642000,1,3000.00000000,0.3280
1622455488642000,1,2496.00000000,0.3280
1622455488642000,1,3000.00000000,0.3280
1622455488642000,1,6241.77700526,0.3280
1622455488642000,1,16211.46180937,0.3280
1622455489196000,0,1494.49059730,0.3284
1622455492612000,0,30.49980811,0.3284
1622455494328000,1,369.50019000,0.3284
1622455537211000,0,7875.00000000,0.3284
1622455537211000,0,24389.63501898,0.3285
1622455537211000,0,3000.00000000,0.3285
1622455537211000,0,3000.00000000,0.3285
1622455537211000,0,12510.54011378,0.3285
1622455537211000,0,23748.55341138,0.3285
1622455560317000,0,108.06342653,0.3282
1622455564752000,1,1500.00000000,0.3273
1622455618598000,0,150.45518421,0.3283
1622455801416000,0,6056.00523500,0.3280
1622456048907000,0,2000.00000000,0.3289
1622456162294000,0,90.00000000,0.3300
1622456162294000,0,373.14700672,0.3300
1622456164772000,0,2126.85299328,0.3300
1622456164772000,0,8000.00000000,0.3300
1622456164772000,0,251.36883326,0.3300
1622456164795000,0,211.80044544,0.3300
1622456179435000,1,119.82654602,0.3294
1622456188262000,1,37395.57924671,0.3294
1622456188408000,1,7917.62780877,0.3294
1622456199807000,1,24179.49593945,0.3288
1622456213061000,1,277.25428149,0.3287
1622456213061000,1,3000.00000000,0.3287
1622456213061000,1,10455.64326112,0.3286
1622456213065000,1,2479.67741192,0.3286
1622456253822000,1,2483.00000000,0.3301
1622456254062000,1,321.25000000,0.3301
1622456254108000,1,0.00302330,0.3301
1622456265246000,1,369.73425000,0.3295
1622456331101000,0,211.50847800,0.3293
1622456346471000,0,455.75000000,0.3294
1622456346612000,0,37340.39805349,0.3294
1622456347150000,0,37337.03561534,0.3294
1622456347637000,0,37328.03407085,0.3294
1622456347720000,0,273697.91242688,0.3294
1622456351777000,1,777.96482000,0.3294
1622456381217000,1,288.66300000,0.3288
1622456383164000,0,6245.31081000,0.3288
1622456388485000,1,257.65557089,0.3287
1622456388485000,1,380.00973063,0.3287
1622456400902000,0,809.09090901,0.3293
1622456402041000,0,288.66300000,0.3296
1622456402243000,0,360.88363797,0.3296
1622456402414000,0,0.00000001,0.3296
1622456459471000,1,292.67489613,0.3313
1622456459471000,1,163.07510387,0.3313
1622456474516000,1,327.34788240,0.3317
1622456474516000,1,818.37955760,0.3317
1622456474887000,1,0.00000900,0.3317
1622456474899000,1,327.40000000,0.3317
1622456474907000,1,0.00685677,0.3317
1622456477424000,1,326.05808000,0.3311
1622456502938000,1,282.03230339,0.3316
1622456502938000,1,705.10623661,0.3316
1622456503545000,1,0.00000947,0.3316
1622456581005000,1,227.46855910,0.3315
1622456581005000,1,227.57407090,0.3315
1622456581161000,1,0.00001278,0.3315
1622456609977000,0,2087.94801000,0.3314
1622456609977000,0,3000.00000000,0.3314
1622456609977000,0,4046.82302418,0.3314
1622456667820000,0,90.00414000,0.3315
1622456770766000,0,2485.00000000,0.3302
1622456772025000,0,893.48325092,0.3306
1622456772025000,0,877.52423908,0.3306
1622456772244000,0,0.00000725,0.3306
1622456795779000,1,241.09191937,0.3313
1622456795779000,1,602.98066063,0.3313
1622456869826000,1,115.19707200,0.3305
1622456893216000,1,2472.00000000,0.3315
1622456898457000,1,363.98764631,0.3311
1622456898457000,1,145.59504369,0.3311
1622456918339000,0,150.45789776,0.3320
1622456930830000,1,134.48836594,0.3320
1622456930830000,1,336.32209904,0.3320
1622456930830000,1,874.38480502,0.3320
1622456957081000,1,162.14450517,0.3320
1622456957081000,1,64.85779483,0.3320
1622456957493000,1,0.00000724,0.3320
1622456978933000,1,141.36384000,0.3317
1622457000471000,0,213.64642896,0.3327
1622457005683000,1,299.85536626,0.3326
1622457005904000,1,4777.14463000,0.3326
1622457006125000,1,127.85301000,0.3326
1622457006283000,1,0.00000104,0.3326
1622457049437000,1,2470.00000000,0.3319
1622457049545000,1,1500.00000000,0.3319
1622457049995000,1,21527.84000000,0.3319
1622457050004000,1,0.00054957,0.3319
1622457051884000,0,23532.11435000,0.3320
1622457080934000,1,6214.00000000,0.3313
1622457098513000,1,133.70278000,0.3308
1622457127264000,1,300.00000000,0.3314
1622457240289000,0,222.89520578,0.3315
1622457277698000,1,3166.00000000,0.3315
1622457291156000,1,81.56075352,0.3317
1622457291156000,1,4918.43924648,0.3317
1622457295612000,1,81.58630000,0.3316
1622457295882000,1,80.60190071,0.3316
1622457295882000,1,128.96050929,0.3315
1622457323751000,1,1452.66707542,0.3310
1622457337729000,0,291.67000000,0.3310
1622457337741000,0,0.00061913,0.3310
1622457363802000,1,61.58453264,0.3313
1622457447719000,1,130.86333213,0.3314
1622457447719000,1,99.22266787,0.3314
1622457546072000,0,934.47468002,0.3319
1622457546072000,0,7856.63330536,0.3319
1622457658034000,0,2816.16522000,0.3315
1622457658061000,0,0.00000182,0.3315
1622457701449000,1,2000.00000000,0.3322
1622457811993000,1,123.32217245,0.3321
1622457811993000,1,308.26782755,0.3321
1622457812060000,1,0.00420687,0.3321
1622457990588000,0,455.75000000,0.3321
1622458063269000,0,1126.44449000,0.3317
1622458102583000,1,455.75000000,0.3315
1622458106016000,1,1637.75883000,0.3316
1622458141293000,1,5536.26784902,0.3311
1622458169807000,0,139.71000000,0.3310
1622458169824000,0,0.00213904,0.3310
1622458234816000,0,750.10201400,0.3315
1622458419692000,0,122.05842880,0.3308
1622458437388000,0,209.30000000,0.3306
1622458518398000,1,9134.77103418,0.3298
1622458560286000,0,117.50550306,0.3304
1622458745103000,1,313.52758000,0.3315
1622458745353000,1,0.00000313,0.3315
1622458801573000,0,455.75000000,0.3313
1622458822937000,0,1050.34558000,0.3320
1622458865182000,0,62.49164216,0.3328
1622458865182000,0,7.50835784,0.3331
1622458865622000,0,1500.00000000,0.3332
1622458865622000,0,1459.21123716,0.3332
1622458868878000,0,423.52497386,0.3333
1622458871745000,0,245.57000000,0.3341
1622458876330000,0,0.00944480,0.3341
1622458883087000,0,2206.00000000,0.3345
1622458883087000,0,3444.49634127,0.3345
1622458975584000,1,112.42200000,0.3339
1622459035962000,1,0.00013703,0.3339
1622459076918000,1,343.32800000,0.3333
1622459110332000,0,4035.81294203,0.3342
1622459156732000,1,736.82744000,0.3341
1622459201140000,1,92.00000000,0.3336
1622459322162000,0,141.63948575,0.3337
1622459371639000,0,420.00000000,0.3339
1622459380106000,0,199.99999999,0.3339
1622459380432000,0,0.00000001,0.3339
1622459385512000,0,889.89856964,0.3343
1622459442412000,1,147.37600000,0.3339
1622459457249000,0,298.39845058,0.3343
1622459525417000,1,400.00000000,0.3344
1622459640347000,0,178.94355923,0.3352
1622459649633000,1,717.08092527,0.3348
1622459683517000,0,148.54250100,0.3350
1622459699687000,1,272.62400000,0.3344
1622459715937000,0,21.05644077,0.3352
1622459728567000,0,62.03166096,0.3353
1622459728567000,0,63.15071212,0.3353
1622459743762000,1,100.96739300,0.3349
1622459814938000,1,92588.68000000,0.3347
1622459814938000,1,92476.59000000,0.3347
1622459916805000,0,59.47549312,0.3346
1622459959522000,0,9341.54033000,0.3347
1622459960563000,0,395.73400000,0.3350
1622459960698000,0,0.00036627,0.3350
1622459961113000,0,989.35963000,0.3352
1622460010047000,1,133.20700000,0.3343
1622460030438000,1,1356.13000000,0.3340
1622460030438000,1,0.00772455,0.3340
1622460120526000,0,962.79074589,0.3341
1622460130715000,0,297.65320530,0.3343
1622460259283000,1,4500.00000000,0.3352
1622460324600000,1,180.17304876,0.3347
1622460324600000,1,72.06395124,0.3347
1622460324839000,1,0.00096563,0.3347
1622460327739000,1,3596.80980561,0.3349
1622460328696000,1,73.40428000,0.3349
1622460328852000,1,0.00000175,0.3349
1622460360330000,0,294.85873586,0.3347
1622460417962000,1,246.62194699,0.3341
1622460417962000,1,366.84487672,0.3341
1622460421975000,0,840.17013825,0.3346
1622460437063000,1,2452.00000000,0.3343
1622460440138000,1,96.33619000,0.3343
1622460457208000,0,65.92806394,0.3344
1622460457303000,0,1.34547069,0.3344
1622460460870000,1,100.00000000,0.3345
1622460466346000,1,82.04346020,0.3345
1622460466346000,1,205.13653980,0.3345
1622460466408000,1,0.00642026,0.3345
1622460552453000,0,103.06735627,0.3348
1622460688287000,1,106.59705125,0.3342
1622460795301000,0,141.56417455,0.3350
1622460834476000,0,9000.00000000,0.3349
1622461010473000,0,205.10500000,0.3360
1622461010592000,0,0.00097874,0.3360
1622461010990000,0,350.00000000,0.3361
1622461047153000,1,215.39500000,0.3355
1622461245493000,0,119995.77000000,0.3358
1622461245531000,0,3977.62000000,0.3358
1622461338568000,1,1135.98802395,0.3340
1622461343953000,0,1306.01836618,0.3337
1622461405518000,1,400.00000000,0.3320
1622461449410000,1,393.11136263,0.3316
1622461513953000,1,375.93330014,0.3323
1622461574646000,0,598.61923956,0.3324
1622461700785000,1,392.00000000,0.3300
1622461700785000,1,1728.78883148,0.3300
1622461701015000,1,400.00000000,0.3301
1622461701015000,1,397.00000000,0.3300
1622461701015000,1,853.10940328,0.3300
1622461701081000,1,151.67136150,0.3300
1622461751285000,1,63.21953837,0.3305
1622461751285000,1,164.44830833,0.3305
1622461751285000,1,6199.22190351,0.3305
1622461751285000,1,3383.54537661,0.3305
1622461761541000,1,1450.00000000,0.3306
1622461848947000,1,3019.36013000,0.3310
1622461900443000,1,2583.05166000,0.3314
1622461920375000,0,597.52119239,0.3319
1622461972996000,0,6180.61782278,0.3321
1622461972996000,0,1759.38217722,0.3321
1622462040300000,0,297.85454469,0.3317
1622462118028000,1,272.29654100,0.3322
1622462204146000,0,1501.15394363,0.3314
1622462205486000,1,0.00000586,0.3314
1622462280290000,0,387.00000000,0.3303
1622462280290000,0,721.09703230,0.3304
1622462287507000,0,76.98720546,0.3306
1622462300012000,0,6500.00000000,0.3304
1622462301746000,0,3268.65000000,0.3304
1622462301751000,0,0.00986026,0.3304
1622462385996000,0,6024.79413278,0.3303
1622462393410000,1,2583.05166586,0.3294
1622462429911000,0,230.01385526,0.3316
1622462452606000,1,3012.75600000,0.3317
1622462457783000,0,300.66476793,0.3318
1622462529396000,1,3014.44522150,0.3315
1622462529396000,1,7536.24418850,0.3315
1622462597245000,0,400.00000000,0.3329
1622462601191000,1,1750.80954470,0.3329
1622462610267000,0,152.05330496,0.3337
1622462640271000,1,786.60304717,0.3335
1622462642668000,1,2996.84731000,0.3335
1622462643067000,1,2546.45534000,0.3335
1622462971862000,0,1409.88819616,0.3352
1622463093018000,0,1789.62984000,0.3326
1622463106655000,0,0.00000300,0.3326
1622463109096000,0,16710.37016000,0.3333
1622463128226000,1,103.00000000,0.3332
1622463141140000,1,500.00000000,0.3332
1622463164776000,0,299.20000000,0.3332
1622463165042000,0,299.20000000,0.3332
1622463165513000,0,299.20000000,0.3332
1622463165785000,0,299.20000000,0.3332
1622463166066000,0,299.20000000,0.3332
1622463166354000,0,299.20000000,0.3332
1622463167461000,0,299.20000000,0.3332
1622463167744000,0,299.20000000,0.3332
1622463167913000,0,299.20000000,0.3332
1622463168165000,0,299.20000000,0.3332
1622463168457000,0,194.10000000,0.3332
1622463423336000,0,88.87200794,0.3321
1622463600329000,0,80.60289693,0.3324
1622463614147000,1,114.24793542,0.3323
1622463965137000,1,3015.86344000,0.3314
1622463966063000,1,3015.69973281,0.3312
1622463966063000,1,6484.30026719,0.3312
1622464076146000,1,408.18181000,0.3300
1622464113778000,1,0.00000818,0.3300
1622464379009000,1,106.89746296,0.3276
1622464379386000,1,5285.97245573,0.3276
1622464379466000,1,860.36997416,0.3276
1622464379466000,1,3051.01293629,0.3275
1622464379466000,1,4232.74674846,0.3275
1622464381895000,0,455.75000000,0.3281
1622464391329000,1,5000.00000000,0.3278
1622464440310000,0,301.49976692,0.3278
1622464500576000,0,105.15800390,0.3286
1622464600465000,1,386.79612911,0.3284
1622464662470000,1,3045.97596116,0.3281
1622464662470000,1,3045.97596116,0.3281
1622464662470000,1,44942.85236237,0.3281
1622464662470000,1,19796.12406447,0.3281
1622464662470000,1,23288.62945486,0.3281
1622464662470000,1,3000.00000000,0.3281
1622464662470000,1,3000.00000000,0.3281
1622464662470000,1,86205.26000000,0.3280
1622464662470000,1,4460.61400000,0.3280
1622464662470000,1,6242.86650120,0.3279
1622464662470000,1,95735.81000000,0.3279
1622464662470000,1,2496.00000000,0.3279
1622464662470000,1,385.00000000,0.3278
1622464662470000,1,390.00000000,0.3277
1622464662470000,1,12489.97823963,0.3277
1622464662470000,1,407.00000000,0.3277
1622464662470000,1,18727.01307887,0.3276
1622464662470000,1,398.00000000,0.3275
1622464662470000,1,11340.00000000,0.3275
1622464662470000,1,39720.81771081,0.3253
1622464662551000,0,500.00000000,0.3275
1622464662640000,0,4.00000000,0.3275
1622464662640000,0,410.00000000,0.3277
1622464662645000,1,395.00000000,0.3280
1622464662649000,1,26379.45100000,0.3280
1622464662649000,1,5828.86650120,0.3279
1622464662657000,0,13224.71610030,0.3275
1622464662766000,1,400.00000000,0.3280
1622464663019000,1,100.00000000,0.3280
1622464680312000,0,576.80070195,0.3283
1622464710285000,0,1568.26237343,0.3281
1622464731065000,0,80292.28337200,0.3280
1622464731080000,0,36179.84662800,0.3280
1622464742285000,0,6125.80947415,0.3280
1622464742288000,0,125.01651988,0.3280
1622464746344000,0,2271.66247358,0.3281
1622464746344000,0,2271.66247358,0.3281
1622464769769000,1,142.87800000,0.3278
1622464774077000,1,0.00093115,0.3278
1622464774969000,1,3050.75231552,0.3275
1622464775719000,1,312.87200000,0.3275
1622464775807000,1,2737.88031552,0.3275
1622464776078000,1,561.92400000,0.3272
1622464776350000,1,3467.07600000,0.3272
1622464806353000,0,25275.75000000,0.3273
1622464806355000,0,0.00933462,0.3273
1622464811754000,1,3054.61032336,0.3269
1622464811754000,1,45433.03360150,0.3269
1622464811754000,1,19853.76203274,0.3269
1622464811754000,1,6182.32258654,0.3269
1622464839086000,1,400.00000000,0.3264
1622464839129000,1,2658.40326882,0.3264
1622464859964000,0,45433.03360150,0.3265
1622464895125000,0,13135.71000000,0.3268
1622464895139000,0,37299.53000000,0.3268
1622464895170000,0,3504.44626840,0.3268
1622464896007000,0,448.09288029,0.3270
1622465061337000,0,455.75000000,0.3254
1622465073321000,1,3074.78491879,0.3250
1622465073889000,1,1772.27332947,0.3248
1622465087491000,0,61902.85000000,0.3250
1622465087514000,0,14891.75013200,0.3250
1622465162051000,0,3570.36648818,0.3262
1622465209324000,1,3058.38456000,0.3267
1622465270771000,0,60496.29541564,0.3272
1622465301965000,0,152.06076166,0.3272
1622465317260000,1,1299.42108000,0.3269
1622465362095000,1,5500.00000000,0.3276
1622465362228000,1,6259.21891284,0.3276
1622465362228000,1,37551.08563563,0.3276
1622465362435000,1,455.75000000,0.3276
1622465362769000,1,37539.20627709,0.3276
1622465363007000,1,3078.23536106,0.3276
1622465363469000,0,455.75000000,0.3276
1622465364943000,1,37546.46301828,0.3276
1622465364948000,1,65783.93400876,0.3276
1622465365123000,1,3054.72229520,0.3271
1622465365123000,1,2322.37770480,0.3271
1622465466543000,1,3046.32856000,0.3281
1622465466648000,1,4000.00000000,0.3281
1622465555071000,0,2075.65573021,0.3283
1622465580322000,1,455.75000000,0.3277
1622465580553000,1,37532.54351588,0.3277
1622465581217000,1,37532.20047054,0.3277
1622465585101000,1,833.48082795,0.3277
1622465585111000,1,37543.99915505,0.3277
1622465585938000,1,37543.82615899,0.3277
1622465586773000,1,37550.98223375,0.3277
1622465589207000,1,4620.63070917,0.3277
1622465635475000,0,455.75000000,0.3282
1622465648013000,0,60.67780589,0.3280
1622465667997000,1,3000.00000000,0.3276
1622465672528000,1,455.75000000,0.3276
1622465678648000,1,44.81462688,0.3276
1622466014766000,0,512.82000000,0.3282
1622466014903000,0,2536.27655269,0.3282
1622466014903000,0,512.87577731,0.3282
1622466015103000,0,7622.60652135,0.3282
1622466026874000,0,151.74428015,0.3287
1622466041577000,0,75.66288300,0.3290
1622466139184000,0,455.75000000,0.3283
1622466152286000,0,150.00000000,0.3285
1622466155889000,0,3044.99281382,0.3286
1622466155889000,0,7612.34760618,0.3286
1622466173877000,0,1649.57807743,0.3285
1622466231792000,1,9738.37599000,0.3278
1622466299255000,1,3059.86316292,0.3265
1622466299273000,0,7645.06846083,0.3264
1622466299317000,1,6304.22036901,0.3264
1622466299380000,0,12532.44919925,0.3264
1622466299399000,1,455.75000000,0.3264
1622466299504000,0,400.00000000,0.3262
1622466336353000,0,455.75000000,0.3262
1622466559832000,0,917.45108978,0.3262
1622466600282000,1,181.76791320,0.3257
1622466816951000,1,2500.00000000,0.3266
1622466816951000,1,3060.68730794,0.3266
1622466816951000,1,2831.05182249,0.3266
1622466840335000,0,151.49289360,0.3271
1622466886501000,1,3064.15732000,0.3262
1622466922052000,1,366.39833809,0.3264
1622467194923000,1,6251.40029000,0.3274
1622467246874000,1,455.75000000,0.3272
1622467329818000,1,544.25000000,0.3272
1622467560265000,1,127.05944439,0.3269
1622467661160000,0,500.00000000,0.3270
1622467780241000,0,455.75000000,0.3274
1622467780487000,0,2600.59595039,0.3274
1622468114107000,1,6515.00000000,0.3269
1622468114107000,1,6264.99847126,0.3269
1622468114107000,1,15199.66034361,0.3269
1622468117248000,1,455.75000000,0.3268
1622468257254000,1,430.40822762,0.3266
1622468659882000,0,9000.00000000,0.3258
1622468660441000,0,14000.00000000,0.3258
1622468660591000,0,455.75000000,0.3258
1622468687864000,1,3068.70838064,0.3256
1622468794098000,1,218.07137853,0.3251
1622468834724000,0,142.60961000,0.3251
1622468845250000,1,2131.69574682,0.3247
1622468845539000,1,2523.00000000,0.3247
1622468869969000,1,2153.77735427,0.3244
1622468880580000,1,455.75000000,0.3241
1622468880644000,1,2627.33925543,0.3241
1622468881627000,1,3081.41720540,0.3239
1622468881627000,1,3083.08924460,0.3239
1622468888627000,0,455.75000000,0.3236
1622468919947000,1,1100.06191000,0.3230
1622468920002000,1,0.00000950,0.3230
1622468921603000,0,308.30000000,0.3232
1622468999335000,1,5976.35970000,0.3236
1622469111690000,1,1500.00000000,0.3254
1622469111690000,1,6293.28254165,0.3254
1622469111690000,1,14657.13615851,0.3254
1622469123895000,1,3066.46877000,0.3259
1622469124064000,1,0.00000721,0.3259
1622469124064000,1,3065.84827279,0.3258
1622469125130000,1,3065.84828956,0.3253
1622469125130000,1,3067.87991091,0.3253
1622469125130000,1,3066.46875953,0.3253
1622469144401000,1,3079.17798000,0.3245
1622469167718000,0,1454.98343800,0.3248
1622469470806000,1,2928.94576000,0.3236
1622469537314000,1,3000.00000000,0.3235
1622469796430000,0,3084.68617000,0.3244
1622469840351000,0,354.34004042,0.3242
1622469844418000,0,6337.14562619,0.3236
1622469844442000,1,3000.00000000,0.3236
1622469844534000,1,3000.00000000,0.3236
1622469844536000,1,2534.00000000,0.3236
1622469844646000,1,33128.85437381,0.3236
1622469894231000,1,37084.68617000,0.3225
1622469894334000,1,17000.00000000,0.3225
1622469899420000,1,62.04274497,0.3224
1622469899420000,1,64.94634542,0.3224
1622469899510000,1,0.00000001,0.3224
1622469930341000,1,400.00000000,0.3223
1622469930890000,1,3099.79479358,0.3222
1622469930890000,1,7748.33037365,0.3222
1622470027561000,1,3098.81501000,0.3225
1622470093378000,1,171.08286469,0.3208
1622470111097000,0,513.50664973,0.3206
1622470115664000,1,324.03356988,0.3206
1622470204357000,0,3127.31127211,0.3218
1622470220274000,1,3102.17959000,0.3221
1622470220488000,1,0.00000138,0.3221
1622470220887000,1,1799.00540000,0.3221
1622470382962000,0,62500.00000000,0.3208
1622470383492000,1,250.14992926,0.3207
1622470383501000,0,38275.78921018,0.3208
1622470383538000,0,3136.07203308,0.3208
1622470383539000,0,3136.07203308,0.3208
1622470384044000,0,38273.18155720,0.3208
1622470384132000,0,1108.87064546,0.3208
1622470384346000,0,1114.76345454,0.3208
1622470384477000,0,3135.63988425,0.3208
1622470385163000,0,858.72071620,0.3208
1622470385971000,0,1289.45500000,0.3208
1622470386187000,0,2341.27928380,0.3208
1622470387882000,1,5025.42007074,0.3208
1622470387882000,1,7785.44326017,0.3208
1622470387882000,1,2189.13666909,0.3208
1622470387986000,1,925.00276000,0.3208
1622470388000000,1,0.00000962,0.3208
1622470388611000,1,3115.45890710,0.3208
1622470399911000,0,232157.46000000,0.3208
1622470399972000,0,0.00246720,0.3208
1622470410630000,0,294.15702505,0.3214
1622470491334000,1,14459.53834000,0.3206
1622470491630000,1,5778.26918857,0.3206
1622470491630000,1,3113.28626045,0.3206
1622470491630000,1,3113.28625098,0.3206
1622470491701000,1,0.00000947,0.3206
1622470570808000,1,2405.60668120,0.3205
1622470575850000,1,3117.20698000,0.3205
1622470576050000,1,0.00000254,0.3205
1622470576050000,1,7793.15978746,0.3205
1622470628836000,1,7785.73421558,0.3207
1622470655858000,0,3108.96830590,0.3209
1622470675891000,0,9536.73344754,0.3214
1622470678531000,1,3111.85242000,0.3210
1622470678610000,0,119345.49000000,0.3212
1622470800338000,0,307.99384012,0.3208
1622470991573000,1,90.00000000,0.3200
1622470992266000,1,3122.93105817,0.3199
1622470992266000,1,2138.16536943,0.3197
1622470992325000,1,636.26873525,0.3197
1622470992404000,1,435.31451994,0.3197
1622470992459000,1,80.00000000,0.3197
1622470998052000,1,1296.63461538,0.3197
1622471019592000,1,253.81745507,0.3197
1622471019611000,1,5.17994806,0.3197
1622471221332000,0,90.00000000,0.3203
1622471278671000,1,6391.26054171,0.3203
1622471278752000,0,7776.08219000,0.3203
1622471279244000,0,0.00000418,0.3203
1622471344345000,1,3118.80138000,0.3203
1622471513117000,1,3110.47795000,0.3213
1622471630332000,0,23765.99224000,0.3213
1622471630915000,0,11500.00000000,0.3213
1622471630996000,0,2483.25625000,0.3213
1622471640333000,0,0.00000700,0.3213
1622471640333000,0,382.01532727,0.3214
1622471700616000,1,3115.96370525,0.3207
1622471700616000,1,7790.05145475,0.3207
1622471700676000,1,0.00000692,0.3207
1622471817043000,1,455.75000000,0.3207
1622471999225000,0,1039.27987666,0.3211
1622472147766000,1,776.27000000,0.3208
1622472147778000,1,0.00108076,0.3208
1622472158155000,0,455.75000000,0.3208
1622472278444000,1,166.62215874,0.3206
1622472291407000,1,3118.72356882,0.3205
1622472344840000,1,83.31107938,0.3202
1622472433642000,1,3113.15057064,0.3209
1622472433642000,1,464.09051936,0.3209
1622472766937000,0,373.19097664,0.3216
1622472797519000,0,2236.66434414,0.3215
1622472859684000,1,8688.48778103,0.3211
1622472985130000,0,6379.26127000,0.3210
1622473149738000,0,154.87731531,0.3212
1622473281890000,1,455.75000000,0.3209
1622473332827000,0,400.00000000,0.3219
1622473333170000,0,2711.56439717,0.3219
1622473333170000,0,2068.21936869,0.3219
1622473356397000,0,455.75000000,0.3225
1622473366141000,1,10855.04673000,0.3221
1622473407922000,1,455.75000000,0.3229
1622473408148000,1,7278.58104000,0.3229
1622473408235000,1,0.00000643,0.3229
1622473408235000,1,20110.39489423,0.3229
1622473429232000,0,5168.98800000,0.3234
1622473429232000,0,2532.00000000,0.3234
1622473429232000,0,901.90374211,0.3234
1622473445755000,0,3092.73886000,0.3236
1622473447101000,0,0.00000769,0.3236
1622473447101000,0,20101.87529231,0.3236
1622473508531000,1,2829.85276000,0.3233
1622473568339000,0,4432.39808426,0.3232
1622473598982000,0,530.03382807,0.3234
1622473604287000,0,455.75000000,0.3233
1622473637440000,0,6631.78112145,0.3233
1622473717931000,1,2000.00000000,0.3231
1622473719611000,1,17312.70690880,0.3232
1622473762386000,0,2206.00000000,0.3236
1622473762446000,0,4012.06183038,0.3236
1622473762470000,0,2526.93816962,0.3236
1622473762662000,0,2206.00000000,0.3239
1622473765130000,1,405.00000000,0.3239
1622473765130000,1,3000.00000000,0.3238
1622473765130000,1,2761.60500000,0.3238
1622473765228000,1,407.99999999,0.3238
1622473765418000,1,1570.60798228,0.3237
1622473765449000,1,455.75000000,0.3237
1622473765494000,1,400.00000000,0.3237
1622473765502000,1,658.46223440,0.3237
1622473765982000,1,3085.37225000,0.3234
1622473766009000,1,0.00000016,0.3234
1622473862980000,1,3096.93000000,0.3227
1622473862982000,1,0.00403531,0.3227
1622473908190000,0,455.75000000,0.3227
1622473932450000,0,308.99018150,0.3229
1622473987070000,0,1241.35463100,0.3227
1622474117067000,1,3093.92538690,0.3230
1622474362143000,0,400.00000000,0.3237
1622474363772000,0,12276.24557000,0.3237
1622474363830000,0,0.00000316,0.3237
1622474364085000,0,7724.06341000,0.3239
1622474364106000,0,0.00000920,0.3239
1622474364161000,0,9848.21235155,0.3240
1622474364332000,0,855.35886310,0.3240
1622474364415000,0,9377.77452404,0.3240
1622474380729000,1,3080.37309479,0.3244
1622474380729000,1,7701.07099521,0.3244
1622474389874000,1,12608.00000000,0.3242
1622474454939000,0,3074.91728000,0.3255
1622474487608000,1,1850.55979152,0.3253
1622474524512000,1,455.75000000,0.3257
1622474524635000,0,305.21299960,0.3260
1622474524822000,1,336699.80000000,0.3256
1622474524855000,1,12201.89412020,0.3257
1622474524855000,1,44032.30502072,0.3256
1622474548662000,1,3074.36898000,0.3251
1622474554693000,1,14554.46153000,0.3250
1622474554956000,1,0.00000850,0.3250
1622474615227000,0,3000.00000000,0.3255
1622474615227000,0,1355.93306506,0.3255
1622474629045000,0,6286.53842858,0.3255
1622474629045000,0,2882.89381361,0.3256
1622474681705000,0,76.64400528,0.3254
1622474788964000,1,3071.76251000,0.3253
1622474798243000,1,4717.89152000,0.3253
1622474802307000,1,282.10848000,0.3253
1622474851969000,1,2000.00000000,0.3251
1622474851985000,1,1073.63192643,0.3251
1622474851985000,1,1156.67507357,0.3251
1622474851986000,1,6527.82710778,0.3251
1622474851986000,1,19982.66798293,0.3250
1622474851986000,1,6287.35522515,0.3250
1622474851986000,1,2882.89381361,0.3249
1622474851986000,1,12574.71045029,0.3249
1622474852083000,0,398.00000000,0.3249
1622474852091000,1,415.00000000,0.3249
1622474869398000,1,400.00000000,0.3245
1622474869490000,1,2679.31072709,0.3245
1622474869491000,1,3079.78490782,0.3245
1622474890732000,1,74.06033630,0.3235
1622474891373000,1,1475.39412673,0.3235
1622474898005000,0,455.75000000,0.3238
1622475040080000,1,2522.00000000,0.3241
1622475106819000,0,214.28579603,0.3242
1622475330496000,0,200.00000000,0.3246
1622475480313000,0,229.62409312,0.3255
1622475483694000,0,764.25254600,0.3255
1622475515844000,1,500.00000000,0.3251
1622475617779000,1,455.75000000,0.3253
1622475708298000,1,37847.80096519,0.3245
1622475752388000,0,455.75000000,0.3253
1622475912368000,1,3064.96499000,0.3260
1622475912532000,1,0.00000810,0.3260
1622475912532000,1,4999.99999190,0.3260
1622475912800000,1,455.75000000,0.3260
1622475943210000,0,455.75000000,0.3263
1622475996399000,0,4431.04505996,0.3259
1622476010502000,1,455.75000000,0.3252
1622476076776000,0,455.75000000,0.3254
1622476087235000,1,72.27536086,0.3252
1622476145563000,0,10086.96499000,0.3257
1622476145651000,0,17358.43129000,0.3257
1622476146525000,0,0.00000353,0.3257
1622476232770000,0,1654.44265117,0.3253
1622476486767000,1,2507.00000000,0.3260
1622476607123000,0,1336.40642683,0.3262
1622476688683000,0,7734.15196593,0.3267
1622476789570000,0,9648.56871000,0.3273
1622476789867000,0,23000.00000000,0.3273
1622476790300000,0,25000.00000000,0.3273
1622476804290000,1,3055.26360000,0.3271
1622476804483000,1,0.00000814,0.3271
1622476804626000,1,3055.37562788,0.3270
1622476888764000,1,7644.88143000,0.3266
1622477109592000,1,455.75000000,0.3257
1622477182907000,0,455.75000000,0.3246
1622477362605000,1,455.75000000,0.3248
1622477447166000,0,3047.73609409,0.3265
1622477557044000,0,459.19006996,0.3259
1622477575204000,0,455.75000000,0.3261
1622477642870000,1,8370.75833000,0.3260
1622477643067000,1,7662.50211203,0.3260
1622477643067000,1,3065.07773037,0.3260
1622477760310000,0,580.71733905,0.3276
1622477796237000,0,400.00000000,0.3280
1622477826560000,1,3047.27543000,0.3279
1622477826690000,1,0.00000104,0.3279
1622477826690000,1,7618.83401896,0.3279
1622477826875000,1,0.00000702,0.3279
1622477842354000,1,7623.85259828,0.3274
1622477842354000,1,8139.13459172,0.3274
1622478056014000,1,1000.00000000,0.3280
1622478136710000,0,7624.32677000,0.3281
1622478308245000,1,455.75000000,0.3291
1622478319716000,0,6210.80983846,0.3296
1622478319716000,0,3000.00000000,0.3296
1622478319716000,0,340.38360505,0.3296
1622478519584000,0,3045.21768936,0.3267
1622478899493000,0,127.94260445,0.3279
1622478976742000,1,243.74197836,0.3266
1622479082877000,0,7682.05339000,0.3257
1622479082892000,0,0.00000129,0.3257
1622479083285000,1,399.00000000,0.3255
1622479083285000,1,407.00000000,0.3254
1622479083285000,1,3000.00000000,0.3254
1622479083285000,1,3000.00000000,0.3254
1622479083285000,1,4460.61400000,0.3254
1622479083285000,1,3385.60130360,0.3254
1622479083285000,1,10347.78469640,0.3254
1622479088772000,0,466.63918680,0.3258
1622479201743000,1,6275.81592670,0.3256
1622479201743000,1,2327.07581541,0.3256
1622479493386000,1,702.23776382,0.3246
1622479499319000,0,307.19190146,0.3247
1622479572220000,1,6275.93306000,0.3257
1622479573288000,1,0.00000978,0.3257
1622479573288000,1,3070.00846022,0.3256
1622479810662000,1,68.21453000,0.3265
1622479811227000,1,0.00000732,0.3265
1622479863225000,1,3060.44376000,0.3264
1622479863541000,1,6500.00000000,0.3264
1622479918462000,1,185.80220387,0.3258
1622479920322000,0,244.35697981,0.3258
1622480048773000,0,455.75000000,0.3253
1622480089377000,1,3070.14042000,0.3255
1622480217992000,1,455.75000000,0.3254
1622480255501000,0,13983.10023937,0.3256
1622480255502000,0,8877.71886581,0.3256
1622480255507000,0,13983.10023937,0.3256
1622480255636000,0,3073.00641395,0.3256
1622480255636000,0,7681.95444652,0.3256
1622480256143000,0,3072.33616411,0.3266
1622480256143000,0,7680.77201305,0.3266
1622480256143000,0,19967.63123185,0.3266
1622480256143000,0,2139.00000000,0.3266
1622480256143000,0,887.09651637,0.3266
1622480256825000,0,3067.95520785,0.3270
1622480256825000,0,2139.00000000,0.3270
1622480260012000,1,12496.00000000,0.3268
1622480281477000,1,4505.00000000,0.3266
1622480288624000,0,7878.11809034,0.3273
1622480288624000,0,23634.01686430,0.3273
1622480300722000,1,3051.01293000,0.3275
1622480300794000,1,0.00000629,0.3275
1622480317906000,0,3046.52730592,0.3284
1622480317965000,0,0.00000001,0.3284
1622480318092000,0,1356.66597661,0.3285
1622480318102000,0,6260.25944939,0.3285
1622480318102000,0,7616.21227931,0.3285
1622480318103000,0,0.00000001,0.3285
1622480319009000,0,3039.08875963,0.3293
1622480321632000,1,1500.00000000,0.3289
1622480321646000,0,730.30700000,0.3289
1622480333036000,0,3000.00000000,0.3294
1622480333036000,0,3000.00000000,0.3294
1622480333036000,0,97902.88012743,0.3294
1622480356195000,1,2482.00000000,0.3292
1622480375318000,0,24582.90463643,0.3297
1622480412682000,1,3033.88853000,0.3293
1622480478541000,1,3043.88058000,0.3281
1622480480708000,0,304.30000000,0.3281
1622480480822000,0,195.70000000,0.3281
1622480480822000,0,1843.10000000,0.3281
1622480489332000,1,3048.40873064,0.3276
1622480489332000,1,3000.00000000,0.3276
1622480489332000,1,5500.71833789,0.3276
1622480513631000,1,2493.00000000,0.3280
1622480519172000,1,7469.41659765,0.3277
1622480666643000,0,3068.44472811,0.3261
1622480666643000,0,7670.97484189,0.3261
1622480666917000,0,455.75000000,0.3262
1622480746325000,1,3054.31177193,0.3271
1622480746325000,1,7635.91485807,0.3271
1622480775930000,1,3058.75875000,0.3267
1622480946929000,1,2500.00000000,0.3255
1622480975521000,1,455.75000000,0.3257
1622481081574000,1,2178.72658781,0.3259
1622481119197000,1,2506.00000000,0.3260
1622481178434000,1,136.56250700,0.3257
1622481241586000,1,6261.50894000,0.3262
1622481241787000,1,3063.70671748,0.3261
1622481241787000,1,5163.86110252,0.3261
1622481360259000,0,120.83127157,0.3257
1622481387478000,0,7000.00000000,0.3248
1622481390658000,0,2000.00000000,0.3246
1622481390790000,0,5000.00000000,0.3246
1622481448774000,0,3000.00000000,0.3242
1622481463707000,0,4000.00000000,0.3242
1622481465999000,0,7000.00000000,0.3242
1622481468264000,0,7000.00000000,0.3241
1622481470913000,0,2500.00000000,0.3242
1622481470913000,0,4500.00000000,0.3242
1622481529066000,0,3000.00000000,0.3234
1622481920589000,0,394.26511838,0.3233
1622481962778000,0,455.75000000,0.3235
1622481962885000,0,1610.64569870,0.3235
1622481962896000,0,400.00000000,0.3235
1622481978614000,1,455.75000000,0.3238
1622482448574000,1,7757.56428402,0.3219
1622482448574000,1,742.43571598,0.3219
1622482451374000,1,564.27306341,0.3218
1622482492937000,0,77.68076313,0.3213
1622482492970000,0,93.21691576,0.3212
1622482746121000,0,3109.76449601,0.3221
1622482746121000,0,3110.73187399,0.3221
1622483020630000,1,141.33483054,0.3202
1622483021215000,1,4460.61400000,0.3203
1622483021215000,1,909.38600000,0.3203
1622483171601000,1,1650.35108760,0.3208
1622483214653000,1,286.17489959,0.3200
1622483226296000,1,1556.09374000,0.3200
1622483226828000,1,0.00000999,0.3200
1622483244719000,0,455.75000000,0.3204
1622483260380000,0,8702.83612175,0.3210
1622483520346000,0,285.52287976,0.3219
1622483537521000,1,2541.00000000,0.3216
1622483551319000,1,6358.96895515,0.3212
1622483551319000,1,2927.33100000,0.3211
1622483551319000,1,10713.70004485,0.3210
1622483572097000,1,3110.41990669,0.3212
1622483572097000,1,16889.58009331,0.3211
1622483594417000,1,3105.70580270,0.3217
1622483594417000,1,7764.40556812,0.3217
1622483594417000,1,6351.16080419,0.3217
1622483594417000,1,2778.72782499,0.3216
1622483602102000,1,20000.00000000,0.3220
1622483613418000,1,3000.00000000,0.3220
1622483613418000,1,17000.00000000,0.3220
1622483627115000,1,3100.48677642,0.3224
1622483627115000,1,6336.44330253,0.3223
1622483627115000,1,7750.58842643,0.3223
1622483627115000,1,2000.00000000,0.3223
1622483627115000,1,812.48149462,0.3222
1622483638023000,1,6336.61113018,0.3224
1622483638023000,1,13663.38886982,0.3224
1622483647421000,1,3100.04464064,0.3224
1622483647421000,1,16899.51322000,0.3224
1622483647421000,1,0.44213936,0.3223
1622483657790000,1,16899.95535000,0.3224
1622483657790000,1,930.04465000,0.3223
1622483875817000,0,24103.28054480,0.3231
1622483882420000,0,1175.47431147,0.3231
1622483883472000,1,6334.52864000,0.3225
1622483883507000,1,3098.91104266,0.3225
1622483883507000,1,3097.89343247,0.3225
1622483883507000,1,7745.25769316,0.3225
1622483883507000,1,89.80793265,0.3224
1622483883509000,1,14031.87010094,0.3224
1622483883514000,1,4783.53246763,0.3224
1622483883780000,1,455.75000000,0.3223
1622483883859000,0,399.00000000,0.3223
1622483883859000,0,395.00000000,0.3224
1622483884030000,1,2230.30700000,0.3225
1622483884120000,1,74.60404000,0.3225
1622483884163000,1,0.00000266,0.3225
1622483893484000,0,3113.98614241,0.3214
1622483893484000,0,7784.90282759,0.3214
1622483920623000,0,3113.57706000,0.3214
1622483921172000,0,3112.31971698,0.3215
1622483921263000,0,3112.31971000,0.3217
1622484092686000,1,13500.00000000,0.3212
1622484092776000,1,12475.64358000,0.3212
1622484190754000,1,3116.85721054,0.3204
1622484190812000,1,7798.79997061,0.3204
1622484190971000,0,400.00000000,0.3203
1622484191072000,1,394.00000000,0.3204
1622484191468000,1,1555.00000000,0.3200
1622484191657000,1,3124.17990000,0.3200
1622484193353000,1,3124.17990000,0.3194
1622484196845000,0,3129.96882000,0.3197
1622484240286000,0,1538.43284974,0.3192
1622484240391000,0,455.75000000,0.3192
1622484240507000,0,5543.81715026,0.3192
1622484240622000,0,7839.50790000,0.3192
1622484240729000,0,0.00000292,0.3192
1622484241044000,0,3133.04801709,0.3194
1622484299725000,0,3132.83991000,0.3195
1622484299748000,0,0.00000230,0.3195
1622484299790000,0,20359.05848753,0.3195
1622484299790000,0,7830.73936757,0.3195
1622484308922000,0,656.64913814,0.3202
1622484360363000,0,247.58975128,0.3194
1622484432294000,0,616.72353880,0.3191
1622484481277000,1,7846.58055569,0.3184
1622484481277000,1,4852.99638685,0.3184
1622484482026000,1,3138.57433399,0.3182
1622484482026000,1,6861.42566601,0.3182
1622484495495000,0,3139.11844000,0.3187
1622484600280000,0,102.41347205,0.3200
1622484653854000,1,3125.99641000,0.3197
1622484678926000,1,1264.14441000,0.3191
1622484717287000,1,455.75000000,0.3189
1622484720269000,0,118.31755691,0.3191
1622484722441000,1,22213.32000000,0.3189
1622484722451000,1,0.00061331,0.3189
1622484755571000,0,455.75000000,0.3192
1622484854147000,1,3124.82422000,0.3197
1622484880066000,1,3129.59659500,0.3194
1622484880066000,1,7823.10794500,0.3194
1622484942702000,1,2553.00000000,0.3202
1622484960257000,0,3444.61221963,0.3203
1622485035740000,1,3121.48832000,0.3200
1622485058968000,1,3127.89330130,0.3194
1622485058968000,1,7819.87677984,0.3194
1622485058968000,1,6052.22991886,0.3194
1622485059041000,1,3332.77088000,0.3194
1622485078653000,0,7000.00000000,0.3196
1622485103987000,1,455.75000000,0.3190
1622485209559000,0,455.75000000,0.3201
1622485210853000,0,12788.46000000,0.3203
1622485210896000,0,0.00353086,0.3203
1622485376305000,1,3134.83554653,0.3187
1622485376305000,1,3134.83554653,0.3187
1622485376305000,1,7088.07780267,0.3187
1622485614473000,0,6397.89444663,0.3199
1622485712252000,0,200.00000000,0.3199
1622485988087000,0,107.77479055,0.3203
1622486024208000,0,3121.25449461,0.3206
1622486024208000,0,1383.67069242,0.3206
1622486052700000,1,7808.44605401,0.3199
1622486052700000,1,1191.55394599,0.3199
1622486280308000,0,1830.12492617,0.3202
1622486400282000,0,154.49100675,0.3205
1622486527824000,1,3813.10648000,0.3202
1622486531064000,1,39592.24000000,0.3202
1622486531067000,1,0.00804382,0.3202
1622486660224000,1,2514.32064722,0.3194
1622486772294000,0,93.21659432,0.3202
1622486806674000,0,310.69312500,0.3201
1622486886959000,0,3130.71355000,0.3196
1622486892832000,0,0.00000223,0.3196
1622487425085000,0,206.05369190,0.3202
1622487496494000,1,3130.71355000,0.3196
1622487679876000,1,321.73928585,0.3195
1622487784727000,0,6407.76964810,0.3194
1622487784727000,0,3132.37539321,0.3194
1622487784727000,0,45433.03360150,0.3194
1622487784727000,0,7833.42802602,0.3194
1622487784727000,0,20366.22084021,0.3194
1622487784727000,0,10566.86400000,0.3195
1622487784760000,1,3000.00000000,0.3195
1622487784910000,0,394.00000000,0.3196
1622487784914000,0,390.00000000,0.3196
1622487785002000,0,10007.29648416,0.3196
1622487785009000,0,9572.93873315,0.3196
1622487785009000,0,7832.81950524,0.3196
1622487785009000,0,3132.37539321,0.3196
1622487785885000,0,262.84353759,0.3209
1622487795357000,0,136175.60000000,0.3209
1622487874180000,1,3125.03906299,0.3198
1622488008963000,0,7807.65836928,0.3205
1622488008963000,0,192.34163072,0.3205
1622488009051000,0,2930.80682000,0.3205
1622488009168000,0,0.00001219,0.3205
1622488123097000,1,318.49970481,0.3202
1622488131624000,1,3120.53373609,0.3203
1622488131624000,1,5379.46626391,0.3203
1622488299531000,0,3125.08187000,0.3202
1622488751517000,0,3125.13672000,0.3206
1622488751710000,0,3121.93991352,0.3209
1622488751710000,0,7804.78494648,0.3209
1622488783676000,1,79.97663816,0.3203
1622488797915000,1,455.75000000,0.3198
1622488892747000,1,2558.00000000,0.3195
1622488893008000,1,3049.75028000,0.3194
1622488893088000,1,79.21960054,0.3194
1622488893088000,1,1420.78039946,0.3194
1622488908213000,0,5154.00000000,0.3193
1622488920056000,0,3133.05017000,0.3194
1622488920305000,0,3929.24096230,0.3194
1622488923273000,0,3129.06218765,0.3199
1622488923273000,0,7825.02322528,0.3199
1622488941444000,1,902.75927069,0.3194
1622489486940000,1,8682.16000000,0.3191
1622489486993000,1,0.00859918,0.3191
1622489524116000,1,3000.00000000,0.3187
1622489524116000,1,3134.22637890,0.3187
1622489524116000,1,292.47196872,0.3187
1622489567510000,1,2901.38301570,0.3178
1622489579781000,0,3156.92565000,0.3172
1622489579908000,0,0.00000371,0.3172
1622489580133000,0,7884.30306000,0.3174
1622489580340000,0,3153.77822632,0.3174
1622489580340000,0,7884.30306209,0.3175
1622489596539000,0,3145.92037046,0.3180
1622489642996000,0,455.75000000,0.3180
1622489653833000,1,3142.31525000,0.3180
1622489692254000,0,296.91038728,0.3184
1622489759183000,0,592.90826695,0.3189
1622489880345000,0,949.61768817,0.3193
1622490005180000,0,3000.00000000,0.3187
1622490020499000,1,220.75333700,0.3185
1622490123932000,1,140.00000000,0.3195
1622490240328000,0,303.47912845,0.3202
1622490512658000,1,455.75000000,0.3196
1622490756108000,0,455.75000000,0.3200
1622490981808000,0,3126.30914195,0.3200
1622490981808000,0,458.88143763,0.3200
1622491109498000,1,3585.19057958,0.3204
1622491230445000,1,400.00000000,0.3211
1622491252549000,0,592.97816213,0.3215
1622491358870000,0,3115.65304000,0.3212
1622491359902000,0,0.00000088,0.3212
1622491389850000,0,7778.71474328,0.3216
1622491389850000,0,3111.53525672,0.3216
1622491392561000,0,0.00732163,0.3216
1622491394817000,0,20223.58000000,0.3216
1622491394818000,0,0.00366102,0.3216
1622491583227000,1,3098.06618000,0.3226
1622491680296000,0,509.00237975,0.3224
1622491703496000,1,1519.28442983,0.3225
1622491820219000,0,351.39249136,0.3212
1622491901368000,0,112.42213000,0.3210
1622491901587000,0,0.00000703,0.3210
1622491938636000,0,175.69448162,0.3213
1622492040296000,1,119.70886131,0.3218
1622492171696000,1,3114.70201646,0.3209
1622492171696000,1,10935.43811614,0.3208
1622492172978000,0,154.47355400,0.3208
1622492177701000,1,500.00000000,0.3204
1622492192473000,0,386.00000000,0.3194
1622492195261000,0,3133.91206000,0.3195
1622492195956000,0,3100.00000000,0.3197
1622492196037000,0,31.46079076,0.3197
1622492196144000,0,3132.08516000,0.3197
1622492223883000,0,3130.44063539,0.3198
1622492223883000,0,7825.52047205,0.3198
1622492310662000,1,2552.00000000,0.3202
1622492314632000,1,24341.94760000,0.3200
1622492340998000,0,500.00000000,0.3204
1622492340998000,0,3076.18819983,0.3204
1622492340998000,0,3000.00000000,0.3204
1622492340998000,0,3142.65648835,0.3204
1622492520318000,0,108.13798582,0.3206
1622492544873000,0,77.61757500,0.3204
1622492728216000,0,130.67224268,0.3204
1622492760311000,0,157.54836329,0.3207
1622492826492000,0,124.02562400,0.3209
1622492994749000,0,3116.48296000,0.3211
1622492994861000,0,4674.90815000,0.3211
1622493240323000,1,754.96357327,0.3215
1622493574316000,1,703.69200000,0.3198
1622493574316000,1,3120.86485407,0.3197
1622493574316000,1,10215.91654134,0.3197
1622494200282000,0,436.31382395,0.3209
1622494403951000,0,3130.57918125,0.3197
1622494403951000,0,10970.88011461,0.3197
1622494403951000,0,7826.14684356,0.3197
1622494403951000,0,12803.00000000,0.3197
1622494403951000,0,2500.00000000,0.3197
1622494403951000,0,23502.96211288,0.3197
1622494617030000,1,95.11429418,0.3191
1622494817359000,0,2139.00000000,0.3196
1622494919296000,0,2139.00000000,0.3202
1622495101193000,0,621.00000000,0.3201
1622495187826000,0,2139.00000000,0.3206
1622495409494000,0,6376.53247830,0.3210
1622495409494000,0,265.54418096,0.3210
1622495520331000,0,153.77630820,0.3210
1622495640295000,0,353.72887531,0.3222
1622495647819000,0,109.45597864,0.3222
1622496036774000,0,393.83097582,0.3210
1622496600297000,0,154.61647305,0.3202
1622496919431000,0,107.65699653,0.3196
1622497440313000,0,123.94823335,0.3193
1622497497953000,1,455.75000000,0.3190
1622497862410000,0,455.75000000,0.3198
1622498221323000,0,6000.00000000,0.3203
1622498664868000,0,2276.73253486,0.3198
1622498854243000,0,2139.00000000,0.3203
1622498936962000,1,6362.42157000,0.3212
1622499063344000,1,0.00000858,0.3212
1622499063344000,1,17137.57842142,0.3211
1622499120284000,1,102.18179909,0.3212
1622499202995000,1,6332.83655000,0.3226
1622499279343000,0,107.24117665,0.3233
1622499344705000,1,1000.00000000,0.3229
1622499518988000,1,2667.16345000,0.3235
1622499644836000,1,455.75000000,0.3232
1622499664717000,0,4000.00000000,0.3234
1622499766958000,0,146.37036236,0.3237
1622499834631000,0,2139.00000000,0.3239
1622499834632000,0,12630.00000000,0.3239
1622499834632000,0,3087.58236126,0.3240
1622499834632000,0,3087.75925355,0.3241
1622499834632000,0,6411.00000000,0.3241
1622499834632000,0,20070.48797968,0.3241
1622499834632000,0,591.39767758,0.3241
1622499834632000,0,31201.66980147,0.3244
1622499834632000,0,18093.70292646,0.3244
1622499834685000,0,3134.29707354,0.3244
1622499846781000,0,2194.15577099,0.3251
1622500120421000,0,111.99597257,0.3253
1622500180805000,1,920.05000000,0.3248
1622500180844000,1,0.00294914,0.3248
1622500185514000,0,2592.78413988,0.3248
1622500201600000,1,20023.53535540,0.3243
1622500201600000,1,45433.03360150,0.3243
1622500201600000,1,3081.01846146,0.3243
1622500201600000,1,3080.58186030,0.3242
1622500201738000,0,3080.69574433,0.3241
1622500202310000,1,2139.00000000,0.3239
1622500202310000,1,2696.03247715,0.3239
1622500220154000,0,153.86490822,0.3241
1622500251074000,1,1000.00000000,0.3237
1622500310549000,0,455.75000000,0.3242
1622500310790000,0,332.78000000,0.3242
1622500414012000,0,125.87282068,0.3239
1622500433905000,1,455.75000000,0.3236
1622500442120000,1,500.00000000,0.3236
1622500558187000,0,1577.06047354,0.3236
1622500558191000,0,14043.28509446,0.3237
1622500558500000,0,3090.57007583,0.3237
1622500599572000,0,455.75000000,0.3239
1622500657738000,0,954.92000000,0.3239
1622500657771000,0,0.00035515,0.3239
1622500660026000,0,366.05998240,0.3242
1622500710933000,1,3086.91518392,0.3237
1622500710933000,1,6503.65488608,0.3237
1622500728843000,1,500.00000000,0.3235
1622500810022000,0,11722.79315154,0.3237
1622500920312000,0,177.34108889,0.3233
1622501203620000,0,106.63140639,0.3231
1622501343856000,0,727.71013079,0.3230
1622501674030000,1,455.75000000,0.3228
1622501777984000,0,9034.99849000,0.3228
1622502384662000,0,61.57142415,0.3232
1622502637023000,0,455.75000000,0.3233
1622502858436000,0,744.21893498,0.3248
1622502858436000,0,2411.49618679,0.3248
1622502861414000,0,2168.68564833,0.3248
1622503056394000,0,12051.64027240,0.3270
1622503549780000,1,151.72751488,0.3260
1622503822588000,0,480.38463898,0.3268
1622503834201000,1,455.75000000,0.3263
1622503886703000,1,400.00000000,0.3261
1622503886799000,1,2664.32633850,0.3261
1622503886799000,1,3064.32633850,0.3261
1622503886904000,1,7047.39255501,0.3261
1622503887013000,1,12873.70976702,0.3261
1622504095016000,0,3058.88974538,0.3271
1622504095016000,0,12504.00000000,0.3271
1622504095016000,0,12645.00586812,0.3272
1622504099399000,0,455.75000000,0.3269
1622504118316000,1,455.75000000,0.3266
1622504133657000,0,455.75000000,0.3267
1622504166146000,1,2374.49059185,0.3266
1622504280302000,0,304.56156811,0.3273
1622504280302000,0,33.91909219,0.3274
1622504370105000,0,92.97816213,0.3279
1622504451493000,0,400.41998699,0.3276
1622504723490000,0,18484.71968710,0.3275
1622504723490000,0,92.83102210,0.3276
1622504880258000,0,135.79999526,0.3283
1622504896635000,0,1323.43278428,0.3285
1622504896957000,0,7458.34668703,0.3285
1622504897092000,0,3269.86080108,0.3285
1622504897216000,0,0.00000001,0.3285
1622505002978000,0,134.80192368,0.3296
1622505011430000,0,0.00000001,0.3296
1622505011430000,0,5999.99999999,0.3297
1622505100237000,1,3035.93330662,0.3289
1622505100237000,1,7593.83994695,0.3288
1622505100237000,1,2003.43246840,0.3287
1622505100237000,1,6316.11591350,0.3287
1622505100239000,1,11435.84646779,0.3287
1622505100239000,1,7514.81228480,0.3287
1622505387500000,0,2487.71109558,0.3291
1622505479137000,0,3042.12121028,0.3286
1622505654824000,0,350.00000000,0.3275
1622505683844000,1,973.90984449,0.3280
1622505692077000,1,446.54861597,0.3280
1622505696011000,1,3000.00000000,0.3281
1622505696011000,1,3000.00000000,0.3281
1622505704704000,1,13900.29702633,0.3281
1622505704707000,1,1433.50308629,0.3281
1622505708874000,1,4999.99999999,0.3282
1622505728568000,1,281.70800000,0.3287
1622505730717000,0,0.00000001,0.3297
1622505735968000,0,90.00000000,0.3300
1622505736765000,0,196.66677192,0.3308
1622505742157000,0,399.99999999,0.3309
1622505742174000,0,0.00000001,0.3309
1622505742813000,0,10000.00000000,0.3310
1622505743950000,1,400.00000000,0.3309
1622505743950000,1,79.60142350,0.3308
1622505755528000,0,100.00000000,0.3321
1622505755528000,0,389.00000000,0.3324
1622505756082000,0,416.55890048,0.3325
1622505760921000,1,1281.08125410,0.3316
1622505765504000,1,232.14367460,0.3316
1622505778347000,1,406.00000000,0.3323
1622505778347000,1,1086.21894520,0.3323
1622505785706000,1,1500.00000000,0.3323
1622505785706000,1,32.14825240,0.3323
1622505797235000,0,3001.79344791,0.3332
1622505873527000,1,455.75000000,0.3314
1622505933538000,0,455.75000000,0.3342
1622505952151000,0,100.00000000,0.3345
1622505967638000,1,455.75000000,0.3340
1622505977135000,0,455.75000000,0.3341
1622505977270000,0,13814.12945997,0.3341
1622505977271000,0,6063.92065264,0.3341
1622506047461000,1,455.75000000,0.3329
1622506080306000,0,1576.60901839,0.3323
1622506102673000,0,3000.00000000,0.3336
1622506102673000,0,3000.00000000,0.3336
1622506102673000,0,12260.00000000,0.3336
1622506102673000,0,5369.44657255,0.3336
1622506135561000,1,162.02608459,0.3334
1622506230163000,0,95.45040820,0.3340
1622506311886000,0,400.00000000,0.3347
1622506311979000,1,2586.00162438,0.3347
1622506342008000,0,455.75000000,0.3347
1622506356006000,1,455.75000000,0.3342
1622506396454000,1,76.64400528,0.3337
1622506400270000,1,2792.39702842,0.3337
1622506466149000,0,455.75000000,0.3352
1622506494419000,0,21000.00000000,0.3351
1622506556494000,0,62.04274497,0.3352
1622506556494000,0,64.94634542,0.3352
1622506556494000,0,0.00000001,0.3352
1622506556554000,0,400.00000000,0.3353
1622506557026000,0,8256.35345440,0.3353
1622506558247000,0,7620.61436305,0.3358
1622506558791000,0,3000.00000000,0.3359
1622506614080000,1,455.75000000,0.3352
1622506633723000,1,400.00000000,0.3345
1622506756349000,1,5000.00000000,0.3328
1622506756392000,1,6140.47326939,0.3328
1622506756397000,1,3002.01134760,0.3327
1622506756397000,1,10813.47926021,0.3327
1622506783947000,0,1500.00000000,0.3322
1622506783947000,0,2500.00000000,0.3322
1622506783947000,0,1136.40461593,0.3322
1622506849856000,0,7532.75240747,0.3322
1622506849856000,0,3012.91939838,0.3322
1622506850372000,0,12308.00000000,0.3323
1622506924226000,0,3007.12751408,0.3327
1622506924226000,0,6150.63612780,0.3327
1622506924226000,0,3008.04350834,0.3328
1622506924226000,0,1695.51326771,0.3328
1622506924228000,0,5823.19327417,0.3328
1622506924228000,0,7514.59919549,0.3328
1622506924228000,0,523.52794827,0.3332
1622506924898000,0,3003.42521424,0.3332
1622506924898000,0,7508.54544742,0.3332
1622506943167000,0,24504.00000000,0.3342
1622506943191000,0,0.00549035,0.3342
1622507258147000,0,2451.00000000,0.3336
1622507258314000,0,2998.24902000,0.3337
1622507294746000,0,7472.87254985,0.3348
1622507294746000,0,2989.17916015,0.3348
1622507294797000,0,0.00001125,0.3348
1622507333789000,0,6107.31749415,0.3351
1622507333789000,0,2986.18423945,0.3351
1622507333789000,0,2986.18423945,0.3351
1622507333789000,0,2920.31402695,0.3351
1622507346969000,0,1000.00000000,0.3351
1622507382497000,0,455.75000000,0.3351
1622507564184000,1,231.44028490,0.3344
1622507567415000,1,1319.20962400,0.3343
1622507572899000,1,1559.50588040,0.3343
1622507585820000,1,231.13246930,0.3343
1622507605186000,0,163.67103000,0.3343
1622507606038000,0,0.00000443,0.3343
1622507614792000,0,2987.87029594,0.3349
1622507660634000,0,2982.12269927,0.3356
1622507660634000,0,2982.12269927,0.3356
1622507660634000,0,1327.18615146,0.3356
1622507720498000,0,2440.99999999,0.3351
1622507752364000,1,455.75000000,0.3344
1622507792502000,0,103.08893009,0.3359
1622507803976000,0,455.75000000,0.3356
1622507815959000,0,203.30520199,0.3363
1622507995624000,1,455.75000000,0.3354
1622508000343000,1,478.90224795,0.3354
1622508216207000,1,230.88510380,0.3355
1622508245064000,0,455.75000000,0.3363
1622508245153000,0,2596.92378371,0.3363
1622508245153000,0,60.00000000,0.3363
1622508245153000,0,100.00000000,0.3363
1622508245162000,0,11814.72328000,0.3364
1622508245529000,0,0.00000630,0.3364
1622508245729000,0,11814.72320000,0.3365
1622508246368000,0,251.18792598,0.3366
1622508248669000,0,6000.00000000,0.3368
1622508320826000,1,2966.88364000,0.3369
1622508351878000,0,2027.30295782,0.3373
1622508366856000,0,6064.07426000,0.3373
1622508400222000,0,100.00000000,0.3382
1622508423039000,1,2956.76033683,0.3378
1622508423039000,1,2956.76033683,0.3378
1622508466743000,1,77.68076313,0.3372
1622508467012000,1,93.21691576,0.3372
1622508481020000,1,2963.08587615,0.3373
1622508481020000,1,3865.82593385,0.3373
1622508534624000,1,140.69999999,0.3364
1622508536112000,1,76.09999999,0.3364
1622508591593000,1,1861.83252126,0.3354
1622508591973000,1,2979.77329885,0.3353
1622508591973000,1,2979.64899735,0.3353
1622508591973000,1,7448.57770380,0.3352
1622508592203000,1,0.00639584,0.3352
1622508630458000,1,455.75000000,0.3352
1622508707599000,0,6100.84042000,0.3354
1622508707613000,0,0.00000609,0.3354
1622508707613000,0,12195.00000000,0.3355
1622508707613000,0,1600.80321136,0.3356
1622508707864000,0,1000.14856797,0.3356
1622508729150000,0,12628.09259798,0.3371
1622508737335000,1,2967.97512106,0.3367
1622508737335000,1,7421.34263894,0.3367
1622508737793000,1,0.00000271,0.3367
1622509302593000,0,32674.36000000,0.3362
1622509302600000,0,155142.58000000,0.3362
1622509302616000,0,2549.11251036,0.3362
1622509504266000,0,151.40209240,0.3374
1622509765042000,0,2985.06935000,0.3353
1622510040375000,1,1369.00453013,0.3341
1622510060280000,0,455.75000000,0.3344
1622510075031000,1,3696.59201000,0.3340
1622510108949000,0,2993.83270463,0.3342
1622510108949000,0,7484.72169537,0.3342
1622510109023000,0,0.00001377,0.3342
1622510348103000,1,2996.88324000,0.3335
1622510375208000,1,3003.29160760,0.3327
1622510375208000,1,7508.76489778,0.3327
1622510431136000,1,86.09844551,0.3319
1622510628902000,1,500.00000000,0.3320
1622510629854000,1,116486.11000000,0.3320
1622510631445000,1,455.75000000,0.3320
1622510631571000,1,36971.56990118,0.3320
1622510631932000,1,37931.19000000,0.3320
1622510631935000,1,0.00725217,0.3320
1622510644547000,0,455.75000000,0.3319
1622510656064000,1,1000.00000000,0.3317
1622510707918000,0,129.53307499,0.3303
1622510707955000,1,80.46323083,0.3297
1622510769146000,0,66.60409917,0.3304
1622510870259000,0,151.32713900,0.3308
1622510899689000,1,1500.00000000,0.3312
1622511039952000,1,3019.87074000,0.3310
1622511141088000,1,1000.00000000,0.3304
1622511222590000,1,3029.62366015,0.3297
1622511222590000,1,3470.37633985,0.3297
1622511293761000,1,3039.38434000,0.3289
1622511293927000,1,0.00000231,0.3289
1622511294051000,1,6922.41608000,0.3288
1622511294405000,1,3039.51367780,0.3288
1622511542203000,0,6208.86331000,0.3294
1622511761177000,1,3022.57257000,0.3307
1622511761208000,1,0.00000197,0.3307
1622511908770000,1,455.75000000,0.3297
1622511912691000,1,3033.66764000,0.3294
1622511967166000,0,455.75000000,0.3291
1622512062456000,0,12395.00000000,0.3300
1622512062530000,0,400.00000000,0.3300
1622512062535000,0,2630.85409468,0.3300
1622512062648000,0,7577.13523000,0.3300
1622512081544000,0,12000.00000000,0.3313
1622512081639000,0,346.00000000,0.3313
1622512082018000,0,3018.21189055,0.3315
1622512082248000,0,3018.21189055,0.3315
1622512082248000,0,5503.21170945,0.3316
1622512082353000,0,4527.75209000,0.3316
1622512092536000,1,3012.30224000,0.3315
1622512092662000,1,0.00000236,0.3315
1622512092662000,1,7531.24949764,0.3315
1622512115666000,1,3024.69359000,0.3305
1622512115775000,1,0.00000854,0.3305
1622512115775000,1,17600.75466146,0.3305
1622512160489000,1,2500.00000000,0.3301
1622512405781000,1,3036.94750000,0.3291
1622512406578000,1,3036.94750000,0.3291
1622512406749000,1,0.00000333,0.3291
1622512407178000,1,231.83786000,0.3290
1622512407289000,1,0.00000740,0.3290
1622512457736000,0,12423.00000000,0.3291
1622512468945000,1,3035.17770000,0.3292
1622512469114000,1,0.00000965,0.3292
1622512544256000,0,153.68415293,0.3290
1622512547601000,0,231.88424190,0.3288
1622512571030000,0,626.96796060,0.3290
1622512593677000,0,359.75142291,0.3286
1622512604098000,1,232.06291000,0.3284
1622512673553000,1,3038.27764000,0.3289
1622512673721000,1,0.00000367,0.3289
1622512690862000,1,3037.44562000,0.3289
1622512722725000,1,0.00000480,0.3284
1622512737862000,0,232.08612340,0.3282
1622512742872000,1,3047.34971995,0.3279
1622512747643000,1,25099.23348889,0.3278
1622512845403000,0,12423.00000000,0.3293
1622512855870000,1,3037.02128000,0.3288
1622512918788000,1,3044.23270000,0.3283
1622512935211000,1,3044.65905908,0.3282
1622512935211000,1,7612.15285092,0.3282
1622513037716000,1,747.45276827,0.3282
1622513064143000,1,455.75000000,0.3284
1622513064229000,1,2586.92658174,0.3284
1622513064229000,1,413.07341826,0.3284
1622513064415000,1,3500.00000000,0.3284
1622513106478000,1,3043.23000000,0.3283
1622513106501000,1,0.00215601,0.3283
1622513274641000,1,3062.03686691,0.3264
1622513274735000,1,0.00000001,0.3264
1622513274812000,1,7654.33777536,0.3263
1622513274812000,1,1304.17349192,0.3263
1622513274836000,1,6349.55500269,0.3263
1622513296930000,0,3072.42315870,0.3257
1622513296930000,0,7681.25088130,0.3257
1622513361643000,0,3066.28692952,0.3263
1622513387923000,1,151.32713900,0.3255
1622513411567000,1,3066.58162000,0.3258
1622513412998000,1,3066.58162014,0.3256
1622513412998000,1,1933.41837986,0.3256
1622513428289000,0,455.75000000,0.3253
1622513472418000,1,7686.39508071,0.3250
1622513475676000,0,3077.32076000,0.3253
1622513509517000,0,10210.06252000,0.3258
1622513509598000,0,5610.63248000,0.3258
1622513519157000,0,3066.67566000,0.3263
1622513520281000,0,9000.00000000,0.3265
1622513527474000,0,225.76803122,0.3271
1622513552654000,1,7652.28037955,0.3264
1622513552654000,1,3060.91214045,0.3264
1622513702361000,0,13535.88438000,0.3270
1622513723109000,1,3051.03155000,0.3275
1622513794716000,0,3075.74956000,0.3256
1622513959107000,1,24020.43000000,0.3254
1622513982139000,1,215.99079822,0.3257
1622513987717000,0,17000.00000000,0.3262
1622514010051000,0,3055.78643000,0.3275
1622514010127000,0,1419.49556000,0.3275
1622514034345000,1,3056.40285000,0.3270
1622514034492000,1,0.00000835,0.3270
1622514034492000,1,7641.14279165,0.3270
1622514089164000,1,3063.33131000,0.3261
1622514116573000,0,2507.00000000,0.3263
1622514116573000,0,3066.28072000,0.3263
1622514204609000,1,3055.26360000,0.3271
1622514288263000,0,2490.00000000,0.3284
1622514366152000,1,3025.51721000,0.3302
1622514413986000,1,3024.58381000,0.3305
1622514436204000,1,3023.26706000,0.3306
1622514471555000,1,3025.05959367,0.3302
1622514471555000,1,7562.78125929,0.3302
1622514515748000,0,4386.00000000,0.3301
1622514550627000,0,2825.00000000,0.3301
1622514550627000,0,6196.46175000,0.3301
1622514569205000,1,161.99309867,0.3294
1622514616028000,0,126.25083548,0.3293
1622514616064000,0,2912.84287468,0.3293
1622514616064000,0,3038.44237290,0.3294
1622514616304000,1,240.66230414,0.3293
1622514616372000,0,2533.00000000,0.3294
1622514662436000,1,455.75000000,0.3299
1622514678290000,0,2475.00000000,0.3306
1622514894521000,1,6171.93000000,0.3309
1622514894542000,1,0.00085194,0.3309
1622515140462000,1,3020.10787000,0.3309
1622515328545000,1,3025.40737000,0.3303
1622515328655000,1,0.00000110,0.3303
1622515328655000,1,7562.91852890,0.3303
1622515670742000,1,303.00000000,0.3301
1622515710570000,1,3021.67751449,0.3306
1622515710570000,1,7133.12254551,0.3306
1622515710764000,1,421.61406000,0.3306
1622515778878000,0,455.75000000,0.3295
1622515782337000,0,7000.00000000,0.3295
1622515782438000,0,6500.00000000,0.3295
1622515782523000,0,5077.55070000,0.3295
1622515805235000,0,0.00000920,0.3295
1622515868622000,1,3037.46408199,0.3287
1622515868622000,1,3036.39421801,0.3287
1622515965136000,1,455.75000000,0.3290
1622516077476000,0,119.74591982,0.3288
1622516134051000,1,3037.72243000,0.3289
1622516298469000,1,3039.32891618,0.3288
1622516298469000,1,7598.27133382,0.3288
1622516403204000,1,3038.79323000,0.3288
1622516469887000,1,3048.68754000,0.3278
1622516470102000,1,3048.92921000,0.3277
1622516470469000,1,0.00000606,0.3277
1622516470569000,1,3048.68754000,0.3277
1622516470981000,1,0.00000001,0.3277
1622516666596000,0,455.75000000,0.3277
1622516666729000,0,6576.29554000,0.3277
1622516836887000,1,3048.79907000,0.3277
1622516836942000,1,0.00000804,0.3277
1622516908228000,0,2613.88873016,0.3287
1622516908867000,0,420.93808911,0.3287
1622516908883000,0,8.59057325,0.3287
1622517120255000,0,180.64045251,0.3292
1622517176258000,1,3037.42717000,0.3290
1622517300539000,1,3040.40084645,0.3286
1622517300539000,1,7599.79582355,0.3286
1622517364126000,0,3036.83000000,0.3296
1622517364152000,0,0.00406036,0.3296
1622517401769000,0,3029.51352000,0.3304
1622517452796000,0,6195.60770000,0.3302
1622517467982000,0,344.37687210,0.3303
1622517490206000,1,455.75000000,0.3298
1622517502394000,1,7576.25775000,0.3298
1622517922897000,1,18673.59000000,0.3295
1622517922916000,1,0.00572720,0.3295
1622518042474000,0,414.00000000,0.3292
1622518105057000,1,3036.08078000,0.3292
1622518168371000,0,455.75000000,0.3292
1622518226977000,1,391.99999999,0.3282
1622518226981000,1,0.00000001,0.3282
1622518233023000,0,4692.00000000,0.3278
1622518417295000,1,1356.87116564,0.3260
1622518502372000,0,306.30000000,0.3250
1622518504191000,0,306.30000000,0.3251
1622518519638000,0,2514.00000000,0.3255
1622518519819000,0,29437.65056000,0.3255
1622518519922000,0,0.00000753,0.3255
1622518519922000,0,3073.54032247,0.3255
1622518524651000,0,6288.22798000,0.3256
1622518567281000,0,7000.00000000,0.3258
1622518567579000,0,500.00000000,0.3258
1622518567731000,0,12472.09205293,0.3258
1622518602335000,0,2512.00000000,0.3258
1622518879030000,1,408.00000000,0.3251
1622518933493000,0,153.50000000,0.3250
1622519101870000,1,3074.31227634,0.3250
1622519101870000,1,1029.42005366,0.3250
1622519254072000,0,92.50000000,0.3233
1622519255452000,1,3094.21258000,0.3229
1622519255531000,1,0.00000478,0.3229
1622519255531000,1,4999.99999522,0.3229
1622519255966000,1,2734.76000000,0.3229
1622519290134000,0,461.54285979,0.3234
1622519301835000,0,2139.00000000,0.3240
1622519305322000,0,6411.00000000,0.3241
1622519305322000,0,2139.00000000,0.3241
1622519360821000,1,3079.65212000,0.3243
1622519479715000,0,92.30000000,0.3244
1622519848334000,0,92.00000000,0.3255
1622519895975000,1,3079.25383000,0.3246
1622520035434000,0,6319.15949000,0.3239
1622520085854000,0,6323.50916183,0.3236
1622520085854000,0,30837.99628757,0.3237
1622520159977000,1,85.20428000,0.3238
1622520160910000,1,0.00000646,0.3238
1622520187418000,0,3024.79218443,0.3243
1622520187528000,0,61.73045274,0.3243
1622520188244000,0,1830.16332000,0.3243
1622520188893000,0,18228.89000000,0.3243
1622520189225000,0,0.00128353,0.3243
1622520280353000,0,429.58000000,0.3248
1622520280362000,0,0.00115856,0.3248
1622520310672000,1,3078.55234000,0.3245
1622520322702000,1,3084.76312000,0.3239
1622520331086000,1,3088.44058000,0.3236
1622520453785000,1,3082.76610000,0.3242
1622520453970000,1,0.00000437,0.3242
1622520453970000,1,7704.77353563,0.3242
1622520495947000,1,3081.17035000,0.3242
1622520871356000,0,7698.99211835,0.3249
1622520871356000,0,3079.65211165,0.3249
1622521048271000,1,15158.17820000,0.3238
1622521048545000,1,14500.00000000,0.3238
1622521052629000,1,15774.85540000,0.3238
1622521063856000,1,0.00000150,0.3238
1622521184569000,1,1654.44265117,0.3230
1622521230311000,1,400.00000000,0.3238
1622521443873000,0,258.02962034,0.3239
1622521596262000,0,99.92640359,0.3249
1622521635888000,0,7702.92587000,0.3247
1622521639880000,0,0.00000937,0.3247
1622521715938000,1,6291.32065000,0.3249
1622521723082000,1,6296.00625106,0.3246
1622521736504000,1,1960.00000000,0.3245
1622521749824000,1,40.00000000,0.3245
1622522273954000,1,278.89672284,0.3250
1622522274161000,0,3048.77411822,0.3255
1622522494760000,1,3063.48146000,0.3263
1622522522795000,1,3064.38268011,0.3261
1622522522795000,1,7661.09321989,0.3261
1622522709319000,0,134.04496617,0.3267
1622522738728000,1,455.75000000,0.3261
1622522739957000,1,809.40778000,0.3261
1622522998961000,0,455.75000000,0.3270
1622523218191000,0,5124.51682471,0.3269
1622523347572000,1,17638.38468000,0.3265
1622523350510000,1,2257.91577000,0.3265
1622523350525000,1,0.00000119,0.3265
1622523536738000,1,0.00000820,0.3261
1622523545646000,1,4000.00000000,0.3257
1622523562430000,1,5372.57438671,0.3253
1622523653226000,1,455.75000000,0.3251
1622523741041000,0,455.75000000,0.3256
1622523820362000,0,595.19013738,0.3261
1622524208215000,0,7715.11416709,0.3276
1622524395287000,0,606.48212598,0.3281
1622524452874000,0,6235.35176000,0.3285
1622524453794000,0,3043.45444000,0.3287
1622524467126000,0,3040.06809753,0.3292
1622524467126000,0,522.56826610,0.3292
1622524472018000,0,951.80244371,0.3291
1622524529736000,1,455.75000000,0.3280
1622524536179000,0,287.80708805,0.3284
1622524542411000,0,303.60000000,0.3284
1622524542643000,0,150.69999999,0.3284
1622524596564000,0,1000.00000000,0.3283
1622524655712000,1,2501.97947000,0.3284
1622524813400000,1,0.00000437,0.3284
1622524891019000,0,303.27892624,0.3289
1622525026051000,0,301.74214580,0.3298
1622525042749000,0,3032.98676000,0.3299
1622525042898000,0,0.00000405,0.3299
1622525042898000,0,7582.33377595,0.3299
1622525050978000,0,389.00000000,0.3302
1622525050978000,0,384.00000000,0.3303
1622525050978000,0,228.68591063,0.3303
1622525150535000,1,661.34000000,0.3286
1622525152405000,1,781.17719000,0.3286
1622525193087000,1,0.00000311,0.3286
1622525238857000,0,151.80894259,0.3285
1622525308535000,0,3034.86900094,0.3290
1622525314320000,0,44978.73360151,0.3292
1622525314320000,0,3039.36586671,0.3292
1622525314320000,0,7598.65036965,0.3292
1622525314320000,0,6225.76909832,0.3292
1622525314320000,0,6647.00000000,0.3292
1622525314320000,0,23977.32243870,0.3293
1622525314320000,0,3367.96701931,0.3293
1622525385295000,0,6222.38126802,0.3294
1622525385295000,0,2866.29917842,0.3295
1622525532484000,0,3030.04593550,0.3302
1622525568292000,0,1550.79282736,0.3310
1622525618995000,1,3019.67000000,0.3309
1622525619009000,1,0.00013123,0.3309
1622525656374000,0,455.75000000,0.3307
1622525702776000,1,455.75000000,0.3303
1622525703481000,1,21849.73000000,0.3303
1622525703499000,1,0.00658632,0.3303
1622525743366000,0,455.75000000,0.3306
1622525759705000,0,150.00000000,0.3305
1622525759705000,0,135.87341313,0.3308
1622525816430000,0,402.58404438,0.3317
1622525896409000,1,455.75000000,0.3318
1622525966814000,0,149.80349884,0.3321
1622526120915000,0,149.44388759,0.3313
1622526122064000,0,455.75000000,0.3313
1622526148939000,1,134.54205778,0.3317
1622526439085000,0,3004.84180000,0.3330
1622526469908000,0,3000.00000000,0.3333
1622526480741000,0,317.43802015,0.3332
1622526618081000,0,6147.88389589,0.3334
1622526618081000,0,1000.00000000,0.3335
1622526618081000,0,1830.56737673,0.3335
1622526668287000,1,455.75000000,0.3327
1622526671242000,0,6156.61916980,0.3330
1622526671242000,0,7514.04862606,0.3330
1622526671242000,0,3005.64829844,0.3330
1622526671242000,0,7766.75759622,0.3330
1622526701985000,1,6029.36073286,0.3327
1622526768492000,0,400.00000000,0.3327
1622526768593000,0,3009.36514433,0.3326
1622526768593000,0,7123.35293339,0.3327
1622526768593000,0,3009.47989175,0.3327
1622526770551000,0,3009.36514433,0.3336
1622526770551000,0,3009.47988567,0.3336
1622526789071000,1,400.00000000,0.3332
1622526789118000,1,45433.03360150,0.3332
1622526789118000,1,3001.52477459,0.3330
1622526789118000,1,7504.48768363,0.3329
1622526789118000,1,19511.76105120,0.3329
1622526789150000,0,3000.00000000,0.3328
1622526789425000,1,3000.55210159,0.3328
1622526789425000,1,19503.86853771,0.3328
1622526789425000,1,7501.38025397,0.3328
1622526909876000,0,6155.05136000,0.3329
1622526960570000,1,1278.78836745,0.3329
1622527162023000,1,411.08177835,0.3333
1622527162028000,1,0.00000001,0.3333
1622527164057000,1,1699.86909658,0.3331
1622527164782000,1,34.69120605,0.3331
1622527243758000,1,75.00000000,0.3320
1622527243758000,1,140.45005708,0.3318
1622527283821000,0,555.00000000,0.3322
1622527456206000,0,2457.00000000,0.3334
1622527456206000,0,3000.39517305,0.3335
1622527456206000,0,3000.00000000,0.3335
1622527456206000,0,12292.62978839,0.3335
1622527456206000,0,7500.84548947,0.3335
1622527456206000,0,14865.62841273,0.3336
1622527545474000,0,2068.94764000,0.3330
1622527545474000,0,3004.04945867,0.3331
1622527545474000,0,2459.00000000,0.3331
1622527545474000,0,500.00000000,0.3331
1622527545474000,0,213.19309768,0.3331
1622527545474000,0,6106.29239878,0.3331
1622527589815000,0,250.74532345,0.3329
1622527627435000,0,6169.31420000,0.3322
1622527628176000,0,3011.27952195,0.3324
1622527681793000,0,455.75000000,0.3340
1622527921992000,1,455.75000000,0.3337
1622528023948000,0,3000.04800077,0.3335
1622528023948000,0,1317.34438447,0.3335
1622528141290000,0,299.30000000,0.3330
1622528141714000,0,299.30000000,0.3330
1622528141878000,0,299.30000000,0.3330
1622528142123000,0,299.30000000,0.3330
1622528142425000,0,299.30000000,0.3330
1622528143229000,0,299.30000000,0.3330
1622528143447000,0,299.30000000,0.3330
1622528143699000,0,299.30000000,0.3330
1622528144167000,0,299.30000000,0.3330
1622528144343000,0,299.30000000,0.3330
1622528144835000,0,299.30000000,0.3330
1622528145353000,0,299.30000000,0.3330
1622528145712000,0,299.30000000,0.3330
1622528146002000,0,299.30000000,0.3330
1622528146648000,0,299.30000000,0.3330
1622528146790000,0,299.30000000,0.3330
1622528147033000,0,299.30000000,0.3330
1622528147483000,0,299.30000000,0.3330
1622528148368000,1,7509.71223483,0.3324
1622528148368000,1,3005.02440080,0.3324
1622528148501000,1,3006.39761412,0.3325
1622528232326000,0,149.99684900,0.3317
1622528301686000,0,10287.61378000,0.3310
1622528301777000,0,8500.00000000,0.3310
1622528301901000,0,6142.26582000,0.3310
1622528304730000,1,65.00000000,0.3310
1622528326361000,1,3022.75530191,0.3305
1622528326361000,1,3023.61441809,0.3305
1622528326554000,1,0.00001060,0.3305
1622528374820000,0,455.75000000,0.3305
1622528400636000,0,6027.83533615,0.3308
1622528413991000,1,100.00000000,0.3300
1622528414087000,1,500.00000000,0.3297
1622528414174000,1,2230.42041876,0.3298
1622528414616000,1,799.18488426,0.3298
1622528637405000,1,56874.19000000,0.3300
1622528637412000,1,37247.62735818,0.3300
1622528638258000,1,37249.34102088,0.3300
1622528645017000,1,717.85832814,0.3300
1622528645871000,1,37256.02695352,0.3300
1622528646340000,1,239441.07000000,0.3300
1622528646403000,1,0.00755140,0.3300
1622528648911000,0,302.36623219,0.3299
1622528782621000,0,3036.98439000,0.3295
1622528928488000,1,4317.39238524,0.3301
1622529054165000,0,6233.86706000,0.3287
1622529102145000,1,23815.30973976,0.3271
1622529119175000,1,387.00000000,0.3268
1622529119175000,1,3000.00000000,0.3268
1622529119175000,1,5315.83612175,0.3268
1622529621802000,1,7644.32040559,0.3265
1622529621802000,1,3055.38922017,0.3265
1622529713874000,0,577.97227147,0.3271
1622529776085000,1,444.00000000,0.3259
1622529815974000,0,750.05222736,0.3266
1622529891461000,0,2502.00000000,0.3274
1622529952218000,1,7670.87217609,0.3257
1622529952218000,1,19945.31518926,0.3257
1622529962208000,0,305.39999999,0.3264
1622529981676000,0,4424.57729490,0.3258
1622529991935000,1,5124.51682471,0.3255
1622530080915000,1,7649.46624000,0.3266
1622530082099000,1,0.00000378,0.3266
1622530228235000,0,335.26124911,0.3265
1622530242688000,0,255.28643917,0.3265
1622530398627000,0,2495.00000000,0.3282
1622530398627000,0,6143.71726217,0.3283
1622530447688000,1,7612.19922160,0.3282
1622530447688000,1,3044.82591840,0.3282
1622530500989000,1,2227.72956133,0.3278
1622530529100000,0,26637.45345000,0.3286
1622530535580000,0,7000.00000000,0.3286
1622530535701000,0,5651.86288000,0.3286
1622530540669000,0,0.00000933,0.3286
1622530833240000,1,3036.67083703,0.3288
1622530833240000,1,3038.79322297,0.3288
1622530833281000,1,0.00001146,0.3288
1622530833412000,1,7593.79381000,0.3288
1622530870744000,0,160.21971745,0.3291
1622531151373000,1,455.75000000,0.3297
1622531250966000,0,455.75000000,0.3293
1622531250993000,0,7141.19167867,0.3293
1622531250993000,0,3038.83017194,0.3293
1622531254664000,0,3035.17770965,0.3297
1622531254664000,0,3000.48922525,0.3297
1622532594656000,0,6283.60879000,0.3259
1622532676228000,0,152.34946104,0.3266
1622532789967000,1,287.25534140,0.3249
1622533140415000,1,6291.25399339,0.3249
1622533140415000,1,3075.91985383,0.3249
1622533140415000,1,18840.72176628,0.3249
1622533733440000,0,1550.49892000,0.3262
1622533741376000,0,0.00000420,0.3262
1622533903686000,1,3057.33730000,0.3268
1622534014699000,0,152.54565524,0.3261
1622534461341000,1,6229.81519073,0.3278
1622534461341000,1,3781.71761477,0.3277
1622534619741000,1,455.75000000,0.3281
1622534691691000,0,83.66972477,0.3264
1622534732633000,1,3065.77309600,0.3260
1622534732633000,1,6270.26855453,0.3260
1622534732633000,1,215.15179298,0.3259
1622534800213000,1,5439.39727000,0.3256
1622534863377000,0,2512.00000000,0.3260
1622534863377000,0,3070.00287481,0.3260
1622534863377000,0,3070.93239649,0.3260
1622534863377000,0,6609.33559193,0.3260
1622535007796000,0,306.30000000,0.3256
1622535008887000,0,306.30000000,0.3257
1622535011659000,0,76.59999999,0.3257
1622535011826000,0,153.19999999,0.3258
1622535035845000,0,76.50000000,0.3259
1622535053256000,1,6297.82796536,0.3248
1622535053256000,1,2115.07517000,0.3248
1622535053256000,1,225.81412681,0.3247
1622535059253000,0,138.90000000,0.3250
1622535084544000,1,2227.72956134,0.3236
1622535113409000,1,814.95900000,0.3230
1622535113519000,1,476.37226934,0.3230
1622535119888000,0,198.70000000,0.3227
1622535127906000,1,62.13526599,0.3219
1622535133562000,0,168.43047098,0.3218
1622535143794000,1,3101.29448032,0.3221
1622535143794000,1,3540.78217894,0.3221
1622535154510000,0,455.75000000,0.3224
1622535192668000,0,3110.84565000,0.3217
1622535192840000,0,0.00000228,0.3217
1622535192840000,0,7775.13431772,0.3217
1622535238124000,1,3103.89352000,0.3219
1622535238580000,1,0.00000404,0.3219
1622535238580000,1,10499.99999596,0.3219
1622535238644000,1,3920.27312866,0.3219
1622535238665000,1,3920.27312866,0.3219
1622535238690000,1,1836.02074445,0.3219
1622535289339000,0,155.10000000,0.3215
1622535298113000,0,2500.00000000,0.3218
1622535298113000,0,6193.95049720,0.3218
1622535301427000,1,6371.47281739,0.3212
1622535301427000,1,2606.97845523,0.3211
1622535333724000,0,3111.15952075,0.3220
1622535333724000,0,3107.67470925,0.3220
1622535352513000,1,109.45597864,0.3211
1622535370564000,0,3110.12506000,0.3218
1622535370702000,0,0.00000877,0.3218
1622535370702000,0,7774.65072123,0.3218
1622535427996000,1,134.80192000,0.3208
1622535431286000,1,0.00000369,0.3208
1622535434384000,1,3110.71017000,0.3204
1622535435762000,1,0.00000513,0.3204
1622535436917000,0,309.60000000,0.3206
1622535437469000,0,309.60000000,0.3203
1622535437686000,1,62.46876562,0.3202
1622535438180000,1,5000.00000000,0.3200
1622535438180000,1,90.00000000,0.3200
1622535438230000,0,309.60000000,0.3204
1622535438239000,0,211.40000000,0.3204
1622535438472000,1,406.00000000,0.3196
1622535438472000,1,2628.86900094,0.3196
1622535440584000,1,403.00000000,0.3191
1622535440584000,1,409.00000000,0.3190
1622535440584000,1,3122.03406764,0.3189
1622535440584000,1,4759.91642956,0.3189
1622535442712000,1,400.00000000,0.3192
1622535463822000,0,3131.98824000,0.3198
1622535467927000,0,3128.81324000,0.3198
1622535480444000,1,500.00000000,0.3194
1622535480444000,1,3000.00000000,0.3194
1622535508270000,0,3133.73748000,0.3197
1622535508467000,0,0.00000686,0.3197
1622535508673000,0,800.60209000,0.3198
1622535720455000,0,215.96744420,0.3216
1622535740345000,1,38292.47545043,0.3211
1622535740732000,1,455.75000000,0.3211
1622535740798000,1,13827.22752832,0.3211
1622535740801000,1,4743.40992630,0.3211
1622535740848000,1,28520.37709495,0.3211
1622535793197000,0,455.75000000,0.3208
1622536197740000,0,3000.00000000,0.3199
1622536291832000,1,222.00000000,0.3190
1622536310020000,1,3138.51523000,0.3185
1622536338418000,0,3134.87485580,0.3193
1622536368064000,0,3132.31825048,0.3195
1622536522527000,0,3130.28235000,0.3196
1622536584448000,0,518.44517680,0.3201
1622536924359000,0,311.80000000,0.3207
1622536928410000,0,198.80000000,0.3210
1622537008877000,1,455.75000000,0.3194
1622537212620000,0,623.14847981,0.3194
1622537304232000,0,455.75000000,0.3186
1622537315264000,0,3136.01525358,0.3191
1622537315264000,0,6592.07752701,0.3191
1622537323691000,0,3135.91691075,0.3191
1622537375821000,0,591.92438711,0.3194
1622537462713000,0,77.73897700,0.3200
1622537664131000,0,310.41176103,0.3206
1622537788926000,1,397.89604222,0.3199
1622537821205000,0,6399.17442227,0.3200
1622537821205000,0,3127.26726877,0.3201
1622537821205000,0,3126.56328164,0.3201
1622537821205000,0,3099.28294582,0.3201
1622537849386000,0,1000.00000000,0.3195
1622538000368000,0,773.09898554,0.3203
1622538005995000,1,455.75000000,0.3196
1622538010034000,1,2544.25000000,0.3196
1622538080770000,0,455.75000000,0.3209
1622538132374000,0,263.31070073,0.3217
1622538196584000,0,8596.32827607,0.3216
1622538261292000,0,86.92635273,0.3219
1622538284660000,0,3106.97040608,0.3220
1622538285345000,0,310.39999999,0.3235
1622538305115000,1,11500.00000000,0.3226
1622538305324000,1,6816.47029000,0.3226
1622538393535000,0,3080.06323000,0.3223
1622538562688000,0,1542.44059360,0.3235
1622538562811000,0,523.55214700,0.3234
1622538722008000,0,769.66652227,0.3232
1622538912665000,0,3000.00000000,0.3221
1622539111643000,1,134.00243500,0.3212
1622539202843000,0,309.80000000,0.3221
1622539281099000,0,2634.57510000,0.3215
1622539361169000,0,153.17388735,0.3212
1622539419824000,0,155.52715256,0.3202
1622539440359000,0,2575.69796536,0.3203
1622539440359000,0,2576.99913468,0.3203
1622539440359000,0,1228.10577884,0.3203
1622539470381000,0,310.89999999,0.3197
1622539476879000,1,20346.49637078,0.3190
1622539476879000,1,7827.96022144,0.3190
1622539476879000,1,3131.22330632,0.3190
1622539492981000,0,312.10000000,0.3197
1622539493715000,0,312.10000000,0.3197
1622539502713000,0,312.10000000,0.3199
1622539509733000,0,312.10000000,0.3201
1622539510570000,0,312.10000000,0.3201
1622539510959000,0,312.10000000,0.3201
1622539511395000,0,312.10000000,0.3201
1622539513841000,0,7000.00000000,0.3201
1622539513932000,0,5000.00000000,0.3201
1622539514519000,0,312.10000000,0.3204
1622539540492000,1,3129.40071976,0.3194
1622539540492000,1,6598.69206083,0.3193
1622539545729000,1,1550.79282736,0.3192
1622539569337000,0,311.50000000,0.3199
1622539582505000,0,311.89999999,0.3196
1622539603615000,0,311.89999999,0.3190
1622539604111000,0,311.89999999,0.3190
1622539604539000,0,311.89999999,0.3190
1622539604866000,0,311.89999999,0.3190
1622539606332000,0,311.89999999,0.3191
1622539692755000,1,455.75000000,0.3187
1622539724952000,1,136.96444675,0.3188
