timestamp ms,type,amount,price
1626310481996000,1,0.00160000,26804.0000
1626310865683000,0,0.01250000,27000.3800
1626310866689000,0,0.01250000,27000.3800
1626310869103000,0,0.07622896,27000.3800
1626320704660000,1,0.01250000,26457.9800
1626320706190000,1,0.00104122,26414.5100
1626322323674000,1,0.00507634,26221.5300
1626322323741000,0,0.00534276,26221.5300
1626328048810000,1,0.01250000,26250.3500
1626328049816000,1,0.01250000,26250.3500
1626328053709000,1,0.01250000,26250.3500
1626328054926000,1,0.01250000,26250.3500
1626328058671000,1,0.01152800,26250.3500
1626328393694000,1,0.00107660,26129.7900
1626328489527000,1,0.03289207,26134.4700
1626329211369000,1,0.00099000,26100.0000
1626329261514000,1,0.00093000,26100.0000
1626330178561000,1,0.00503200,26100.0000
1626330250554000,1,0.00608000,26100.0000
1626330282992000,1,0.00318000,26100.0000
1626330311256000,1,0.01581400,26100.0000
1626330311412000,1,0.01797400,26100.0000
1626330491573000,1,0.02241770,26000.0000
1626330491692000,1,0.37758230,26000.0000
1626330491692000,1,0.00241770,26000.0000
1626330491940000,1,0.04758230,26000.0000
1626331807826000,1,0.00505678,26073.7200
1626331807826000,1,0.06177607,26067.8400
1626332559178000,1,0.05000000,25900.0000
1626333985860000,0,0.00077000,26043.3100
1626335748539000,0,0.01250000,26029.3500
1626335749593000,0,0.01250000,26029.3500
1626339375997000,0,0.00192742,26243.7700
1626342037519000,1,0.00515226,26310.6900
1626344777271000,1,0.00500000,25955.0000
1626345072598000,1,0.00500000,25850.0000
1626345157075000,1,0.01250000,25800.0000
1626345159326000,1,0.01250000,25800.0000
1626345160895000,1,0.02500000,25800.0000
1626346814426000,1,0.00490801,25726.6900
1626346814426000,1,0.10685345,25725.6300
1626346814965000,1,0.01250000,25729.3100
1626346871316000,0,0.00130800,25819.5700
1626348120994000,0,0.03655547,25766.1800
1626348120994000,0,0.02957625,25778.2200
1626348120995000,0,0.05247746,25778.2200
1626348131236000,0,0.00487330,25927.7200
1626348131236000,0,0.02750000,25940.6900
1626348131236000,0,0.00504629,25941.0800
1626350596482000,0,0.01250000,25860.3700
1626350618380000,0,0.01250000,25951.0900
1626350635860000,0,0.23838977,25951.0900
1626351749470000,1,0.01250000,25858.4300
1626355648375000,0,0.01250000,25897.7600
1626355653802000,0,0.01281996,25897.7600
1626356309465000,0,0.00511853,25922.8300
1626356309465000,0,0.00511963,25922.8400
1626356309465000,0,0.00502674,25928.4300
1626356309465000,0,0.00509680,25934.1000
1626356309465000,0,0.03858177,25935.7900
1626356309465000,0,0.01470932,25935.8000
1626356309465000,0,0.37000000,25941.4000
1626356309465000,0,0.00500000,25947.0700
1626356309465000,0,0.01471048,25947.0800
1626356309465000,0,0.11437266,25973.5400
1626356309465000,0,0.13574403,25973.5500
1626356310886000,0,0.01250000,25909.8700
1626356902691000,1,0.01250000,25861.1400
1626362240189000,0,0.00385202,25960.3700
1626362759333000,0,0.00978799,25981.4700
1626362759333000,0,0.00021201,25987.2300
1626364378223000,0,0.00744848,25871.8100
1626368510488000,0,0.00202576,25455.4400
1626368510686000,1,0.00160000,25394.4400
1626368656505000,1,0.00105624,25369.5200
1626370290798000,0,0.00496105,25589.9200
1626370518664000,0,0.00186299,25496.6000
1626370660668000,1,0.00512198,25364.4700
1626370660668000,1,0.41000000,25362.3200
1626370660668000,1,0.00480917,25355.4600
1626372270170000,1,0.00508531,25445.3100
1626372270170000,1,0.00487747,25442.7600
1626377397717000,0,0.02350152,25603.2800
1626377569354000,0,0.00513595,25562.1300
1626377569354000,0,0.39814436,25568.4500
1626379086700000,0,0.00195322,25598.7000
1626379758313000,0,0.00173153,25584.0200
1626380588760000,0,0.00195188,25616.2200
1626385045679000,0,0.00491816,25662.6600
1626385045679000,0,0.00502817,25665.9500
1626386680669000,1,0.00240000,25512.0000
1626392470947000,1,0.00200000,25312.0000
1626392937299000,1,0.01250000,25313.1000
1626395208845000,1,0.00485231,25273.8300
1626395208845000,1,0.00495933,25267.2800
1626395209819000,1,0.00498945,25273.8300
1626395209819000,1,0.00498388,25268.3500
1626396538186000,1,0.01000000,25100.0000
1626396992635000,0,0.02440000,25378.5100
1626413359821000,1,0.00495136,25378.7000
1626413359821000,1,0.00005642,25366.4000
1626417159639000,1,0.00105232,25170.6400
1626421444225000,1,0.01000000,25000.0000
1626421444225000,1,0.00250000,25000.0000
1626421451802000,1,0.00620496,25000.0000
1626424166593000,1,0.00606316,24888.0000
1626425047997000,0,0.01177283,24675.6600
1626425047997000,0,0.00488562,24676.9400
1626425269645000,1,0.02903000,24485.8400
1626425436728000,1,0.01250000,24544.4100
1626427285268000,1,0.00500000,24543.5800
1626427664508000,1,0.00294508,24480.5600
1626429536542000,0,0.00427502,24561.2600
1626431884615000,1,0.00501959,24321.2600
1626431884615000,1,0.00510300,24315.4500
1626431985844000,0,0.01044665,24356.9600
1626431985951000,1,0.01044665,24356.9600
1626431986610000,1,0.17910670,24356.9600
1626435399814000,0,0.00141541,24324.5900
1626442736305000,1,0.00502811,24911.2600
1626442736305000,1,0.00511573,24902.5500
1626442736305000,1,0.20000000,24901.8200
1626442736305000,1,0.39000000,24901.8100
1626442736305000,1,0.04013060,24896.3500
1626442736305000,1,0.02856000,24896.3400
1626442736305000,1,0.04464552,24889.0900
1626443131133000,1,0.00160000,24876.0000
1626445191876000,0,0.00506900,24902.5800
1626445191876000,0,0.15550821,24910.3800
1626449615139000,0,0.00503205,24751.9900
1626449615139000,0,0.00497244,24755.3400
1626449615139000,0,0.43000000,24764.3700
1626449615139000,0,0.00497500,24767.2700
1626449615139000,0,0.00500000,24784.1500
1626449615139000,0,0.04902858,24797.0700
1626449615139000,0,0.18816046,24797.0800
1626452618205000,0,0.00362380,24835.7600
1626459778391000,0,0.01031829,24643.6300
1626459778391000,0,0.01032345,24655.4500
1626459778391000,0,0.00435826,24661.8000
1626460200266000,1,0.02039195,24540.5700
1626461132706000,0,0.00509024,24571.0500
1626461132706000,0,0.01497857,24572.3600
1626462150000000,1,0.00362380,24435.4300
1626466107117000,1,0.00982775,24006.0000
1626466107117000,1,0.02100000,24000.0000
1626466107590000,1,0.00160000,23954.8500
1626466445759000,1,0.00353614,24078.6000
1626466716854000,1,0.00508057,24014.8500
1626466809308000,1,0.00427502,23923.5200
1626467466328000,1,0.01250000,23747.7600
1626467468569000,1,0.00205840,23705.6900
1626467564860000,0,0.00205840,23786.5700
1626468762621000,1,0.01268800,23550.7800
1626468763759000,1,0.01278292,23550.7800
1626468766604000,1,0.00510711,23550.7800
1626468767779000,1,0.01217469,23550.7800
1626470590480000,0,0.00430349,23701.6800
1626471256951000,0,0.00085000,23738.8200
1626471356222000,0,0.00497324,23745.0400
1626471356222000,0,0.01502944,23747.4000
1626471644950000,0,0.02073911,23820.3000
1626471838935000,0,0.00105099,23786.9100
1626475068391000,1,0.03423489,23500.0000
1626475556480000,0,0.00477064,23472.0900
