timestamp ms,type,amount,price
1621988429405000,0,0.03213528,38230.64
1621988429406000,0,0.03211100,38271.32
1621988509021000,1,0.04831390,37985.29
1621989264515000,1,0.00150183,37549.70
1621989264515000,1,0.02933861,37518.92
1621991684828000,0,0.01718000,38563.56
1621991684828000,0,0.09000000,38593.61
1621991684828000,0,0.03178983,38609.47
1621991684828000,0,0.02240000,38655.60
1621991684828000,0,0.00650000,38655.60
1621991684828000,0,0.01574493,38655.61
1621991684828000,0,0.02763782,38663.24
1621993626616000,0,0.00148574,39225.94
1621994161750000,1,0.00131983,39293.78
1621994318051000,1,0.18419305,39269.12
1621994465892000,0,0.00475016,39678.00
1621994929903000,0,0.02265016,40251.38
1621994988647000,0,0.16905331,40251.38
1621995070316000,0,0.00140472,40369.01
1621995098046000,0,0.03040306,40467.16
1621995098046000,0,0.01670000,40476.93
1621995098046000,0,0.03182905,40501.34
1621995098054000,0,0.07893211,40501.34
1621995108694000,0,0.07879029,40501.34
1621995108742000,0,0.07879029,40501.34
1621995112530000,0,0.01629000,40501.34
1621995129032000,0,0.10209736,40501.34
1621995155684000,0,0.03502023,40501.34
1621995155686000,0,0.07871800,40501.34
1621995155693000,0,0.00091047,40501.34
1621995155720000,0,0.07871800,40501.34
1621995155742000,0,0.04757924,40501.34
1621995156411000,0,0.20120225,40501.34
1621995156964000,0,0.20119515,40501.34
1621995172787000,0,0.11344645,40501.34
1621995646295000,0,0.05206451,41000.00
1621995646295000,0,0.00110000,41000.00
1621995646295000,0,0.03751875,41000.00
1621996274057000,0,0.00598975,40942.70
1621996274057000,0,0.00346053,40965.71
1621996377440000,0,0.00599692,41006.43
1621996377440000,0,0.00212282,41024.42
1621996489727000,1,0.01000000,40744.30
1621996691744000,1,0.03003233,40682.93
1621996691744000,1,0.03004562,40659.02
1621996691744000,1,0.04201941,40645.64
1621996972062000,0,0.00049356,40521.68
1621999434049000,0,0.03024702,40561.72
1621999434049000,0,0.02789522,40573.97
1621999709667000,0,0.00191253,40685.95
1621999788518000,1,0.01626000,40553.38
1621999788518000,1,0.03012269,40502.40
1621999789031000,1,0.01934986,40491.21
1622000149605000,1,0.00063000,40182.29
1622000197735000,1,0.00224775,40262.94
1622000377087000,0,0.01934964,40491.21
1622000493549000,0,0.01054000,40417.16
1622000844677000,0,0.00191253,40710.68
1622000888014000,1,0.01054508,40657.82
1622001489132000,0,0.01070575,40850.00
1622002153228000,1,0.01644000,40116.19
1622002153228000,1,0.02197195,40107.87
1622002203921000,1,0.01652000,39907.47
1622002203921000,1,0.03057451,39894.16
1622002203921000,1,0.07860693,39861.95
1622002329692000,1,0.14217937,40197.18
1622003056027000,0,0.00116899,40622.45
1622005015520000,1,0.01597644,40500.87
1622006426320000,0,0.00233743,40424.66
1622007279942000,0,0.01624491,40619.50
1622007282453000,0,0.00604082,40608.50
1622007424482000,0,0.00064490,40600.00
1622007906419000,0,0.00079201,40542.36
1622008576886000,1,0.01312981,40201.00
1622009700728000,1,0.03029034,40408.99
1622009700728000,1,0.03163595,40388.31
1622009741148000,1,0.00522259,40435.20
1622009865541000,1,0.01626000,40578.16
1622009865541000,1,0.04543496,40571.57
1622010072533000,1,0.06145264,40756.67
1622010338435000,1,0.01597644,40783.15
1622011193091000,0,0.01600000,41772.89
1622011194178000,1,0.00813072,41772.89
1622011262572000,0,0.01600000,41786.18
1622011262832000,1,0.01169193,41786.18
1622011314068000,0,0.01600000,41700.94
1622011314068000,0,0.00294974,41709.08
1622011314068000,0,0.00294821,41740.59
1622011314068000,0,0.00491590,41785.50
1622011314068000,0,0.00589642,41837.71
1622011314068000,0,0.00589604,41840.08
1622011314068000,0,0.02240000,41929.81
1622011314068000,0,0.00050000,42000.00
1622011314068000,0,0.00047700,42000.00
1622011314068000,0,0.02500000,42330.00
1622011314068000,0,0.01181660,42373.88
1622011340344000,0,0.00059956,41696.80
1622011372938000,0,0.01590000,41698.48
1622011372938000,0,0.02104879,41700.93
1622011508837000,0,0.00240206,41630.87
1622012312904000,1,0.00065000,41296.58
1622012493888000,1,0.01594000,41399.90
1622012731284000,1,0.00140735,41403.01
1622012731284000,1,0.02955589,41396.52
1622012731284000,1,0.02957521,41364.65
1622012731284000,1,0.00650000,41333.63
1622012731284000,1,0.00624103,41331.30
1622013127489000,1,0.01594000,41437.28
1622013127489000,1,0.02954881,41436.88
1622013127489000,1,0.05451119,41405.09
1622013161243000,1,0.00061012,41470.02
1622013402584000,0,0.01590000,41993.09
1622013402584000,0,0.00119508,42000.00
1622013402584000,0,0.00585270,42013.75
1622013402584000,0,0.00086166,42038.05
1622013493012000,0,0.00381970,41821.71
1622013994281000,0,0.01584000,41845.50
1622013994281000,0,0.10379728,41848.86
1622014106296000,1,0.01586000,41627.92
1622014216258000,0,0.00163215,41555.00
1622014674524000,1,0.02936497,41665.52
1622014674524000,1,0.02937347,41634.79
1622014848904000,1,0.00519385,41612.65
1622015126963000,0,0.00760054,41800.74
1622015300577000,0,0.00241079,41484.30
1622015329732000,1,0.00662439,41105.87
1622015538226000,1,0.01378344,41421.45
1622015587327000,1,0.00200751,41372.74
1622015994173000,0,0.00166656,41692.28
1622016205612000,0,0.00855595,42029.22
1622016219670000,0,0.01579000,42016.81
1622016221038000,0,0.07897680,42119.34
1622016492488000,1,0.19854554,41314.35
1622016493002000,1,0.19865291,41314.35
1622016494090000,1,0.03067178,41314.35
1622016496678000,1,0.19913866,41314.35
1622016497049000,1,0.11685810,41314.35
1622016497289000,1,0.00628000,41314.35
1622016497645000,1,0.08357184,41314.35
1622016501914000,1,0.01579000,41314.35
1622016502116000,1,0.01577000,41314.35
1622016502357000,1,0.00760792,41314.35
1622016502484000,1,0.02947658,41314.35
1622016502485000,1,0.09768100,41314.35
1622016502654000,1,0.11275219,41314.35
1622016502801000,1,0.01878478,41314.35
1622016507667000,1,0.01350063,41314.35
1622016512156000,1,0.00874500,41314.35
1622016512157000,1,0.00875000,41314.35
1622016512752000,1,0.00688743,41314.35
1622016513012000,1,0.00895832,41314.35
1622016513012000,1,0.00896412,41314.35
1622016513514000,1,0.01506500,41314.35
1622016514929000,1,0.03688730,41314.35
1622016514934000,1,0.00000001,41314.35
1622016515090000,1,0.00200800,41200.00
1622016646717000,0,0.01506500,41039.82
1622016733734000,1,0.01619000,40761.34
1622016740789000,1,0.00200800,40656.76
1622016921681000,1,0.01628000,40528.12
1622016921681000,1,0.08251991,40467.62
1622017132861000,1,0.01634000,40393.27
1622017132861000,1,0.03029192,40389.24
1622017138518000,0,0.00124851,40512.14
1622017596689000,0,0.00513913,40874.56
1622017698807000,0,0.00140735,40909.22
1622017881443000,0,0.00084272,41449.73
1622017882687000,0,0.00055604,41363.65
1622017895769000,1,0.00513913,40980.15
1622018427558000,0,0.00597127,41204.01
1622018427558000,0,0.01610000,41204.02
1622018427558000,0,0.00219723,41222.30
1622018599812000,1,0.01616000,40854.69
1622018599812000,1,0.02998074,40829.98
1622018599812000,1,0.00650000,40798.37
1622018599812000,1,0.00767699,40798.36
1622018599815000,1,0.02232734,40798.36
1622018628902000,1,0.02231739,40758.84
1622018806915000,1,0.03015161,40601.87
1622018807027000,0,0.03015161,40600.00
1622018807041000,0,0.12405038,40600.00
1622018994469000,0,0.02743716,40450.00
1622019099872000,0,0.01618000,40821.61
1622019099872000,0,0.03012316,40825.98
1622019099872000,0,0.00188332,40836.82
1622019304294000,0,0.06512287,40600.00
1622019396006000,0,0.00099011,40399.53
1622019595831000,0,0.00253521,40627.68
1622019702070000,0,0.00244968,40821.61
1622020041653000,0,0.00400000,40898.88
1622020122631000,0,0.00244622,40879.25
1622020504941000,1,0.19741488,40724.36
1622020687010000,1,0.20078599,40800.00
1622020687309000,0,0.00084498,40885.98
1622020687547000,1,0.14755837,40800.00
1622020970638000,1,0.00736828,40713.70
1622021054351000,1,0.00176661,40551.32
1622021970165000,0,0.00121451,40617.61
1622022421423000,0,0.00268338,40657.58
1622022721496000,0,0.03005004,40877.91
1622022725078000,0,0.01635000,40896.84
1622022725078000,0,0.03004313,40897.48
1622023507351000,1,0.01000000,40675.70
1622023928486000,1,0.01642000,40204.04
1622023928671000,0,0.00831100,40204.04
1622023948329000,1,0.02484555,40192.79
1622023976808000,1,0.02495916,40005.48
1622023977443000,1,0.00435375,40005.48
1622024556223000,1,0.00070914,40153.69
1622024642591000,0,0.00249512,40078.21
1622025057874000,0,0.01497355,39922.39
1622026983285000,1,0.06252425,39939.50
1622026985030000,1,0.16259063,39906.44
1622027016271000,0,0.00123414,39896.67
1622027134290000,1,0.03051915,40113.42
1622027134290000,1,0.02489887,40086.03
1622027134290000,1,0.03055461,40079.19
1622027134290000,1,0.09000000,40050.74
1622027134290000,1,0.06225708,40050.73
1622027134290000,1,0.05085988,40050.72
1622027134290000,1,0.16200489,39990.25
1622027134290000,1,0.05092435,39990.24
1622027134290000,1,0.05093094,39986.34
1622027134290000,1,0.00650000,39969.12
1622027134290000,1,0.11644205,39969.11
1622027134290000,1,0.09480363,39788.69
1622027271281000,1,0.00315469,39788.69
1622027496693000,1,0.00156499,39993.79
1622027576898000,1,0.00567960,39848.06
1622027669199000,0,0.01269630,40019.53
1622027855874000,1,0.03056112,40096.77
1622028452290000,0,0.03907471,40100.00
1622028675425000,1,0.01122799,40000.00
1622028677242000,1,0.00000001,40000.00
1622029745893000,1,0.01497355,40100.87
1622030653972000,0,0.00601632,40636.90
1622030811734000,0,0.01269630,40978.68
1622030812256000,0,0.00271654,41114.69
1622030823026000,0,0.00194599,41110.17
1622031163924000,0,0.00242368,41259.54
1622031503849000,1,0.00198824,41287.77
1622031625110000,0,0.00068970,41293.25
1622032130252000,0,0.00084752,41456.91
1622032605427000,1,0.00085411,40964.43
1622033733349000,0,0.00220158,41322.44
1622033827508000,1,0.00220158,41169.97
1622034059237000,0,0.00115089,41272.35
1622034236598000,1,0.02468928,40427.71
1622034414531000,1,0.00940524,40150.00
1622034416429000,1,0.00742690,40150.00
1622034443836000,1,0.00198824,40150.00
1622034610075000,0,0.02317180,40393.81
1622034650452000,0,0.01882038,40285.00
1622034845986000,0,0.00248099,40306.42
1622034986969000,1,0.00999999,40083.25
1622034987063000,1,0.00000001,40083.25
1622034987063000,1,0.00050000,40000.00
1622034987063000,1,0.00100000,40000.00
1622034987063000,1,0.00631234,39907.48
1622035194740000,1,0.00225174,39696.41
1622035243120000,1,0.00161449,39665.77
1622035247656000,1,0.01632470,39637.43
1622035482759000,0,0.00050133,39893.51
1622035488290000,1,0.00098293,39657.36
1622035594943000,0,0.05258849,40039.75
1622035600238000,0,0.03242000,40016.15
1622035618886000,1,0.00637018,39969.03
1622036161943000,0,0.01148860,40024.01
1622036823481000,0,0.00716068,39281.89
1622037112706000,1,0.03133176,39095.95
1622037455668000,1,0.03177843,38545.09
1622037455748000,1,0.00271654,38516.60
1622037607188000,1,0.02586392,38549.39
1622037609372000,1,0.03200000,38500.00
1622037680678000,0,0.01952293,38758.63
1622037680690000,0,0.00287707,38758.63
1622037685954000,0,0.06790269,38779.23
1622037755267000,1,0.02769193,38858.44
1622038743262000,0,0.01327963,39178.02
1622039520551000,1,0.00124851,39026.61
1622040569642000,0,0.00930245,39636.13
1622040569642000,0,0.00650000,39658.95
1622040569642000,0,0.00930156,39658.96
1622040569642000,0,0.02531169,39689.70
1622040836050000,1,0.02708761,39725.54
1622041254429000,0,0.00320675,39697.41
1622041565740000,1,0.10000000,39400.00
1622041649333000,1,0.01327963,39190.00
1622041786460000,0,0.00116899,39379.40
1622041887843000,0,0.01327963,39550.00
1622042705971000,1,0.01706000,38798.39
1622042705971000,1,0.00735208,38788.31
1622042826941000,1,0.00201000,38709.65
1622043476405000,1,0.00320675,39545.37
1622044247884000,1,0.00388666,39425.79
1622044430648000,1,0.03128468,39256.09
1622044560529000,1,0.00989083,38959.28
1622044594604000,1,0.00831718,38879.07
1622044594604000,1,0.00871282,38879.07
1622044693361000,1,0.01701000,38911.36
1622044693361000,1,0.03153491,38911.35
1622044693361000,1,0.03260756,38883.80
1622044693364000,1,0.08115247,38883.80
1622044693365000,1,0.08115247,38883.80
1622044722933000,1,0.00360541,38735.83
1622044723114000,1,0.00360541,38735.83
1622044723119000,1,0.00360541,38735.83
1622044723145000,1,0.00272259,38735.83
1622044800921000,1,0.00259409,38549.21
1622044800921000,1,0.01631189,38549.21
1622044838490000,0,0.01890575,38549.21
1622044877171000,0,0.00128845,38806.03
1622044879292000,0,0.00130564,38806.03
1622045375929000,1,0.06374662,39188.49
1622045427114000,1,0.00360124,39219.74
1622046696909000,1,0.16530481,39266.89
1622047301635000,1,0.21234236,38700.00
1622047329711000,1,0.21246644,38700.00
1622047330257000,1,0.12425140,38700.00
1622047677198000,0,0.01721998,38664.89
1622047677198000,0,0.19482577,38664.90
1622047679976000,0,0.01179139,38664.90
1622048753925000,1,0.00053000,38000.00
1622048907358000,1,0.00562412,37844.13
1622048907358000,1,0.03242666,37844.12
1622048907358000,1,0.01563172,37810.18
1622050288570000,1,0.00493462,38638.86
1622050674471000,1,0.01370000,39000.00
1622050744868000,0,0.02210000,39057.24
1622050745049000,1,0.07790000,39057.25
1622051501081000,1,0.01500000,38530.99
1622052011733000,0,0.00100000,39282.08
1622052772069000,0,0.21158934,38750.00
1622052772554000,0,0.21158551,38750.00
1622052773146000,0,0.12588535,38750.00
1622053006832000,0,0.00486367,39065.10
1622054770047000,0,0.00055000,39038.03
1622056263597000,1,0.00146000,38874.37
1622056265420000,0,0.01054000,38999.66
1622056265420000,0,0.00212902,39025.75
1622057229856000,1,0.00262430,38219.69
1622057452256000,1,0.00303957,38432.49
1622057830320000,0,0.10223843,38699.17
1622058428498000,0,0.00256915,38923.29
1622058438245000,0,0.01712000,38920.51
1622058438245000,0,0.00658935,38923.27
1622058438245000,0,0.00198337,38924.39
1622058765176000,1,0.00268338,38853.50
1622058895321000,0,0.01535371,39200.94
1622059749803000,0,0.00051130,39115.23
1622060954970000,1,0.03119448,39373.23
1622060955071000,0,0.03119448,39352.86
1622060955095000,0,0.03548848,39352.86
1622060955234000,0,0.04500000,39352.86
1622060955246000,0,0.20795033,39352.86
1622060955285000,0,0.03548848,39352.86
1622060955698000,0,0.00358860,39352.86
1622060955834000,0,0.20795897,39352.86
1622060956045000,0,0.00359313,39352.86
1622060956353000,0,0.05183478,39352.86
1622061366149000,0,0.00729984,39863.59
1622062410496000,0,0.10000000,39882.00
1622062844764000,0,0.00050000,40000.00
1622063235421000,0,0.00089850,40111.11
1622063240948000,0,0.06181135,40111.11
1622063316468000,0,0.00280237,40380.06
1622063338146000,0,0.00656684,40366.43
1622063381397000,0,0.02478772,40439.39
1622063381397000,0,0.02477951,40439.40
1622063381397000,0,0.00321892,40439.40
1622063501482000,0,0.00321045,40439.39
1622063637977000,0,0.02650183,40341.35
1622063811778000,0,0.00248827,40188.54
1622064483229000,0,0.03073402,40121.19
1622064483229000,0,0.03073402,40146.06
1622064483229000,0,0.01155924,40173.34
1622064483229000,0,0.02491054,40173.35
1622064483229000,0,0.06226025,40179.46
1622064483229000,0,0.05121191,40179.47
1622064483229000,0,0.07308062,40219.29
1622064948271000,1,0.01659000,39966.89
1622065015096000,1,0.01664000,39838.31
1622065015096000,1,0.03083563,39835.37
1622065015096000,1,0.01375647,39809.61
1622065718427000,0,0.01090000,40015.47
1622066182167000,0,0.02091446,40267.35
1622066187954000,0,0.00073508,40267.35
1622066895665000,1,0.00656684,39946.62
1622067524001000,0,0.01506234,40323.07
1622067751456000,1,0.01713000,40184.29
1622067751456000,1,0.03054601,40172.61
1622067751456000,1,0.20000000,40141.01
1622067751456000,1,0.06214980,40141.00
1622067751456000,1,0.09017419,40140.99
1622073788162000,1,0.00092964,40844.44
1622074285696000,0,0.01586085,40594.09
1622075329934000,1,0.00195536,39777.70
1622075687933000,1,0.00146928,39190.63
1622078120227000,1,0.03147445,39022.43
1622078120227000,1,0.34844733,38998.75
1622078120227000,1,0.02560043,38998.74
1622078120227000,1,0.02561707,38998.74
1622078120227000,1,0.03149160,38998.73
1622078120227000,1,0.02560485,38961.06
1622078120227000,1,0.11738203,38961.05
1622078120227000,1,0.06295797,38920.41
1622078120227000,1,0.06304105,38859.24
1622078120227000,1,0.06304732,38855.38
1622078120227000,1,0.02210000,38708.30
1622078120227000,1,0.01000000,38708.29
1622078120227000,1,0.03712050,38566.34
1622080383292000,1,0.00100000,38000.00
1622080383292000,1,0.10000000,38000.00
1622080383292000,1,0.05000000,38000.00
1622080383997000,1,0.01506234,37838.00
1622080399437000,1,0.06785747,37838.00
1622080415290000,1,0.00384023,37777.00
1622080463234000,1,0.00192581,37618.47
1622080619188000,1,0.00958682,37518.92
1622080991511000,0,0.00146928,38124.78
1622080992539000,0,0.06564194,38137.86
1622080992539000,0,0.06564376,38137.87
1622081632509000,0,0.02210000,38660.74
1622081858439000,0,0.00670000,38585.63
1622082692852000,0,0.00670000,38240.39
1622082692852000,0,0.06551901,38240.39
1622082692852000,0,0.02210000,38240.39
1622082692852000,0,0.03231994,38240.40
1622082692852000,0,0.10758816,38256.77
1622082692852000,0,0.01813000,38303.24
1622082692852000,0,0.05384678,38357.37
1622082692852000,0,0.05382437,38368.85
1622082692852000,0,0.03997174,38490.18
1622083503982000,1,0.06559679,38083.25
1622084587035000,1,0.01822000,37815.68
1622084941035000,1,0.00197356,37343.63
1622084942855000,1,0.01118293,37277.77
1622085539216000,1,0.00119508,37000.00
1622085539216000,1,0.00150000,37000.00
1622085541653000,1,0.00151592,36954.30
1622085584238000,0,0.06730224,37226.77
1622086382206000,1,0.01824000,37772.33
1622086382206000,1,0.02994648,37770.95
1622086398718000,0,0.01915649,37994.96
1622086398718000,0,0.02633512,37994.97
1622086398718000,0,0.01841000,37994.98
1622086398718000,0,0.03575811,38009.93
1622087016689000,0,0.03962940,37783.86
1622087272684000,0,0.01095000,37649.12
1622087381859000,0,0.01095000,37977.80
1622087583720000,1,0.00100000,37500.00
1622087812905000,0,0.03331888,37885.42
1622087869462000,0,0.03261809,37842.95
1622087869462000,0,0.00726313,37864.52
1622087869462000,0,0.06014996,37864.53
1622088061216000,0,0.00303657,37706.98
1622088121516000,0,0.00937642,37828.17
1622088121516000,0,0.02210000,37828.18
1622088121516000,0,0.02076855,37828.18
1622089382326000,0,0.00131686,37968.99
1622089968615000,0,0.00052705,37946.45
1622090283548000,0,0.01331360,37555.58
1622091109511000,1,0.01046532,37747.27
1622091735617000,1,0.00405346,37779.39
1622091908816000,0,0.00262312,38118.71
1622092288801000,0,0.00694267,37783.70
1622093411596000,0,0.00122891,37659.22
1622094590269000,0,0.00151592,38467.73
1622094590269000,0,0.00869818,38524.84
1622094603250000,1,0.01021410,38308.99
1622094660535000,1,0.00694267,38333.75
1622094747313000,0,0.00518750,38554.17
1622094878146000,1,0.00131686,38426.62
1622095035945000,0,0.00266593,38514.65
1622095192557000,0,0.01095000,38666.52
1622095201472000,0,0.01095000,38683.73
1622095201472000,0,0.02586309,38694.83
1622095201472000,0,0.03191020,38697.99
1622095201472000,0,0.04808222,38723.35
1622095205330000,1,0.02138213,38499.23
1622095571355000,0,0.02591669,38585.16
1622096122445000,1,0.01671282,38292.38
1622096457003000,0,0.00389125,38547.99
1622098736651000,0,0.01128087,38895.76
1622098948513000,0,0.00392596,38716.55
1622101182609000,1,0.01789000,38526.53
1622101182609000,1,0.03187897,38523.46
1622101182609000,1,0.00145639,38492.89
1622101823567000,1,0.01000000,38627.16
1622102614468000,1,0.00400000,38000.00
1622102682006000,1,0.01128087,37692.46
1622104893020000,1,0.02565576,38940.45
1622104893020000,1,0.00084607,38920.39
1622105054464000,1,0.02500000,39000.00
1622105157882000,0,0.00128224,38994.22
1622105423103000,1,0.03146427,39020.17
1622105432099000,1,0.03145986,39047.10
1622105928337000,0,0.01779000,38854.90
1622105928337000,0,0.03174897,38856.11
1622105928337000,0,0.02574104,38878.32
1622105928337000,0,0.03173173,38878.33
1622105928441000,1,0.02098104,38887.66
1622106782034000,0,0.00168000,39095.75
1622107839457000,1,0.00069876,39214.41
1622109094715000,1,0.00128224,39262.64
1622109256942000,0,0.02500000,39300.00
1622111438802000,0,0.01561442,39470.80
1622111438802000,0,0.01053098,39470.81
1622113663536000,1,0.00197356,39203.99
1622114047529000,1,0.00484790,39282.97
1622115139898000,1,0.00122891,39281.04
1622115619473000,1,0.00073508,39187.33
1622116046338000,1,0.01993973,39283.75
1622116050322000,1,0.01154329,39313.69
1622116054311000,1,0.01120236,39283.75
1622116165953000,1,0.00351275,39359.40
1622116392681000,1,0.01246882,39244.74
1622116531350000,1,0.00269672,39397.08
1622117291722000,1,0.00734963,39566.58
1622117336446000,0,0.01747000,39474.30
1622117336446000,0,0.02533941,39481.94
1622117336446000,0,0.06334836,39490.58
1622117336446000,0,0.00131408,39490.59
1622117820550000,1,0.00945028,39190.30
1622119290823000,1,0.00142946,39000.30
1622119415013000,1,0.00771346,38905.98
1622120710360000,0,0.01095000,38706.91
1622120721832000,0,0.08291981,38711.55
1622121446409000,0,0.02566735,38976.92
1622121483764000,0,0.00051615,39083.84
1622121628430000,0,0.19825196,39147.29
1622121877707000,0,0.00273403,39567.05
1622121877707000,0,0.03119146,39599.22
1622121877707000,0,0.04916950,39643.28
1622121877709000,0,0.01324685,39643.28
1622121877709000,0,0.06237719,39687.01
1622121904208000,0,0.02691788,39734.94
1622122036592000,0,0.01755000,39996.20
1622122036592000,0,0.00168000,39998.00
1622122036592000,0,0.02000000,40000.00
1622122036592000,0,0.04366571,40053.51
1622122037113000,0,0.00051615,40144.85
1622122108509000,0,0.00621628,40218.55
1622122206571000,1,0.03065849,40073.16
1622123631273000,0,0.00245800,39684.23
1622123707467000,1,0.03447000,39646.35
1622124403083000,0,0.01739000,39877.55
1622124403083000,0,0.03088304,39881.11
1622124403083000,0,0.02507236,39903.08
1622124403083000,0,0.01324797,39903.08
1622124592030000,1,0.00505264,39826.66
1622125381764000,0,0.00075326,39803.49
1622125476056000,0,0.00930493,39805.78
1622125985819000,1,0.00075326,39614.25
1622126004445000,1,0.01735000,39661.44
1622126004445000,1,0.03094632,39660.14
1622126004445000,1,0.08505374,39635.14
1622126149660000,0,0.00075640,39810.30
1622126418714000,1,0.00344263,39722.59
1622127038379000,0,0.01735000,39702.71
1622127038379000,0,0.03103643,39735.97
1622127038379000,0,0.02710009,39774.60
1622127816767000,1,0.03103820,39563.83
1622127816767000,1,0.03101804,39546.93
1622127816767000,1,0.01343028,39521.22
1622128263225000,0,0.01095000,39472.54
1622128676278000,1,0.01758000,39166.24
1622128676278000,1,0.01955593,39163.51
1622129005351000,1,0.02570270,38884.70
1622129323504000,0,0.00665827,39083.72
1622129704623000,1,0.00665827,39150.43
1622130066242000,1,0.00075640,39058.21
1622130514924000,0,0.00126094,39480.28
1622130718440000,0,0.00661369,39413.65
1622132526734000,1,0.00303657,38886.24
1622133537930000,0,0.00125258,38839.80
1622134027631000,1,0.01772000,38882.76
1622134027631000,1,0.03163111,38882.20
1622134027631000,1,0.03165126,38860.68
1622134027758000,0,0.01865735,38860.68
1622134401913000,1,0.06800285,38860.68
1622136296657000,0,0.00494787,39010.69
1622136304781000,0,0.00128209,38998.65
1622137309709000,1,0.01520000,39000.00
1622137769580000,1,0.00494787,38922.12
1622141179169000,0,0.00300000,38965.95
1622142168529000,1,0.00797315,38669.35
1622142196771000,0,0.01094999,38634.98
1622142196771000,0,0.00000001,38634.98
1622142211302000,0,0.01095000,38714.26
1622142222941000,1,0.00661369,38539.91
1622142462230000,1,0.00930493,38729.42
1622143150221000,1,0.01550126,38706.55
1622143150232000,1,0.00228874,38706.55
1622143298009000,1,0.01786000,38566.80
1622143298009000,1,0.03187193,38562.69
1622143298009000,1,0.02593350,38541.59
1622143298009000,1,0.00650000,38541.56
1622143298009000,1,0.02593095,38535.10
1622143298009000,1,0.02687106,38535.09
1622143879459000,1,0.00125258,38271.45
1622143879622000,1,0.02219921,38271.45
1622143926395000,1,0.00128209,38350.58
1622143936981000,0,0.06507746,38481.40
1622143936981000,0,0.14794413,38481.40
1622143937476000,0,0.02110557,38481.40
1622144003542000,0,0.00117119,38550.21
1622144019914000,0,0.00129778,38527.09
1622144543814000,1,0.00117119,38418.30
1622144741473000,1,0.08659337,38369.22
1622146212911000,1,0.00084272,38361.85
1622146275361000,0,0.00057827,38562.75
1622148209367000,0,0.00089400,38449.01
1622148613239000,1,0.00500000,38053.41
1622148631842000,1,0.00170700,38000.92
1622148632715000,1,0.00100000,38000.00
1622149549312000,1,0.00117438,37709.00
1622149549312000,1,0.00131389,37692.46
1622149610254000,0,0.01095000,37866.07
1622149610254000,0,0.03254684,37896.10
1622149610254000,0,0.00604078,37923.38
1622149610254000,0,0.16741774,37923.39
1622149610254000,0,0.03254684,37923.40
1622149610254000,0,0.02637329,37939.53
1622149610254000,0,0.11981809,37939.54
1622149610254000,0,0.05424473,37949.52
1622149610254000,0,0.02638141,37974.56
1622149610254000,0,0.05424473,37974.58
1622149610254000,0,0.17126638,37980.46
1622149610254000,0,0.05127957,37980.47
1622149865950000,1,0.00226454,37692.46
1622149977382000,1,0.02387886,37684.12
1622150200350000,0,0.03700000,37810.00
1622150314945000,0,0.01827000,38134.05
1622150314945000,0,0.00196640,38139.31
1622150314945000,0,0.02627764,38139.32
1622150314945000,0,0.03765228,38139.32
1622150653590000,0,0.05227868,38134.05
1622151458010000,0,0.00479111,38723.73
1622152654303000,1,0.00129778,38808.48
1622152670253000,0,0.00117438,38905.00
1622152670253000,0,0.00011058,38981.89
1622153555172000,1,0.03183510,38619.50
1622153555172000,1,0.02589211,38604.95
1622153555172000,1,0.02643911,38603.53
1622154095662000,0,0.03185180,38716.79
1622154095662000,0,0.03183549,38741.65
1622154095662000,0,0.02581906,38792.08
1622154095662000,0,0.01833302,38792.08
1622154602057000,0,0.02565281,39002.73
1622154603711000,0,0.06410253,39022.78
1622155003156000,1,0.00282827,38600.00
1622158660088000,1,0.01803000,38202.66
1622158660088000,1,0.03217502,38195.32
1622158660088000,1,0.06542160,38178.85
1622158660088000,1,0.02616864,38170.50
1622158660088000,1,0.03219949,38170.49
1622158660088000,1,0.05200000,38158.35
1622158660088000,1,0.17008289,38158.34
