timestamp ms,type,amount,price
1623033413508000,0,958.44908104,0.8600
1623033494193000,0,30.60975609,0.8610
1623034022705000,0,96.16830000,0.8640
1623034022776000,0,0.00000818,0.8640
1623036711342000,0,100.00000000,0.8597
1623038556672000,1,434.40015891,0.8619
1623038640734000,0,100.00000000,0.8631
1623038640734000,0,73.75429901,0.8636
1623039403546000,1,100.00000000,0.8574
1623042121793000,0,2000.00000000,0.8570
1623042736888000,0,100.00000000,0.8555
1623042854407000,0,100.00000000,0.8568
1623042968168000,0,100.00000000,0.8576
1623043054643000,0,100.00000000,0.8583
1623043192496000,0,100.00000000,0.8584
1623043356302000,0,100.00000000,0.8583
1623043635206000,0,100.00000000,0.8587
1623043898024000,1,100.00000000,0.8563
1623043900338000,1,100.00000000,0.8563
1623044092059000,0,80.76180544,0.8551
1623044092059000,0,1444.33754049,0.8560
1623044092059000,0,811.17870980,0.8563
1623044472365000,0,283.99998833,0.8570
1623044795789000,0,100.00000000,0.8591
1623046659243000,1,1422.49441190,0.8671
1623046659243000,1,1422.92860834,0.8668
1623046659243000,1,2418.67338566,0.8668
1623047227970000,1,388.00000000,0.8641
1623047228061000,0,400.00000000,0.8640
1623047228134000,0,386.00000000,0.8640
1623047229124000,0,400.00000000,0.8640
1623047231500000,0,400.00000000,0.8640
1623047236676000,0,196.85494672,0.8640
1623047236806000,0,3829.14505328,0.8640
1623047662624000,0,394.00000000,0.8680
1623047662624000,0,59.00965259,0.8682
1623048437723000,1,392.00000000,0.8628
1623048437723000,1,8.00000000,0.8628
1623050120816000,1,148.23141341,0.8632
1623050938269000,0,80.38080637,0.8651
1623051061639000,0,115.08936689,0.8689
1623051087490000,0,115.17420097,0.8682
1623051560883000,1,400.00000000,0.8665
1623051651733000,1,395.99997692,0.8665
1623051673328000,0,100.00000000,0.8669
1623051673328000,0,300.00000000,0.8671
1623051724556000,1,2193.19804734,0.8665
1623052035296000,1,0.00002307,0.8665
1623052724430000,0,350.08958720,0.8664
1623052797011000,0,400.00000000,0.8700
1623052797914000,0,2589.19802426,0.8700
1623052797914000,0,100.00000000,0.8700
1623052988281000,0,40.00000000,0.8764
1623053740654000,0,396.00000000,0.8659
1623053740654000,0,413.00000000,0.8661
1623053740654000,0,1426.85699282,0.8662
1623053740654000,0,394.00000000,0.8664
1623053740654000,0,214.18701126,0.8664
1623054833579000,1,28.00000000,0.8711
1623055184458000,1,48.00000000,0.8720
1623056531322000,0,136.74474391,0.8671
1623057255695000,0,844.91947896,0.8706
1623058596519000,0,29.88095238,0.8820
1623058596519000,0,1402.06924326,0.8823
1623058596519000,0,1401.58807400,0.8826
1623058596519000,0,193.77906508,0.8828
1623058596519000,0,3562.94465605,0.8829
1623058623979000,0,45.30780993,0.8830
1623059343982000,0,118.79037458,0.8839
1623059386155000,0,129.58631366,0.8850
1623059454039000,0,114.67242100,0.8851
1623059794719000,0,286.58151262,0.8864
1623059794719000,0,1394.60094761,0.8864
1623059794719000,0,409.00000000,0.8867
1623059794719000,0,198.39285234,0.8868
1623059794719000,0,507.89620940,0.8868
1623060254201000,0,250.74545947,0.8854
1623060352315000,1,844.91947896,0.8830
1623060803120000,1,232.15429903,0.8856
1623060829956000,0,866.00613666,0.8878
1623060829956000,0,260.42149669,0.8878
1623062232904000,0,338.26447771,0.8869
1623062860907000,0,120.00000000,0.8900
1623062877547000,0,22.41172581,0.8924
1623062894702000,1,399.00000000,0.8909
1623062894702000,1,387.00000000,0.8907
1623062894702000,1,415.00000000,0.8906
1623062894702000,1,408.00000000,0.8906
1623062894702000,1,1431.51552605,0.8905
1623062961307000,0,141.11758023,0.8929
1623063265800000,1,530.54393118,0.8904
1623063349865000,0,28.07758398,0.8923
1623063397467000,0,401.00000000,0.8949
1623063397467000,0,408.00000000,0.8953
1623063397467000,0,1380.96491281,0.8953
1623063397467000,0,401.00000000,0.8954
1623063397467000,0,409.00000000,0.8957
1623063397467000,0,3936.79472397,0.8957
1623063711670000,1,300.00000000,0.8875
1623063712190000,1,104.00000000,0.8875
1623063712190000,1,4046.11900000,0.8874
1623063712190000,1,1389.85518660,0.8874
1623063712190000,1,390.00000000,0.8872
1623063712190000,1,660.28780417,0.8871
1623065207107000,0,43.48218109,0.8873
1623065468277000,1,5784.90531949,0.8856
1623067177747000,0,227.10755813,0.8806
1623067178044000,1,831.99791080,0.8791
1623067223535000,1,230.26356786,0.8806
1623067357370000,1,1399.68918414,0.8800
1623067357370000,1,411.00000000,0.8798
1623067357370000,1,789.31081586,0.8797
1623067445001000,1,413.00000000,0.8799
1623067445001000,1,410.00000000,0.8798
1623067445001000,1,1399.86305639,0.8796
1623067445001000,1,391.00000000,0.8796
1623067445001000,1,4046.11900000,0.8792
1623067445001000,1,276.77758039,0.8792
1623067674255000,1,184.03856068,0.8781
1623068783566000,1,400.00000000,0.8790
1623068943445000,1,400.00000000,0.8795
1623068946002000,1,346.00000000,0.8795
1623069778819000,0,2335.46511627,0.8900
1623070843970000,0,5784.90531949,0.8946
1623072362831000,0,94.69726993,0.8831
1623073323629000,1,48.79059683,0.8820
1623073962444000,0,53.44404689,0.8888
1623074362872000,0,100.00000000,0.8808
1623074467950000,0,100.00000000,0.8775
1623074601842000,0,1396.49928632,0.8766
1623074601845000,0,1396.49454854,0.8766
1623074601847000,0,1253.12516514,0.8766
1623074601847000,0,394.00000000,0.8766
1623074601847000,0,129.92609667,0.8771
1623074601847000,0,386.00000000,0.8771
1623074601847000,0,415.91416981,0.8784
1623074601847000,0,79.00000000,0.8784
1623074601847000,0,131.81978069,0.8784
1623074601848000,0,843.87712931,0.8784
1623074601848000,0,268.00000000,0.8791
1623074601850000,0,309.91921509,0.8796
1623074866573000,1,287.44835828,0.8750
1623075171055000,0,100.00000000,0.8772
1623075696014000,1,40.88351753,0.8758
1623075906275000,0,400.00000000,0.8713
1623075935345000,0,100.00000000,0.8720
1623076563502000,1,400.00000000,0.8703
1623077226758000,0,31.05268009,0.8679
1623078034095000,1,149.51834833,0.8629
1623080099096000,0,395.00000000,0.8685
1623080099096000,0,755.99642100,0.8690
1623081202215000,0,230.31657012,0.8684
1623083150462000,0,397.99999047,0.8604
1623084182954000,1,109.26713645,0.8542
1623085329377000,1,220.22941176,0.8500
1623086178373000,0,236.25860867,0.8465
1623086498944000,0,1450.41148727,0.8500
1623086499069000,1,1450.41148727,0.8500
1623086499186000,1,99.17702546,0.8500
1623086527740000,0,1448.90674884,0.8509
1623086527840000,1,1448.90674884,0.8509
1623086529835000,1,1448.90674884,0.8509
1623086530299000,1,2215.29789939,0.8509
1623086809069000,0,400.00000000,0.8542
1623087099612000,1,220.22941176,0.8506
1623087460089000,1,242.33024766,0.8471
1623087580030000,1,242.25510431,0.8454
1623087633577000,1,118.34319526,0.8450
1623087699727000,1,81.95035234,0.8424
1623087820189000,1,243.10789128,0.8431
1623088060550000,1,202.58049043,0.8424
1623088162694000,0,35.45805902,0.8461
1623088300705000,1,142.75935400,0.8443
1623088688683000,0,356.56700385,0.8472
1623089614350000,1,29.88095238,0.8400
1623089616092000,1,83.00000000,0.8392
1623089722331000,0,100.00000000,0.8396
1623090100312000,0,100.00000000,0.8356
1623090194262000,0,100.00000000,0.8391
1623090579571000,0,401.00000000,0.8455
1623090579571000,0,400.00000000,0.8456
1623090579571000,0,1311.68924190,0.8459
1623090579571000,0,1311.30435013,0.8463
1623090579571000,0,240.27709885,0.8464
1623091262229000,1,360.00000000,0.8417
1623091294416000,1,136.74474391,0.8403
1623091294463000,1,259.25525609,0.8403
1623091294463000,1,417.00000000,0.8400
1623091294463000,1,83.00000000,0.8399
1623091294463000,1,1464.50410352,0.8396
1623091294463000,1,4046.11900000,0.8395
1623091294463000,1,292.13978630,0.8393
1623091339420000,0,41.99997624,0.8417
1623091712171000,0,396.00000000,0.8403
1623091712171000,0,155.56349621,0.8407
1623093259281000,1,406.00000000,0.8360
1623093259281000,1,720.42763335,0.8359
1623094378929000,1,94.69726993,0.8415
1623094674230000,0,144.46417998,0.8445
1623096828416000,0,398.00000000,0.8433
1623096828416000,0,228.82839633,0.8436
1623097006448000,1,404.00000000,0.8422
1623097006448000,1,223.82839633,0.8419
1623097147550000,1,1771.91335654,0.8415
1623097304200000,1,243.99051364,0.8390
1623097424314000,1,244.91315379,0.8376
1623098888366000,1,100.00000000,0.8304
1623098888423000,1,293.00000000,0.8304
1623098888423000,1,740.95516000,0.8300
1623098889409000,1,33.56661772,0.8300
1623098890906000,1,54.04253048,0.8300
1623098914374000,1,134.96276679,0.8232
1623098914589000,1,100.00000000,0.8227
1623098919269000,0,393.00000000,0.8228
1623098919269000,0,413.00000000,0.8229
1623098919269000,0,240.34512000,0.8232
1623099008778000,1,30.60975609,0.8200
1623099008778000,1,100.00000000,0.8200
1623099010534000,1,393.00000000,0.8194
1623099022349000,1,551.56349621,0.8132
1623099029059000,1,391.00000000,0.8130
1623099029635000,1,224.77787091,0.8109
1623099052076000,1,402.00000000,0.8104
1623099053197000,1,87.29629629,0.8100
1623099053609000,1,44.75549030,0.8072
1623099081289000,0,414.00000000,0.8120
1623099090313000,0,392.00000000,0.8132
1623099090830000,0,389.00000000,0.8135
1623099178159000,1,143.72434775,0.8117
1623099286022000,1,71.55084641,0.8121
1623099345628000,1,253.21325603,0.8160
1623099616274000,0,100.00000000,0.8116
1623099825171000,0,250.04280000,0.8165
1623099833227000,0,100.00000000,0.8170
1623099836583000,0,100.00000000,0.8174
1623099849607000,0,100.00000000,0.8177
1623099855921000,0,100.00000000,0.8185
1623100066128000,1,248.97195700,0.8133
1623100121586000,0,403.00000000,0.8138
1623100121586000,0,394.00000000,0.8141
1623100121650000,1,400.00000000,0.8146
1623100121793000,1,1265.76132137,0.8146
1623100135622000,1,97.57880925,0.8110
1623100186411000,1,249.34765900,0.8091
1623100366780000,0,100.00000000,0.8089
1623100537346000,1,233.31194000,0.8020
1623100544579000,1,31.37500000,0.8000
1623100544579000,1,103.86249999,0.8000
1623100708287000,0,100.00000000,0.8010
1623100710617000,0,100.00000000,0.8014
1623100714833000,0,100.00000000,0.8016
1623101021843000,1,400.00000000,0.8050
1623101024911000,1,118.34319526,0.8050
1623101027073000,1,400.00000000,0.8050
1623101036383000,1,1587.01084200,0.8050
1623101123617000,1,396.00000000,0.7996
1623101123617000,1,604.00000000,0.7995
1623101179488000,1,73.18410694,0.7975
1623101567911000,1,10178.31527240,0.8078
1623101567940000,1,1526.74729087,0.8078
1623101568422000,1,10178.51713847,0.8078
1623101568456000,1,406.19922800,0.8078
1623101568591000,1,396.99997600,0.8078
1623101568707000,1,368.98310300,0.8078
1623101568780000,1,789.13627869,0.8078
1623101568890000,1,625.16564100,0.8078
1623101569162000,1,404.13630300,0.8078
1623101570606000,1,384.80072236,0.8078
1623101720808000,1,400.00000000,0.8078
1623101720900000,1,1152.47790800,0.8078
1623101721686000,1,400.00000000,0.8078
1623101721692000,1,399.99997525,0.8078
1623101722451000,1,1926.35709378,0.8078
1623101931665000,0,300.00000000,0.8049
1623102387611000,1,415.00000000,0.8049
1623102468239000,1,255.31567229,0.8044
1623102513683000,1,54.88808020,0.8048
1623102588531000,1,255.05259184,0.8053
1623102834246000,0,253.90763855,0.8092
1623103192462000,1,199.99998765,0.8092
1623103200708000,1,0.00001235,0.8092
1623103315801000,0,200.53276829,0.8070
1623103504077000,1,414.99997520,0.8060
1623103507686000,1,1085.00002480,0.8060
1623104119718000,0,391.00000000,0.8135
1623104119718000,0,30.19887459,0.8139
1623104338012000,1,28.07758398,0.8117
1623104445944000,0,100.00000000,0.8098
1623104445944000,0,408.00000000,0.8103
1623104445944000,0,1522.32577564,0.8103
1623104445944000,0,283.87104393,0.8106
1623104445944000,0,153.86044014,0.8106
1623104702915000,0,100.00000000,0.8119
1623106709190000,0,31.04394580,0.8053
1623107015330000,1,61.68042140,0.8000
1623107015667000,1,411.00000000,0.7978
1623107015667000,1,10.19887459,0.7976
1623107042219000,1,400.00000000,0.7994
1623107631300000,0,100.00000000,0.7967
1623107868009000,1,111.14360997,0.7932
1623107952792000,0,100.00000000,0.7913
1623107982012000,1,100.00000000,0.7919
1623108247822000,1,98.23750976,0.7900
1623108341110000,1,94.63923185,0.7832
1623108341637000,1,300.00000000,0.7826
1623108345027000,1,409.00000000,0.7812
1623108373674000,1,67.22163308,0.7834
1623109770755000,1,100.00000000,0.7894
1623109771377000,1,301.00000000,0.7894
1623109922156000,1,400.00000000,0.7808
1623109932094000,1,112.54195690,0.7808
1623109935335000,1,32.17948717,0.7800
1623109935335000,1,82.65384615,0.7800
1623109935335000,1,185.16667968,0.7791
1623109944219000,0,235.98115000,0.7791
1623109968275000,0,114.83333332,0.7819
1623110159105000,0,100.00000000,0.7804
1623110164717000,0,100.00000000,0.7808
1623110253475000,0,100.00000000,0.7844
1623110258024000,0,100.00000000,0.7856
