timestamp ms,type,amount,price
1623033413508000,0,958.44908104,0.8600
1623033494193000,0,30.60975609,0.8610
1623034022705000,0,96.16830000,0.8640
1623034022776000,0,0.00000818,0.8640
1623036711342000,0,100.00000000,0.8597
1623038556672000,1,434.40015891,0.8619
1623038640734000,0,100.00000000,0.8631
1623038640734000,0,73.75429901,0.8636
1623039403546000,1,100.00000000,0.8574
1623042121793000,0,2000.00000000,0.8570
1623042736888000,0,100.00000000,0.8555
1623042854407000,0,100.00000000,0.8568
1623042968168000,0,100.00000000,0.8576
1623043054643000,0,100.00000000,0.8583
1623043192496000,0,100.00000000,0.8584
1623043356302000,0,100.00000000,0.8583
1623043635206000,0,100.00000000,0.8587
1623043898024000,1,100.00000000,0.8563
1623043900338000,1,100.00000000,0.8563
1623044092059000,0,80.76180544,0.8551
1623044092059000,0,1444.33754049,0.8560
1623044092059000,0,811.17870980,0.8563
1623044472365000,0,283.99998833,0.8570
1623044795789000,0,100.00000000,0.8591
1623046659243000,1,1422.49441190,0.8671
1623046659243000,1,1422.92860834,0.8668
1623046659243000,1,2418.67338566,0.8668
1623047227970000,1,388.00000000,0.8641
1623047228061000,0,400.00000000,0.8640
1623047228134000,0,386.00000000,0.8640
1623047229124000,0,400.00000000,0.8640
1623047231500000,0,400.00000000,0.8640
1623047236676000,0,196.85494672,0.8640
1623047236806000,0,3829.14505328,0.8640
1623047662624000,0,394.00000000,0.8680
1623047662624000,0,59.00965259,0.8682
1623048437723000,1,392.00000000,0.8628
1623048437723000,1,8.00000000,0.8628
1623050120816000,1,148.23141341,0.8632
1623050938269000,0,80.38080637,0.8651
1623051061639000,0,115.08936689,0.8689
1623051087490000,0,115.17420097,0.8682
1623051560883000,1,400.00000000,0.8665
1623051651733000,1,395.99997692,0.8665
1623051673328000,0,100.00000000,0.8669
1623051673328000,0,300.00000000,0.8671
1623051724556000,1,2193.19804734,0.8665
1623052035296000,1,0.00002307,0.8665
1623052724430000,0,350.08958720,0.8664
1623052797011000,0,400.00000000,0.8700
1623052797914000,0,2589.19802426,0.8700
1623052797914000,0,100.00000000,0.8700
1623052988281000,0,40.00000000,0.8764
1623053740654000,0,396.00000000,0.8659
1623053740654000,0,413.00000000,0.8661
1623053740654000,0,1426.85699282,0.8662
1623053740654000,0,394.00000000,0.8664
1623053740654000,0,214.18701126,0.8664
1623054833579000,1,28.00000000,0.8711
1623055184458000,1,48.00000000,0.8720
1623056531322000,0,136.74474391,0.8671
1623057255695000,0,844.91947896,0.8706
1623058596519000,0,29.88095238,0.8820
1623058596519000,0,1402.06924326,0.8823
1623058596519000,0,1401.58807400,0.8826
1623058596519000,0,193.77906508,0.8828
1623058596519000,0,3562.94465605,0.8829
1623058623979000,0,45.30780993,0.8830
1623059343982000,0,118.79037458,0.8839
1623059386155000,0,129.58631366,0.8850
1623059454039000,0,114.67242100,0.8851
1623059794719000,0,286.58151262,0.8864
1623059794719000,0,1394.60094761,0.8864
1623059794719000,0,409.00000000,0.8867
1623059794719000,0,198.39285234,0.8868
1623059794719000,0,507.89620940,0.8868
1623060254201000,0,250.74545947,0.8854
1623060352315000,1,844.91947896,0.8830
1623060803120000,1,232.15429903,0.8856
1623060829956000,0,866.00613666,0.8878
1623060829956000,0,260.42149669,0.8878
1623062232904000,0,338.26447771,0.8869
1623062860907000,0,120.00000000,0.8900
1623062877547000,0,22.41172581,0.8924
1623062894702000,1,399.00000000,0.8909
1623062894702000,1,387.00000000,0.8907
1623062894702000,1,415.00000000,0.8906
1623062894702000,1,408.00000000,0.8906
1623062894702000,1,1431.51552605,0.8905
1623062961307000,0,141.11758023,0.8929
1623063265800000,1,530.54393118,0.8904
1623063349865000,0,28.07758398,0.8923
1623063397467000,0,401.00000000,0.8949
1623063397467000,0,408.00000000,0.8953
1623063397467000,0,1380.96491281,0.8953
1623063397467000,0,401.00000000,0.8954
1623063397467000,0,409.00000000,0.8957
1623063397467000,0,3936.79472397,0.8957
1623063711670000,1,300.00000000,0.8875
1623063712190000,1,104.00000000,0.8875
1623063712190000,1,4046.11900000,0.8874
1623063712190000,1,1389.85518660,0.8874
1623063712190000,1,390.00000000,0.8872
1623063712190000,1,660.28780417,0.8871
1623065207107000,0,43.48218109,0.8873
1623065468277000,1,5784.90531949,0.8856
1623067177747000,0,227.10755813,0.8806
1623067178044000,1,831.99791080,0.8791
1623067223535000,1,230.26356786,0.8806
1623067357370000,1,1399.68918414,0.8800
1623067357370000,1,411.00000000,0.8798
1623067357370000,1,789.31081586,0.8797
1623067445001000,1,413.00000000,0.8799
1623067445001000,1,410.00000000,0.8798
1623067445001000,1,1399.86305639,0.8796
1623067445001000,1,391.00000000,0.8796
1623067445001000,1,4046.11900000,0.8792
1623067445001000,1,276.77758039,0.8792
1623067674255000,1,184.03856068,0.8781
1623068783566000,1,400.00000000,0.8790
1623068943445000,1,400.00000000,0.8795
1623068946002000,1,346.00000000,0.8795
1623069778819000,0,2335.46511627,0.8900
1623070843970000,0,5784.90531949,0.8946
1623072362831000,0,94.69726993,0.8831
1623073323629000,1,48.79059683,0.8820
1623073962444000,0,53.44404689,0.8888
1623074362872000,0,100.00000000,0.8808
1623074467950000,0,100.00000000,0.8775
1623074601842000,0,1396.49928632,0.8766
1623074601845000,0,1396.49454854,0.8766
1623074601847000,0,1253.12516514,0.8766
1623074601847000,0,394.00000000,0.8766
1623074601847000,0,129.92609667,0.8771
1623074601847000,0,386.00000000,0.8771
1623074601847000,0,415.91416981,0.8784
1623074601847000,0,79.00000000,0.8784
1623074601847000,0,131.81978069,0.8784
1623074601848000,0,843.87712931,0.8784
1623074601848000,0,268.00000000,0.8791
1623074601850000,0,309.91921509,0.8796
1623074866573000,1,287.44835828,0.8750
1623075171055000,0,100.00000000,0.8772
1623075696014000,1,40.88351753,0.8758
1623075906275000,0,400.00000000,0.8713
1623075935345000,0,100.00000000,0.8720
1623076563502000,1,400.00000000,0.8703
1623077226758000,0,31.05268009,0.8679
1623078034095000,1,149.51834833,0.8629
1623080099096000,0,395.00000000,0.8685
1623080099096000,0,755.99642100,0.8690
1623081202215000,0,230.31657012,0.8684
1623083150462000,0,397.99999047,0.8604
1623084182954000,1,109.26713645,0.8542
1623085329377000,1,220.22941176,0.8500
1623086178373000,0,236.25860867,0.8465
1623086498944000,0,1450.41148727,0.8500
1623086499069000,1,1450.41148727,0.8500
1623086499186000,1,99.17702546,0.8500
1623086527740000,0,1448.90674884,0.8509
1623086527840000,1,1448.90674884,0.8509
1623086529835000,1,1448.90674884,0.8509
1623086530299000,1,2215.29789939,0.8509
1623086809069000,0,400.00000000,0.8542
1623087099612000,1,220.22941176,0.8506
1623087460089000,1,242.33024766,0.8471
1623087580030000,1,242.25510431,0.8454
1623087633577000,1,118.34319526,0.8450
1623087699727000,1,81.95035234,0.8424
1623087820189000,1,243.10789128,0.8431
1623088060550000,1,202.58049043,0.8424
1623088162694000,0,35.45805902,0.8461
1623088300705000,1,142.75935400,0.8443
1623088688683000,0,356.56700385,0.8472
1623089614350000,1,29.88095238,0.8400
1623089616092000,1,83.00000000,0.8392
1623089722331000,0,100.00000000,0.8396
1623090100312000,0,100.00000000,0.8356
1623090194262000,0,100.00000000,0.8391
1623090579571000,0,401.00000000,0.8455
1623090579571000,0,400.00000000,0.8456
1623090579571000,0,1311.68924190,0.8459
1623090579571000,0,1311.30435013,0.8463
1623090579571000,0,240.27709885,0.8464
1623091262229000,1,360.00000000,0.8417
1623091294416000,1,136.74474391,0.8403
1623091294463000,1,259.25525609,0.8403
1623091294463000,1,417.00000000,0.8400
1623091294463000,1,83.00000000,0.8399
1623091294463000,1,1464.50410352,0.8396
1623091294463000,1,4046.11900000,0.8395
1623091294463000,1,292.13978630,0.8393
1623091339420000,0,41.99997624,0.8417
1623091712171000,0,396.00000000,0.8403
1623091712171000,0,155.56349621,0.8407
1623093259281000,1,406.00000000,0.8360
1623093259281000,1,720.42763335,0.8359
1623094378929000,1,94.69726993,0.8415
1623094674230000,0,144.46417998,0.8445
1623096828416000,0,398.00000000,0.8433
1623096828416000,0,228.82839633,0.8436
1623097006448000,1,404.00000000,0.8422
1623097006448000,1,223.82839633,0.8419
1623097147550000,1,1771.91335654,0.8415
1623097304200000,1,243.99051364,0.8390
1623097424314000,1,244.91315379,0.8376
1623098888366000,1,100.00000000,0.8304
1623098888423000,1,293.00000000,0.8304
1623098888423000,1,740.95516000,0.8300
1623098889409000,1,33.56661772,0.8300
1623098890906000,1,54.04253048,0.8300
1623098914374000,1,134.96276679,0.8232
1623098914589000,1,100.00000000,0.8227
1623098919269000,0,393.00000000,0.8228
1623098919269000,0,413.00000000,0.8229
1623098919269000,0,240.34512000,0.8232
1623099008778000,1,30.60975609,0.8200
1623099008778000,1,100.00000000,0.8200
1623099010534000,1,393.00000000,0.8194
1623099022349000,1,551.56349621,0.8132
1623099029059000,1,391.00000000,0.8130
1623099029635000,1,224.77787091,0.8109
1623099052076000,1,402.00000000,0.8104
1623099053197000,1,87.29629629,0.8100
1623099053609000,1,44.75549030,0.8072
1623099081289000,0,414.00000000,0.8120
1623099090313000,0,392.00000000,0.8132
1623099090830000,0,389.00000000,0.8135
1623099178159000,1,143.72434775,0.8117
1623099286022000,1,71.55084641,0.8121
1623099345628000,1,253.21325603,0.8160
1623099616274000,0,100.00000000,0.8116
1623099825171000,0,250.04280000,0.8165
1623099833227000,0,100.00000000,0.8170
1623099836583000,0,100.00000000,0.8174
1623099849607000,0,100.00000000,0.8177
1623099855921000,0,100.00000000,0.8185
1623100066128000,1,248.97195700,0.8133
1623100121586000,0,403.00000000,0.8138
1623100121586000,0,394.00000000,0.8141
1623100121650000,1,400.00000000,0.8146
1623100121793000,1,1265.76132137,0.8146
1623100135622000,1,97.57880925,0.8110
1623100186411000,1,249.34765900,0.8091
1623100366780000,0,100.00000000,0.8089
1623100537346000,1,233.31194000,0.8020
1623100544579000,1,31.37500000,0.8000
1623100544579000,1,103.86249999,0.8000
1623100708287000,0,100.00000000,0.8010
1623100710617000,0,100.00000000,0.8014
1623100714833000,0,100.00000000,0.8016
1623101021843000,1,400.00000000,0.8050
1623101024911000,1,118.34319526,0.8050
1623101027073000,1,400.00000000,0.8050
1623101036383000,1,1587.01084200,0.8050
1623101123617000,1,396.00000000,0.7996
1623101123617000,1,604.00000000,0.7995
1623101179488000,1,73.18410694,0.7975
1623101567911000,1,10178.31527240,0.8078
1623101567940000,1,1526.74729087,0.8078
1623101568422000,1,10178.51713847,0.8078
1623101568456000,1,406.19922800,0.8078
1623101568591000,1,396.99997600,0.8078
1623101568707000,1,368.98310300,0.8078
1623101568780000,1,789.13627869,0.8078
1623101568890000,1,625.16564100,0.8078
1623101569162000,1,404.13630300,0.8078
1623101570606000,1,384.80072236,0.8078
1623101720808000,1,400.00000000,0.8078
1623101720900000,1,1152.47790800,0.8078
1623101721686000,1,400.00000000,0.8078
1623101721692000,1,399.99997525,0.8078
1623101722451000,1,1926.35709378,0.8078
1623101931665000,0,300.00000000,0.8049
1623102387611000,1,415.00000000,0.8049
1623102468239000,1,255.31567229,0.8044
1623102513683000,1,54.88808020,0.8048
1623102588531000,1,255.05259184,0.8053
1623102834246000,0,253.90763855,0.8092
1623103192462000,1,199.99998765,0.8092
1623103200708000,1,0.00001235,0.8092
1623103315801000,0,200.53276829,0.8070
1623103504077000,1,414.99997520,0.8060
1623103507686000,1,1085.00002480,0.8060
1623104119718000,0,391.00000000,0.8135
1623104119718000,0,30.19887459,0.8139
1623104338012000,1,28.07758398,0.8117
1623104445944000,0,100.00000000,0.8098
1623104445944000,0,408.00000000,0.8103
1623104445944000,0,1522.32577564,0.8103
1623104445944000,0,283.87104393,0.8106
1623104445944000,0,153.86044014,0.8106
1623104702915000,0,100.00000000,0.8119
1623106709190000,0,31.04394580,0.8053
1623107015330000,1,61.68042140,0.8000
1623107015667000,1,411.00000000,0.7978
1623107015667000,1,10.19887459,0.7976
1623107042219000,1,400.00000000,0.7994
1623107631300000,0,100.00000000,0.7967
1623107868009000,1,111.14360997,0.7932
1623107952792000,0,100.00000000,0.7913
1623107982012000,1,100.00000000,0.7919
1623108247822000,1,98.23750976,0.7900
1623108341110000,1,94.63923185,0.7832
1623108341637000,1,300.00000000,0.7826
1623108345027000,1,409.00000000,0.7812
1623108373674000,1,67.22163308,0.7834
1623109770755000,1,100.00000000,0.7894
1623109771377000,1,301.00000000,0.7894
1623109922156000,1,400.00000000,0.7808
1623109932094000,1,112.54195690,0.7808
1623109935335000,1,32.17948717,0.7800
1623109935335000,1,82.65384615,0.7800
1623109935335000,1,185.16667968,0.7791
1623109944219000,0,235.98115000,0.7791
1623109968275000,0,114.83333332,0.7819
1623110159105000,0,100.00000000,0.7804
1623110164717000,0,100.00000000,0.7808
1623110253475000,0,100.00000000,0.7844
1623110258024000,0,100.00000000,0.7856
1623110265511000,0,100.00000000,0.7860
1623110576829000,0,388.00000000,0.7857
1623110583034000,0,100.00000000,0.7864
1623110613208000,0,100.00000000,0.7847
1623111532669000,0,395.00000000,0.7979
1623111533405000,0,330.52614996,0.7993
1623111533405000,0,69.47385004,0.7995
1623111568618000,0,100.00000000,0.7983
1623111593248000,1,309.48432352,0.7984
1623111911970000,1,407.00000000,0.7938
1623111914987000,1,412.00000000,0.7934
1623111917862000,0,100.09644000,0.7929
1623112022325000,1,100.00000000,0.7861
1623112023545000,1,308.00000000,0.7861
1623112085917000,1,400.00000000,0.7842
1623112334645000,1,392.00000000,0.7745
1623112774971000,0,408.00000000,0.7703
1623112905162000,0,100.00000000,0.7766
1623113000530000,0,78.97198933,0.7746
1623113511539000,0,384.00000000,0.7853
1623113511617000,1,400.00000000,0.7853
1623113512667000,1,400.00000000,0.7853
1623113514285000,1,2323.60807283,0.7853
1623113932757000,0,100.00000000,0.7842
1623114056468000,1,262.01056426,0.7814
1623114244683000,0,100.00000000,0.7914
1623114263727000,0,403.00000000,0.7922
1623115103068000,0,100.00000000,0.7918
1623116888081000,0,100.00000000,0.7882
1623117298334000,0,100.00000000,0.7949
1623117851058000,0,393.99997916,0.7875
1623117938965000,0,100.00000000,0.7870
1623118102899000,0,100.00000000,0.7860
1623119743061000,1,100.00000000,0.7802
1623120091408000,1,406.00000000,0.7710
1623120115794000,1,386.00000000,0.7676
1623120126585000,0,400.00000000,0.7689
1623120127656000,0,400.00000000,0.7689
1623120309102000,0,100.00000000,0.7680
1623120310957000,1,299.99998699,0.7683
1623120311224000,1,0.00001301,0.7683
1623120311224000,1,99.99998699,0.7678
1623120323867000,1,400.00000000,0.7661
1623120325582000,1,283.32289055,0.7661
1623120329113000,1,100.00000000,0.7644
1623120364060000,1,100.00000000,0.7623
1623120412314000,1,33.02631578,0.7600
1623120412314000,1,74.56578947,0.7600
1623120567238000,0,100.00000000,0.7525
1623120584926000,0,100.00000000,0.7533
1623120587819000,0,100.00000000,0.7538
1623120612268000,0,100.00000000,0.7549
1623120652654000,0,100.00000000,0.7551
1623120663701000,0,100.00000000,0.7542
1623120688001000,1,414.00000000,0.7540
1623120720228000,1,404.00000000,0.7511
1623120731538000,1,100.00000000,0.7500
1623120731538000,1,58.02666666,0.7500
1623120904102000,0,406.00000000,0.7545
1623120987881000,0,384.00000000,0.7564
1623121940799000,0,100.00000000,0.7460
1623121944452000,0,100.00000000,0.7467
1623121953248000,0,100.00000000,0.7483
1623121967033000,1,400.00000000,0.7488
1623122011882000,0,100.00000000,0.7483
1623122089767000,0,100.00000000,0.7439
1623122109629000,0,100.00000000,0.7456
1623122155261000,0,100.00000000,0.7500
1623122165097000,0,100.00000000,0.7505
1623122167835000,0,100.00000000,0.7507
1623122431610000,0,100.00000000,0.7486
1623122491724000,1,400.00000000,0.7423
1623122528827000,0,894.00630147,0.7412
1623122549270000,1,33.91891891,0.7400
1623122549270000,1,33.91891891,0.7400
1623122644594000,0,383.99997291,0.7382
1623122664059000,0,100.00000000,0.7401
1623122745055000,0,100.00000000,0.7445
1623122805312000,1,411.00000000,0.7468
1623122886556000,0,387.00000000,0.7434
1623123726846000,1,400.00000000,0.7646
1623124648144000,0,32.64474680,0.7658
1623124667180000,0,32.63878009,0.7660
1623125019135000,0,390.00000000,0.7678
1623125019934000,0,399.00000000,0.7681
1623125225331000,1,267.23961030,0.7688
1623125345364000,1,267.60864911,0.7685
1623125466529000,0,266.81463611,0.7710
1623125585814000,1,266.67233911,0.7710
1623125638111000,0,90.89964678,0.7701
1623127098844000,0,244.03164012,0.7665
1623128303325000,1,244.61142425,0.7664
1623128706995000,0,260.94671468,0.7686
1623129790243000,0,407.99997360,0.7599
1623129950866000,0,100.00000000,0.7547
1623130360262000,1,404.99998672,0.7529
1623130425909000,1,41.16606015,0.7514
1623131338686000,0,401.00000000,0.7648
1623131338759000,1,400.00000000,0.7650
1623131338781000,1,392.00000000,0.7650
1623131338789000,1,2307.00000000,0.7650
1623131774575000,0,123.91573729,0.7667
1623132014656000,0,41.13301455,0.7675
1623132080588000,1,398.99997398,0.7685
1623132090855000,1,1307.23140280,0.7685
1623132492066000,1,40.00000000,0.7649
1623132493084000,1,384.00000000,0.7645
1623132717559000,1,40.00000000,0.7609
1623132791275000,1,197.09403988,0.7579
1623132832544000,1,389.00000000,0.7577
1623132832619000,0,400.00000000,0.7577
1623132835885000,0,400.00000000,0.7577
1623132836410000,0,2318.60807283,0.7577
1623133228778000,1,40.00000000,0.7540
1623133352041000,1,77.91398297,0.7500
1623133352041000,1,322.08601703,0.7500
1623133352551000,1,677.91398297,0.7500
1623133385229000,0,174.31076693,0.7516
1623133692823000,1,369.63255261,0.7529
1623133867837000,0,385.99997337,0.7509
1623135570704000,0,398.99998666,0.7495
1623135571288000,1,1.00001334,0.7495
1623135571288000,1,407.00000000,0.7493
1623135571288000,1,58.48489415,0.7489
1623135848123000,0,50.00000000,0.7497
1623135969277000,1,33.91891891,0.7400
1623135969674000,1,260.94671468,0.7390
1623136243006000,0,400.00000000,0.7545
1623136244433000,0,33.91891891,0.7548
1623136335937000,0,413.00000000,0.7579
1623136665455000,0,413.00000000,0.7628
1623136665455000,0,111.40443856,0.7629
1623136697100000,0,130.71041108,0.7651
1623137015028000,0,162.75194000,0.7680
1623137493438000,1,400.00000000,0.7710
1623137582247000,1,150.00000000,0.7710
1623137680303000,0,149.99998703,0.7725
1623137969383000,1,387.99998699,0.7682
1623139715516000,0,405.00000000,0.7770
1623139715516000,0,33.91891891,0.7770
1623139715516000,0,398.00000000,0.7771
1623139715516000,0,398.00000000,0.7773
1623139715516000,0,409.00000000,0.7776
1623139715516000,0,1166.52621362,0.7778
1623140110986000,1,6792.27667334,0.7787
1623140111288000,1,398.00000000,0.7772
1623140111288000,1,8.00000000,0.7770
1623140386816000,0,400.00000000,0.7793
1623140537319000,1,386.99997500,0.7804
1623140577803000,0,130.00000000,0.7799
1623140600326000,1,26.54193000,0.7804
1623140818420000,0,389.00000000,0.7814
1623140818420000,0,1581.63391893,0.7816
1623140818420000,0,386.00000000,0.7816
1623140818420000,0,402.00000000,0.7818
1623140818420000,0,1581.40213000,0.7819
1623140818420000,0,248.34218153,0.7823
1623140818420000,0,2297.49884989,0.7823
1623140979293000,0,400.00000000,0.7849
1623141000909000,0,50.00000000,0.7845
1623142215227000,0,128.37464857,0.7790
1623142344102000,1,30.16566979,0.7758
1623142859186000,1,32.09366214,0.7704
1623143251708000,1,411.99997404,0.7702
1623143299512000,1,10694.65998655,0.7700
1623143300041000,1,10697.04431437,0.7700
1623143300562000,1,2308.29569908,0.7700
1623144019555000,1,119.28242673,0.7669
1623144445654000,0,100.00000000,0.7668
1623144561526000,0,100.00000000,0.7619
1623144561873000,1,300.00000000,0.7619
1623144561873000,1,403.00000000,0.7619
1623144561873000,1,2107.44513253,0.7613
1623145191822000,0,94.49751019,0.7588
1623145801168000,1,4.00000000,0.7582
1623146753988000,0,62.53208883,0.7596
1623147660395000,0,188.01403995,0.7650
1623147688519000,1,188.01410700,0.7637
1623147688724000,1,196.98587991,0.7637
1623147700078000,0,100.00000000,0.7634
1623147753776000,0,188.01410700,0.7636
1623148496486000,0,125.80448658,0.7551
1623149345528000,0,80.00000000,0.7570
1623149477054000,1,400.00000000,0.7547
1623151592489000,1,650.00000000,0.7686
1623152335704000,0,400.00000000,0.7618
1623152337140000,0,100.00000000,0.7618
1623152895516000,0,412.00000000,0.7655
1623152895516000,0,413.00000000,0.7658
1623152895516000,0,175.00000000,0.7658
1623153315840000,0,400.00000000,0.7700
1623153315921000,0,1306.23139985,0.7700
1623153567456000,0,64.53528143,0.7748
1623157729567000,0,126.26094815,0.7524
1623157808339000,1,400.00000000,0.7500
1623157808716000,0,266.66666667,0.7505
1623157809195000,1,933.33333333,0.7500
1623157838465000,0,389.99997334,0.7504
1623158934207000,1,33.91891891,0.7400
1623158934207000,1,33.91891891,0.7400
1623160443857000,1,413.00000000,0.7342
1623160449145000,0,6379.27667334,0.7342
1623160450180000,0,402.00000000,0.7346
1623160637635000,1,400.00000000,0.7340
1623160637703000,1,2.00000000,0.7340
1623160639675000,0,215.01732522,0.7342
1623160787149000,1,1000.00000000,0.7333
1623160886213000,1,400.00000000,0.7358
1623160886699000,1,372.71419491,0.7355
1623161010907000,1,391.00000000,0.7348
1623161010907000,1,401.00000000,0.7346
1623161010907000,1,100.00000000,0.7344
1623161010907000,1,403.00000000,0.7343
1623161010907000,1,408.00000000,0.7342
1623161010907000,1,4046.11900000,0.7342
1623161010907000,1,1674.73262466,0.7341
1623161010907000,1,1174.22290000,0.7339
1623161010907000,1,1675.25961652,0.7338
1623161010907000,1,2463.76200000,0.7333
1623161010907000,1,80.00000000,0.7332
1623161010907000,1,3347.39699688,0.7332
1623161010907000,1,264.00000000,0.7326
1623161010907000,1,1000.00000000,0.7326
1623161010907000,1,3350.11664059,0.7326
1623161010907000,1,3350.11664059,0.7326
1623161010907000,1,345.55785814,0.7315
1623161010907000,1,717.06265862,0.7304
1623161010907000,1,666.04902363,0.7300
1623161010907000,1,28.00000000,0.7300
1623161010907000,1,2783.00000000,0.7295
1623161010907000,1,869.43997119,0.7248
1623161020847000,1,100.00000000,0.7351
1623161021000000,0,164.00000000,0.7351
1623161024718000,1,100.00000000,0.7352
1623161028976000,1,100.00000000,0.7352
1623161029555000,0,164.00000000,0.7352
1623161032865000,1,264.00000000,0.7349
1623161036924000,1,100.00000000,0.7347
1623161041141000,1,100.00000000,0.7343
1623161045423000,1,100.00000000,0.7341
1623161049233000,1,100.00000000,0.7336
1623161049397000,0,164.00000000,0.7336
1623161052233000,1,100.00000000,0.7336
1623161070967000,1,100.00000000,0.7321
1623161080520000,1,264.00000000,0.7319
1623161134152000,1,100.00000000,0.7305
1623161134289000,0,399.99997753,0.7303
1623161155805000,1,100.00000000,0.7287
1623161205100000,0,405.00000000,0.7274
1623161205100000,0,264.00000000,0.7274
1623161205605000,0,413.00000000,0.7275
1623161351559000,1,264.00000000,0.7222
1623161367390000,1,34.86111111,0.7200
1623161367390000,1,70.00000000,0.7200
1623161367390000,1,50.00000000,0.7200
1623161713545000,1,100.00000000,0.7245
1623161748822000,0,80.00000000,0.7248
1623161760698000,0,80.00000000,0.7261
1623161802814000,0,41.33199233,0.7258
1623161990809000,0,80.00000000,0.7179
1623162020213000,0,80.00000000,0.7176
1623162934721000,1,405.00000000,0.7223
1623162934721000,1,295.00000000,0.7220
1623163000001000,1,400.00000000,0.7264
1623163000001000,1,53.00965259,0.7259
1623163860193000,0,182.93196415,0.7232
1623164119662000,1,1000.00000000,0.7155
1623164162286000,1,40.00000000,0.7152
1623164163641000,1,345.61477129,0.7149
1623164222651000,1,100.00000000,0.7136
1623164283306000,0,80.00000000,0.7198
1623164292639000,0,396.00000000,0.7210
1623164300392000,1,1204.78594000,0.7215
1623164301392000,1,413.99999500,0.7211
1623164581415000,1,100.00000000,0.7203
1623164581820000,0,300.00000000,0.7203
1623164583622000,1,99.99997722,0.7203
1623164608985000,1,284.77693965,0.7198
1623164743317000,1,190.36864472,0.7154
1623164849034000,1,209.63129937,0.7163
1623164854003000,1,100.00000000,0.7167
1623164889022000,1,100.00000000,0.7177
1623164983321000,1,50.00000000,0.7196
1623165329601000,1,286.02808469,0.7132
1623165346634000,1,400.00000000,0.7120
1623165346883000,1,266.66666667,0.7120
1623165346910000,1,143.15039500,0.7120
1623165347052000,1,256.84957692,0.7120
1623165348707000,1,400.00000000,0.7120
1623165348841000,1,3025.33336141,0.7120
1623165604633000,1,100.00000000,0.7083
1623165604633000,1,240.74560861,0.7083
1623165682984000,1,100.00000000,0.7071
1623165693314000,1,383.99998584,0.7057
1623165728444000,0,399.99999500,0.7043
1623165728697000,0,0.00000500,0.7043
1623165881254000,1,388.00000000,0.7031
1623165881254000,1,397.00000000,0.7030
1623165881254000,1,413.00000000,0.7028
1623165881254000,1,100.00000000,0.7028
1623165881254000,1,3499.07280059,0.7009
1623165881254000,1,873.63719941,0.7006
1623165881308000,0,400.00000000,0.7034
1623165881963000,0,10.00000000,0.7034
1623166030371000,0,42.35553233,0.7083
1623166127142000,0,399.99996530,0.7089
1623166177135000,1,415.00000000,0.7125
1623166177774000,1,403.99999500,0.7121
1623166203617000,1,100.00000000,0.7150
1623166225788000,1,100.00000000,0.7167
1623166227959000,0,100.00000000,0.7166
1623166229014000,0,200.00000000,0.7166
1623166236814000,1,100.00000000,0.7170
1623166301056000,1,100.00000000,0.7199
1623166543639000,1,100.00000000,0.7253
1623166713526000,1,390.00000000,0.7150
1623166731358000,1,100.00000000,0.7128
1623166770891000,0,188.66998527,0.7129
1623166915563000,1,100.00000000,0.7203
1623167095179000,1,62.99847543,0.7243
1623167097989000,1,37.00152457,0.7243
1623167115643000,0,68.77200704,0.7270
1623167168116000,1,100.00000000,0.7295
1623167216665000,1,344.19002004,0.7287
1623167410177000,0,100.05967000,0.7328
1623167619230000,0,409.00000000,0.7303
1623167619386000,0,407.00000000,0.7304
1623167619639000,0,408.00000000,0.7306
1623167677805000,0,80.00000000,0.7318
1623168067580000,0,403.00000000,0.7270
1623168126064000,0,100.54561800,0.7337
1623168144211000,0,398.00000000,0.7354
1623168212018000,1,148.72716100,0.7362
1623168399384000,1,128.38274932,0.7420
1623168475506000,1,244.32153218,0.7414
1623168645107000,1,100.00000000,0.7442
1623168791735000,0,388.00000000,0.7434
1623168792303000,0,100.00000000,0.7437
1623168792628000,0,324.00000000,0.7437
1623169034672000,1,100.00000000,0.7491
1623169039601000,1,100.00000000,0.7479
1623169075773000,1,100.00000000,0.7487
1623169105928000,1,100.00000000,0.7498
1623169151681000,1,100.00000000,0.7500
1623169200877000,0,150.00002600,0.7505
1623169201007000,1,249.99994736,0.7508
1623169230161000,1,100.00000000,0.7514
1623169247153000,1,100.00000000,0.7526
1623169247203000,1,294.00000000,0.7526
1623169248478000,0,11.70129025,0.7526
1623169256560000,1,88.29870975,0.7530
1623169440724000,0,199.26405143,0.7528
1623170055386000,0,389.00000000,0.7463
1623170753458000,0,400.00000000,0.7444
1623170797687000,0,2.99997314,0.7444
1623171067984000,0,79.00000000,0.7472
1623171129505000,0,100.00000000,0.7480
1623171246413000,0,133.44186605,0.7494
1623173799969000,0,100.00000000,0.7431
1623173800049000,1,143.76917693,0.7431
1623174151150000,0,30.00000000,0.7409
1623174464755000,0,33.74320074,0.7438
1623175066069000,0,79.00000000,0.7502
1623175544253000,0,33.91891891,0.7548
1623175690997000,0,34.86111111,0.7560
1623175944216000,1,33.74320074,0.7559
1623176373093000,0,385.00000000,0.7612
1623176373093000,0,239.01663141,0.7612
1623176607976000,0,70.94152923,0.7601
1623176902013000,0,79.00000000,0.7581
1623176902013000,0,79.26013976,0.7584
1623176966517000,0,100.00000000,0.7568
1623176966517000,0,163.82091836,0.7569
1623177151834000,0,100.00000000,0.7553
1623177907375000,0,381.99998679,0.7586
1623178086987000,0,32.77098326,0.7629
1623178176192000,1,239.31893361,0.7618
1623178808640000,0,71.76409185,0.7664
1623178824759000,0,409.00000000,0.7657
1623178824759000,0,100.00000000,0.7658
1623178824759000,0,401.00000000,0.7660
1623178824759000,0,395.62012113,0.7661
1623180525526000,0,100.00000000,0.7593
1623181270054000,0,100.00000000,0.7655
1623181270054000,0,30.62106610,0.7658
1623183664854000,0,146.44406295,0.7631
1623183797280000,0,100.00000000,0.7647
1623184067846000,0,344.19002004,0.7700
1623184237205000,0,100.00000000,0.7734
1623184237205000,0,386.00000000,0.7734
1623184237205000,0,386.00000000,0.7737
1623184237205000,0,411.00000000,0.7739
1623184237205000,0,1595.99403928,0.7739
1623184237205000,0,79.00000000,0.7739
1623184237205000,0,1595.46433436,0.7742
1623184237205000,0,269.00000000,0.7747
1623184237205000,0,1619.44456258,0.7747
1623184677363000,1,401.00000000,0.7681
1623184677540000,0,400.00000000,0.7681
1623184677570000,0,214.79892816,0.7681
1623184679293000,0,400.00000000,0.7681
1623184680393000,0,400.00000000,0.7681
1623184687471000,0,4626.10400806,0.7681
1623184929499000,0,33.91891891,0.7770
1623185144051000,0,398.00000000,0.7718
1623185145139000,0,391.00000000,0.7721
1623185152372000,1,158.26013976,0.7732
1623185478677000,0,80.00000000,0.7797
1623185653814000,1,134.69731836,0.7773
1623185669207000,0,129.52848495,0.7781
1623186749883000,0,109.73830641,0.7746
1623187328647000,0,100.00000000,0.7734
1623187328647000,0,29.28440319,0.7736
1623188596546000,0,100.00000000,0.7732
1623188671749000,0,100.00000000,0.7759
1623188770236000,0,386.00000000,0.7791
1623188985212000,0,100.00000000,0.7787
1623189948348000,0,100.00000000,0.7779
1623190057350000,0,100.00000000,0.7765
1623191286255000,0,141.51444246,0.7845
1623191493346000,0,77.91398297,0.7875
1623191502774000,1,400.00000000,0.7875
1623191503793000,1,295.25008904,0.7875
1623193252809000,1,95.81611943,0.7765
1623193371646000,0,100.00000000,0.7786
1623193611661000,1,405.00000000,0.7845
1623193727868000,1,299.99997454,0.7854
1623193757323000,1,100.00000000,0.7891
