timestamp ms,type,amount,price
1626668937069000,1,100.49731165,0.6751
1626668937069000,1,96.59997828,0.6750
1626668937069000,1,100.00000000,0.6747
1626668937069000,1,4046.11900000,0.6747
1626668937069000,1,1879.83317435,0.6747
1626668937069000,1,395.63775176,0.6743
1626669478551000,0,103.38612524,0.6744
1626669478551000,0,101.66117293,0.6746
1626669478551000,0,102.10577686,0.6747
1626669478551000,0,1696.43987326,0.6747
1626669478551000,0,102.72789982,0.6747
1626669478551000,0,1695.81428039,0.6749
1626669478551000,0,100.00000000,0.6750
1626669478551000,0,2713.67278953,0.6753
1626682772769000,0,479.64329824,0.6801
1626683238503000,1,97.03602455,0.6789
1626683238503000,1,98.63741642,0.6787
1626683238503000,1,98.61161236,0.6787
1626683238503000,1,1873.35166591,0.6786
1626683238503000,1,100.00000000,0.6786
1626683238503000,1,100.91175314,0.6786
1626683238503000,1,4046.11900000,0.6784
1626683238503000,1,201.14044565,0.6784
1626686445199000,1,57.32700835,0.6743
1626686700641000,0,977.73000000,0.6750
1626697803103000,1,38.03030303,0.6600
1626697803103000,1,211.96969697,0.6600
1626697807011000,1,250.00000000,0.6600
1626697808596000,1,250.00000000,0.6600
1626697808703000,1,288.03030303,0.6600
1626698093726000,1,40.00000000,0.6550
1626698093726000,1,100.00000000,0.6550
1626698211982000,1,100.00000000,0.6520
1626698225666000,1,40.00000000,0.6500
1626698225992000,1,38.61538461,0.6500
1626698225992000,1,284.20461060,0.6500
1626698226775000,1,15.79538940,0.6500
1626698226775000,1,1000.00000000,0.6500
1626698226775000,1,150.00000000,0.6500
1626698226775000,1,500.00000000,0.6500
1626698226775000,1,1000.00000000,0.6500
1626698310110000,1,30.99000000,0.6470
1626699092145000,0,250.00000000,0.6460
1626699711916000,1,39.21875000,0.6400
1626699711916000,1,210.78125000,0.6400
1626699712120000,1,789.21875000,0.6400
1626700742198000,0,100.00000000,0.6515
1626700742198000,0,1368.70456029,0.6517
1626700742198000,0,3425.83867111,0.6519
1626700742198000,0,1368.28796121,0.6519
1626700742198000,0,110.00000000,0.6523
1626700742198000,0,108.21867660,0.6523
1626700742198000,0,404.72066348,0.6523
1626701452866000,1,101.32935862,0.6417
1626701452866000,1,96.62663709,0.6417
1626701452866000,1,103.81472788,0.6415
1626701452866000,1,4046.11900000,0.6414
1626701452866000,1,1385.76778000,0.6414
1626701452866000,1,100.00000000,0.6413
1626701452866000,1,1052.11302910,0.6413
1626702102074000,1,31.30000000,0.6410
1626702286277000,0,99.88204601,0.6442
1626702286277000,0,97.39652892,0.6443
1626702286277000,0,103.86029770,0.6444
1626702286277000,0,1182.30421329,0.6444
1626702286277000,0,100.50025192,0.6445
1626702286277000,0,1182.66569201,0.6446
1626702286277000,0,100.00000000,0.6448
1626702286277000,0,3766.93982680,0.6449
1626702286277000,0,216.27430790,0.6452
1626702577704000,1,64.85505253,0.6403
1626703121873000,1,32.00000000,0.6400
1626703278150000,0,250.00000000,0.6391
1626704781806000,0,97.37717514,0.6406
1626704781806000,0,100.00000000,0.6407
1626704781806000,0,101.24705918,0.6408
1626704781806000,0,1189.71541359,0.6408
1626704781806000,0,97.92050702,0.6409
1626704781806000,0,1189.89943033,0.6410
1626704781806000,0,1983.64163282,0.6413
1626704781806000,0,162.33792322,0.6417
1626704781806000,0,881.42524700,0.6417
1626704781806000,0,110.00000000,0.6417
1626704781806000,0,1983.06403096,0.6418
1626704781806000,0,750.78266980,0.6419
1626705798582000,0,31.02121851,0.6447
1626706547564000,1,4221.94860000,0.6435
1626706699756000,0,250.00000000,0.6444
1626706790899000,0,0.45866941,0.6444
1626707174586000,0,30.98517359,0.6455
1626707476169000,1,98.36536060,0.6498
1626707476169000,1,100.00000000,0.6496
1626707476169000,1,101.40866599,0.6495
1626707476169000,1,359.00000000,0.6472
1626707476175000,1,589.98910243,0.6468
1626707476237000,0,230.99202449,0.6470
1626707476237000,0,19.00797551,0.6476
1626707773765000,1,96.04557840,0.6518
1626707773765000,1,192.80456160,0.6516
1626707819592000,1,286.06507059,0.6516
1626707821037000,1,93.28902773,0.6516
1626707821037000,1,86.99961196,0.6510
1626707836240000,1,199.35108688,0.6510
1626708022914000,1,0.00001934,0.6510
1626710958795000,0,77.80405825,0.6426
1626717383235000,0,99.27938133,0.6440
1626717383235000,0,99.00224987,0.6441
1626717383235000,0,1276.28510083,0.6443
1626717433661000,0,36.80605176,0.6436
1626721854475000,1,102.87534423,0.6382
1626721854475000,1,100.00000000,0.6379
1626721854475000,1,99.17873161,0.6378
1626721854475000,1,103.60515503,0.6378
1626721854475000,1,1991.48993457,0.6377
1626721854475000,1,1991.68669076,0.6374
1626721854475000,1,107.00000000,0.6370
1626721854475000,1,3319.78934003,0.6370
1626721854475000,1,31.99888888,0.6366
1626721854475000,1,799.78700395,0.6365
1626721854536000,1,166.83021489,0.6365
1626722652469000,0,46.92412369,0.6393
1626725056067000,0,53.92363881,0.6428
1626725992793000,1,249.99996878,0.6406
1626726189247000,1,844.18958115,0.6406
1626727392494000,1,100.00000000,0.6426
1626727449230000,1,100.40934315,0.6435
1626727449297000,0,250.00000000,0.6435
1626727449409000,0,13158.51747196,0.6435
1626727449939000,0,13154.96085789,0.6435
1626727450502000,0,13152.34645159,0.6435
1626727451014000,0,13153.94529227,0.6435
1626727455807000,0,394.95494000,0.6435
1626727455838000,0,423.96335734,0.6435
1626727458729000,0,115.33260298,0.6435
1626727458950000,0,519.20660770,0.6435
1626727462142000,0,6262.12049512,0.6435
1626729573110000,0,98.06833001,0.6429
1626729573110000,0,54.99368730,0.6431
1626731169791000,1,37.32330069,0.6353
1626733357274000,0,103.37576598,0.6381
1626733357274000,0,98.52976694,0.6382
1626733357274000,0,99.28239924,0.6383
1626733357274000,0,12.18023071,0.6384
