timestamp ms,type,amount,price
1625012372165000,1,392.81035147,0.7431
1625012372165000,1,388.03447110,0.7431
1625012372258000,0,694.15517742,0.7431
1625012372281000,0,0.00000001,0.7431
1625012761521000,0,33.91891891,0.7548
1625016121149000,1,33.91891891,0.7400
1625016275888000,0,56.99397931,0.7408
1625021400558000,0,33.91891891,0.7548
1625022789189000,1,33.91891891,0.7400
1625024671983000,1,1000.00000000,0.7328
1625028388371000,1,34.86111111,0.7200
1625030070637000,0,163.86121368,0.7177
1625030622238000,1,200.54281319,0.7214
1625030623009000,1,192.48443977,0.7214
1625030623015000,1,0.00002704,0.7214
1625031058635000,1,196.17689486,0.7224
1625032019883000,0,404.13376617,0.7233
1625032031758000,1,395.17972109,0.7235
1625032039948000,0,53.82028000,0.7235
1625032049702000,1,40.00000000,0.7247
1625032468572000,1,1000.00000000,0.7246
1625032679031000,1,290.44773064,0.7229
1625032799023000,1,290.41399765,0.7216
1625032879039000,0,68.97122520,0.7249
1625032967117000,1,290.41398710,0.7257
1625034140387000,0,36.74233559,0.7264
1625034618892000,1,500.00000000,0.7295
1625036527709000,1,500.00000000,0.7272
1625037567775000,0,200.21451051,0.7242
1625037567775000,0,205.56304045,0.7242
1625037567775000,0,189.10950804,0.7244
1625037567775000,0,100.00000000,0.7246
1625037567775000,0,733.74791867,0.7246
1625037840735000,1,288.32735534,0.7292
1625037847679000,1,199.12287608,0.7298
1625037847679000,1,104.76220992,0.7297
1625038349789000,0,200.67676206,0.7306
1625038349789000,0,198.16294995,0.7308
1625038349789000,0,100.00000000,0.7310
1625038349789000,0,48.54883797,0.7311
1625038462379000,0,207.81795697,0.7296
1625038462379000,0,198.83445369,0.7298
1625038462379000,0,1730.09110484,0.7300
1625038462379000,0,207.69845722,0.7301
1625038462379000,0,206.99400566,0.7301
1625038462379000,0,1729.45395297,0.7302
1625038462379000,0,1340.17750977,0.7305
1625038671210000,0,198.70357532,0.7337
1625038671210000,0,192.23572381,0.7340
1625038671210000,0,17.85018919,0.7340
1625039711328000,1,100.00000000,0.7350
1625039711796000,1,931.68707482,0.7350
1625039742181000,0,1545.78614321,0.7349
1625039742181000,0,285.80991837,0.7350
1625039742181000,0,285.80994558,0.7350
1625039742181000,0,100.00000000,0.7351
1625039742181000,0,641.99681276,0.7351
1625041396471000,0,500.00000000,0.7343
1625043681200000,1,1000.00000000,0.7200
1625043737943000,0,890.04834723,0.7200
1625044662659000,0,500.00000000,0.7270
1625044671862000,0,500.00000000,0.7270
1625044761953000,0,193.65857704,0.7292
1625044762061000,1,56.50623296,0.7294
1625045448320000,1,201.91633471,0.7244
1625045448320000,1,1738.89596503,0.7242
1625045448320000,1,2338.21438026,0.7242
1625046723559000,1,1743.56810087,0.7226
1625046723559000,1,1115.83471905,0.7226
1625047025573000,0,27.70697107,0.7218
1625047391821000,1,66.26119465,0.7251
1625049220028000,0,83.67740159,0.7266
1625049587842000,0,195.08030000,0.7266
1625049587880000,0,0.00002423,0.7266
1625049588261000,0,200.80650000,0.7268
1625049980848000,0,207.43126912,0.7268
1625049980848000,0,204.97545600,0.7270
1625049980848000,0,100.00000000,0.7272
1625049980848000,0,1565.06126315,0.7272
1625049980848000,0,3875.90500690,0.7274
1625049980848000,0,1564.57361318,0.7274
1625049980848000,0,467.81855811,0.7274
1625049980848000,0,2608.97130777,0.7274
1625049980848000,0,798.39275378,0.7280
1625049980848000,0,2608.35656812,0.7280
1625049980848000,0,128.00000000,0.7281
1625049980848000,0,2606.54518404,0.7281
1625049980848000,0,423.00000000,0.7297
1625049980848000,0,1000.00000000,0.7297
1625049980848000,0,4393.00000000,0.7315
1625049980848000,0,383.78092906,0.7321
1625049980848000,0,757.38176039,0.7334
1625049980848000,0,306.80633038,0.7338
1625050033890000,0,195.97197159,0.7265
1625050034044000,1,198.57224207,0.7265
1625050034053000,1,28.45578634,0.7265
1625050038399000,0,423.00000000,0.7261
1625050042212000,0,100.00000000,0.7260
1625050042365000,1,289.61211505,0.7260
1625050043012000,1,33.38788495,0.7260
1625050046867000,0,100.00000000,0.7259
1625050062816000,1,256.22775919,0.7260
1625050077031000,0,100.00000000,0.7261
1625050081195000,0,256.21364332,0.7261
1625050081772000,1,166.78635668,0.7261
1625050663004000,0,256.89613530,0.7279
1625050806515000,1,123.04387301,0.7276
1625050998153000,0,50.00000000,0.7302
1625051046611000,1,193.77122338,0.7296
1625051089385000,0,156.06200000,0.7302
1625056617586000,1,192.65043059,0.7250
1625056619136000,1,194.71902573,0.7249
1625056718833000,1,193.87779175,0.7240
1625056727718000,1,100.47086200,0.7239
1625056727835000,1,100.31815000,0.7239
1625057389847000,1,423.00000000,0.7262
1625057904519000,0,68.98264396,0.7248
1625058068115000,1,206.71254070,0.7223
1625058188192000,1,128.00000000,0.7202
1625059269079000,1,147.03473800,0.7175
1625061211434000,0,131.77423605,0.7209
1625062376496000,0,500.00000000,0.7266
1625064300724000,1,100.00000000,0.7202
1625064300732000,0,400.00000000,0.7202
1625064300852000,1,128.00000000,0.7202
1625064301410000,1,399.99997660,0.7202
1625064371661000,1,199.91943822,0.7177
1625065701360000,0,191.99998595,0.7120
1625068642593000,1,197.27718911,0.7095
1625068642675000,0,384.82335189,0.7095
1625068643096000,1,128.00000000,0.7094
1625068643096000,1,194.06937991,0.7093
1625068643096000,1,198.39304926,0.7092
1625068643096000,1,1783.99362008,0.7090
1625068643096000,1,4046.11900000,0.7090
1625068643096000,1,423.00000000,0.7088
1625068643096000,1,1784.61598899,0.7088
1625068643096000,1,100.00000000,0.7084
1625068643096000,1,2463.76200000,0.7081
1625068643096000,1,2974.48136832,0.7080
1625068643096000,1,3568.51168675,0.7075
1625068643096000,1,370.61228199,0.7074
1625068660765000,1,100.00000000,0.7085
1625069322043000,1,1784.46289201,0.7086
1625069322043000,1,129.00000000,0.7086
1625069322043000,1,202.56648473,0.7086
1625069322043000,1,203.47067583,0.7084
1625069322043000,1,1675.86982006,0.7083
1625069533963000,0,194.99891175,0.7138
1625069533963000,0,193.61634237,0.7140
1625069533963000,0,1774.23939689,0.7141
1625069533963000,0,195.35354569,0.7143
1625069533963000,0,1605.06114699,0.7144
1625071020189000,0,205.12873819,0.7171
1625071020189000,0,199.01162222,0.7173
1625071020189000,0,345.87594230,0.7174
1625071069242000,0,55.79656572,0.7169
1625073830741000,1,192.26582111,0.7145
1625073830741000,1,193.63321249,0.7145
1625073830741000,1,194.82525435,0.7145
1625073830841000,0,500.00000000,0.7145
1625073933121000,0,11790.90162823,0.7145
1625073933625000,0,11128.37408382,0.7145
1625074473428000,0,194.33009176,0.7151
1625074473428000,0,207.35576034,0.7153
1625074473428000,0,195.14745902,0.7154
1625074473428000,0,808.65245530,0.7155
1625075054651000,1,106.72418400,0.7222
1625075478155000,0,197.13149085,0.7217
1625075478155000,0,207.79994009,0.7219
1625075530981000,0,404.93143094,0.7225
1625077327184000,0,196.62215041,0.7207
1625078799816000,0,50.00000000,0.7311
1625079658585000,0,194.05858591,0.7322
1625079661874000,1,500.00000000,0.7322
1625079681844000,1,586.51383200,0.7322
1625080334328000,1,102.07618348,0.7322
1625081323261000,1,100.00000000,0.7304
1625081323894000,1,30.66276029,0.7304
1625085582323000,1,394.29141286,0.7420
1625086279620000,1,192.99823718,0.7394
1625086878559000,1,163.86121368,0.7373
1625086889782000,0,64.26822173,0.7391
1625087228887000,0,144.61700376,0.7411
1625089137177000,0,150.00000000,0.7413
1625089464046000,0,500.00000000,0.7409
1625090146976000,0,62.95484673,0.7393
1625092282152000,1,192.75352134,0.7383
1625092282152000,1,201.40718530,0.7380
1625092282228000,0,0.13070622,0.7380
1625097733319000,1,198.84885048,0.7417
1625097982828000,1,389.65864823,0.7400
1625100903642000,0,196.48581561,0.7362
1625102402276000,1,100.00000000,0.7389
1625106634836000,1,100.00000000,0.7260
1625114754855000,1,196.64375295,0.7220
1625117365435000,1,193.62333884,0.7216
1625118763133000,0,195.07950688,0.7291
1625118763133000,0,195.03726919,0.7292
1625118763133000,0,207.41958912,0.7293
1625118763133000,0,100.00000000,0.7295
1625118763133000,0,201.73237469,0.7295
1625118763133000,0,313.39654228,0.7297
1625118763133000,0,158.24479265,0.7297
1625120178940000,1,82.35278386,0.7279
1625120258074000,1,198.66186933,0.7276
1625120258074000,1,6.56099135,0.7276
1625121381143000,1,100.00000000,0.7257
1625121381853000,1,99.87308507,0.7257
1625121381853000,1,92.99297418,0.7255
1625121955175000,1,200.60591939,0.7192
1625121955175000,1,211.52755273,0.7190
1625121961246000,0,199.96162399,0.7182
1625121972943000,1,197.09178301,0.7170
1625121972943000,1,200.88677623,0.7168
1625122157886000,1,207.12276171,0.7125
1625122220838000,1,35.35211267,0.7100
1625122436797000,0,206.92533232,0.7125
1625125206568000,0,196.89301208,0.7129
1625125206568000,0,3.10698792,0.7132
1625125590639000,1,193.17965800,0.7085
1625126186304000,0,140.99400775,0.7093
1625126461132000,0,204.60536237,0.7083
1625126520001000,1,203.59653243,0.7115
1625129269260000,1,500.00000000,0.7108
1625129269664000,1,100.00000000,0.7106
1625129373649000,1,195.13719431,0.7076
1625129544174000,0,760.32168583,0.7081
1625129547134000,0,1030.54760000,0.7081
1625129613750000,1,194.54507602,0.7083
1625129787473000,0,500.00000000,0.7106
1625130601582000,1,329.40990210,0.7099
1625134820100000,1,200.19390338,0.7058
1625134820100000,1,202.58458336,0.7056
1625134820100000,1,1790.93135716,0.7055
1625134820100000,1,205.53234559,0.7055
1625134820100000,1,187.57257006,0.7053
1625134820100000,1,100.00000000,0.7052
1625134820100000,1,1276.45458414,0.7051
1625134960967000,0,202.88280000,0.7058
1625134961033000,0,0.00002451,0.7058
1625135016057000,0,103.67515531,0.7059
1625137331582000,1,500.00000000,0.7072
