timestamp ms,type,amount,price
1621988429411000,0,0.02044000,1.23
1621988431424000,1,0.03165900,1.23
1621988476099000,1,0.03215430,1.23
1621988644420000,1,0.00016700,1.22
1621996518616000,0,0.11155495,1.28
1621999386290000,0,0.02973223,1.27
1621999386290000,0,0.01796737,1.27
1622000092253000,0,0.02984837,1.26
1622000092253000,0,0.00061169,1.26
1622000092352000,0,0.00701628,1.26
1622000092354000,0,0.00600000,1.26
1622000092387000,0,0.00414939,1.26
1622000092389000,0,0.00157250,1.26
1622000940395000,1,0.01899668,1.26
1622001852876000,1,0.00245493,1.26
1622004336136000,0,0.00042292,1.25
1622007285009000,0,0.00375091,1.26
1622008577085000,1,0.01312953,1.25
1622012493877000,1,0.01891000,1.25
1622012856697000,1,0.00043509,1.25
1622014106295000,1,0.01885000,1.26
1622014788773000,0,0.01877000,1.26
1622016277516000,1,0.00109893,1.26
1622016362348000,1,0.00176233,1.26
1622016362348000,1,0.02929142,1.26
1622016362348000,1,0.02934721,1.26
1622016362348000,1,0.01876000,1.26
1622016511860000,0,0.00874500,1.26
1622016512001000,0,0.00875000,1.26
1622016514312000,0,0.00166264,1.26
1622017401475000,0,0.02413072,1.24
1622018372574000,0,0.00621199,1.25
1622018600247000,1,0.00597112,1.24
1622023929340000,0,0.02473100,1.24
1622023976975000,1,0.06233624,1.23
1622023976975000,1,0.01564799,1.23
1622023977114000,1,0.00928018,1.23
1622030793217000,0,0.01241921,1.25
1622034016240000,1,0.00903136,1.26
1622034016379000,1,0.00822000,1.26
1622034236597000,1,0.01251000,1.24
1622034236821000,1,0.01199403,1.24
1622034395401000,1,0.02466700,1.24
1622035584957000,0,0.02513575,1.24
1622035594892000,0,0.03065400,1.24
1622035595026000,0,0.06259816,1.24
1622035595026000,0,0.02377360,1.24
1622035868031000,0,0.08618637,1.24
1622037606612000,1,0.02574481,1.21
1622037607808000,1,0.06420236,1.21
1622037607808000,1,0.14845643,1.21
1622037608392000,1,0.01862566,1.21
1622037696130000,0,0.02594519,1.22
1622037696130000,0,0.16848274,1.22
1622037696130000,0,0.01571318,1.22
1622037696651000,0,0.04912313,1.22
1622037760487000,0,0.02580641,1.22
1622037760487000,0,0.06424428,1.22
1622038144549000,0,0.07018354,1.23
1622038490480000,1,0.16529702,1.23
1622038490480000,1,0.04469047,1.23
1622038491880000,1,0.01885673,1.23
1622038491880000,1,0.02541753,1.23
1622038615994000,1,0.06403986,1.22
1622038615994000,1,0.02561111,1.22
1622038615994000,1,0.12115303,1.22
1622038775694000,0,0.02567097,1.22
1622038775694000,0,0.06417740,1.22
1622038775694000,0,0.16685921,1.22
1622038834112000,0,0.02567862,1.23
1622039030745000,0,0.00123796,1.23
1622039288395000,1,0.02543243,1.22
1622039288395000,1,0.00858836,1.22
1622039297434000,1,0.01400000,1.22
1622039297712000,1,0.01000000,1.22
1622039301109000,1,0.01010000,1.22
1622039301124000,1,0.00300000,1.22
1622039301312000,1,0.01790439,1.22
1622039301312000,1,0.01113361,1.22
1622039301457000,1,0.15403767,1.22
1622039825027000,1,0.00694631,1.22
1622039825040000,1,0.00379699,1.22
1622039825041000,1,0.00379699,1.22
1622039825059000,1,0.00380040,1.22
1622039825142000,1,0.00532929,1.22
1622039826503000,1,0.00179821,1.22
1622039826503000,1,0.00620179,1.22
1622039830751000,1,0.00429111,1.22
1622039830757000,1,0.00290489,1.22
1622039830829000,1,0.00500000,1.22
1622039830830000,1,0.02465979,1.22
1622039830876000,1,0.02059643,1.22
1622039830876000,1,0.00300357,1.22
1622039830990000,1,0.00376148,1.22
1622039831491000,1,0.03200000,1.22
1622039832024000,1,0.00400000,1.22
1622039832374000,1,0.00367249,1.22
1622039832452000,1,0.00300000,1.22
1622039832455000,1,0.03299999,1.22
1622039832458000,1,0.00971707,1.22
1622039833265000,1,0.02000000,1.22
1622039833629000,1,0.01200000,1.22
1622039833670000,1,0.00600000,1.22
1622039833774000,1,0.01000000,1.22
1622039834151000,1,0.02548579,1.22
1622039837258000,1,0.00370435,1.22
1622039971605000,0,0.02552085,1.23
1622039971605000,0,0.06380213,1.23
1622039971605000,0,0.11783028,1.23
1622039972316000,0,0.04803081,1.23
1622044561122000,1,0.16638858,1.23
1622044693707000,1,0.02009000,1.23
1622044694767000,1,0.02008464,1.23
1622044695277000,1,0.06425662,1.22
1622044799214000,1,0.02009000,1.21
1622045758144000,1,0.02544868,1.22
1622047679804000,0,0.09554333,1.21
1622047679804000,0,0.02041545,1.21
1622054675512000,1,0.00334440,1.23
1622054675531000,1,0.01791982,1.23
1622054675534000,1,0.03142901,1.23
1622055902581000,1,0.00059956,1.24
1622061306762000,0,0.02515089,1.25
1622063381658000,0,0.02478955,1.26
1622063590254000,1,0.01788974,1.27
1622065759605000,0,0.00784813,1.26
1622068309959000,1,0.02415400,1.26
1622069976666000,0,0.00174842,1.27
1622072879089000,1,0.01941000,1.26
1622072879205000,1,0.02459980,1.26
1622073808579000,1,0.06109191,1.27
1622073808579000,1,0.02444197,1.27
1622074285354000,0,0.02465786,1.26
1622074285354000,0,0.06163996,1.26
1622075330741000,0,0.00040703,1.25
1622075491273000,0,0.00040000,1.25
1622075546834000,0,0.00040777,1.25
1622076076092000,0,0.01685527,1.24
1622076076092000,0,0.02542885,1.24
1622076639553000,1,0.00103808,1.25
1622078772217000,0,0.02595611,1.23
1622078772217000,0,0.06483839,1.23
1622078772217000,0,0.12090009,1.23
1622078772748000,0,0.04760422,1.23
1622078857350000,1,0.02580498,1.23
1622078857350000,1,0.16777779,1.23
1622078857350000,1,0.01995182,1.23
1622078859566000,1,0.02579193,1.23
1622079439536000,0,0.02589955,1.23
1622079815435000,1,0.06461478,1.23
1622079815435000,1,0.02582588,1.23
1622079815435000,1,0.12283686,1.23
1622079871482000,1,0.16828956,1.22
1622079871482000,1,0.02586626,1.22
1622079871482000,1,0.01998479,1.22
1622079877484000,1,0.04468626,1.22
1622080162411000,1,0.02597095,1.22
1622080162411000,1,0.06491973,1.22
1622080162411000,1,0.12416920,1.22
1622080162892000,1,0.04476815,1.22
1622080299182000,1,0.02583688,1.22
1622080299182000,1,0.16801808,1.22
1622080299182000,1,0.02169399,1.22
1622080299695000,1,0.04290732,1.22
1622080559837000,1,0.02621718,1.22
1622080559837000,1,0.06548849,1.22
1622080559837000,1,0.12681392,1.22
1622080613959000,1,0.02624987,1.21
1622080613959000,1,0.06563546,1.21
1622080613959000,1,0.12752870,1.21
1622080616570000,1,0.04324357,1.21
1622080629853000,1,0.02627817,1.21
1622080629853000,1,0.17084272,1.21
1622080629853000,1,0.02344228,1.21
1622080630909000,1,0.04226358,1.21
1622080858415000,1,0.17222663,1.22
1622080858415000,1,0.02645672,1.22
1622080858415000,1,0.02065053,1.22
1622080864029000,1,0.03514400,1.22
1622080864727000,1,0.01039472,1.22
1622080867060000,1,0.00000510,1.22
1622080942969000,0,0.06625329,1.22
1622080942969000,0,0.02650539,1.22
1622080970727000,0,0.02654540,1.22
1622081384734000,0,0.02652412,1.23
1622081384734000,0,0.06630990,1.23
1622081415510000,0,0.06572832,1.23
1622081415510000,0,0.02629224,1.23
1622081415510000,0,0.12265415,1.23
1622081417828000,0,0.04817943,1.23
1622081444304000,0,0.01251000,1.23
1622081630207000,0,0.06529891,1.23
1622081630207000,0,0.14779300,1.23
1622081630742000,0,0.02221057,1.23
1622081630742000,0,0.02615942,1.23
1622082205467000,1,0.01725653,1.23
1622082205467000,1,0.02600751,1.23
1622082205467000,1,0.06502051,1.23
1622082329830000,1,0.02597406,1.23
1622082329830000,1,0.06510432,1.23
1622082329830000,1,0.12395098,1.23
1622082330334000,1,0.06495988,1.23
1622082553059000,1,0.06511641,1.23
1622082553059000,1,0.02603767,1.23
1622082553059000,1,0.12379691,1.23
1622082554604000,1,0.04552482,1.23
1622082572864000,1,0.06515728,1.23
1622082572864000,1,0.15020369,1.23
1622082573341000,1,0.01928465,1.23
1622082573341000,1,0.02606544,1.23
1622082573341000,1,0.00104061,1.23
1622082717177000,1,0.06524750,1.23
1622082717177000,1,0.02607950,1.23
1622082717177000,1,0.12532940,1.23
1622082717713000,1,0.04437480,1.23
1622082742728000,1,0.06539131,1.22
1622082742728000,1,0.15152908,1.22
1622082868512000,1,0.02609664,1.22
1622082868512000,1,0.06526291,1.22
1622082868512000,1,0.12596623,1.22
1622082869056000,1,0.04376540,1.22
1622083146395000,1,0.02678250,1.23
1622083912909000,1,0.17026997,1.22
1622083912909000,1,0.04664806,1.22
1622083913438000,1,0.01883748,1.22
1622083913438000,1,0.02618973,1.22
1622084050739000,1,0.02612261,1.22
1622084050739000,1,0.06531742,1.22
1622084050739000,1,0.12579071,1.22
1622084051865000,1,0.02609647,1.22
1622084366966000,0,0.06556481,1.23
1622084366966000,0,0.14909858,1.23
1622084368050000,0,0.02138345,1.23
1622084368050000,0,0.02626328,1.23
1622084701943000,1,0.06530991,1.22
1622084701943000,1,0.02612396,1.22
1622084701943000,1,0.12666242,1.22
1622084823189000,1,0.04314979,1.22
1622084853471000,1,0.02617456,1.22
1622084853471000,1,0.06546820,1.22
1622084853471000,1,0.12841065,1.22
1622084853792000,1,0.01251000,1.22
1622084870508000,1,0.02940096,1.22
1622084941743000,1,0.06602032,1.22
1622084941743000,1,0.02639420,1.22
1622084941743000,1,0.12829648,1.22
1622084942231000,1,0.04350391,1.22
1622085153097000,1,0.02655391,1.21
1622085153097000,1,0.17273368,1.21
1622085153097000,1,0.02183520,1.21
1622085153647000,1,0.02648053,1.21
1622085503885000,1,0.17387008,1.21
1622085503885000,1,0.04821107,1.21
1622085504418000,1,0.01863055,1.21
1622085504418000,1,0.02673319,1.21
1622085537562000,1,0.02671254,1.21
1622085537562000,1,0.06694603,1.21
1622085537562000,1,0.12857495,1.21
1622085538044000,1,0.04549515,1.21
1622085543157000,1,0.02059000,1.21
1622085543157000,1,0.03316018,1.21
1622085588670000,0,0.06713605,1.22
1622085588670000,0,0.02685956,1.22
1622085588670000,0,0.12562084,1.22
1622085603520000,0,0.02687906,1.22
1622085915035000,0,0.02945989,1.22
1622086243019000,0,0.17315112,1.22
1622086243019000,0,0.04446731,1.22
1622086243571000,0,0.02216631,1.22
1622086243571000,0,0.02665474,1.22
1622086316074000,0,0.02659416,1.22
1622086316074000,0,0.00394122,1.22
1622086322979000,0,0.03200655,1.22
1622086322979000,0,0.00061408,1.22
1622086323080000,0,0.03214164,1.22
1622086323128000,0,0.03296665,1.22
1622086323131000,0,0.01458500,1.22
1622086323170000,0,0.09252071,1.22
1622087381852000,0,0.01251000,1.23
1622089773380000,1,0.06637163,1.22
1622092503913000,0,0.00346212,1.22
1622095201893000,1,0.01251000,1.23
1622098100853000,0,0.01251000,1.24
1622104032927000,1,0.01781500,1.22
1622104114180000,1,0.00017600,1.22
1622105930004000,0,0.03175000,1.22
1622105930245000,1,0.06265300,1.22
1622106766614000,1,0.02047000,1.21
1622106766614000,1,0.00511900,1.21
1622106766738000,1,0.02047000,1.21
1622107675912000,1,0.01764500,1.22
1622111439072000,0,0.01052790,1.22
1622116559788000,0,0.00517800,1.21
1622116716641000,0,0.00210937,1.21
1622120166505000,1,0.02574221,1.19
1622120167039000,0,0.03315878,1.19
1622120317074000,1,0.00041118,1.19
1622120329895000,0,0.00040950,1.19
1622120788864000,0,0.09372105,1.19
1622121877793000,0,0.01988000,1.20
1622121877899000,0,0.01096462,1.20
1622121877899000,0,0.00891538,1.21
1622122036735000,0,0.01973000,1.21
1622131380364000,0,0.01251000,1.20
1622131922876000,1,0.00019227,1.21
1622132420586000,1,0.00930787,1.21
1622132989245000,0,0.00040576,1.21
1622133062441000,0,0.00930787,1.21
1622139674539000,1,0.00041791,1.22
1622139714094000,0,0.00038914,1.22
1622140643298000,0,0.00085187,1.21
1622148594508000,1,0.01000000,1.20
1622152494464000,1,0.02027000,1.21
1622154323666000,1,0.02590408,1.21
1622156605225000,0,0.02587399,1.22
1622156605411000,0,0.00100000,1.22
1622156605821000,0,0.00363764,1.22
1622156606346000,0,0.00627056,1.22
1622156608284000,0,0.00300000,1.22
1622156625562000,0,0.01556151,1.22
1622156633036000,0,0.03112099,1.22
1622156633053000,0,0.01064665,1.22
1622156633086000,0,0.00836934,1.22
1622156633088000,0,0.01228460,1.22
1622156633112000,0,0.03141000,1.22
1622156633144000,0,0.01237008,1.22
1622156633159000,0,0.00390000,1.22
1622156633177000,0,0.01620000,1.22
1622156633425000,0,0.01000000,1.22
1622156634343000,0,0.00335015,1.22
1622156647391000,1,0.00040079,1.22
1622157336539000,0,0.00043083,1.21
