timestamp ms,type,amount,price
1627689708822000,1,0.00625000,0.74275372
1627690265834000,0,0.00246820,0.74478164
1627691014694000,1,0.00625000,0.74895562
1627691017337000,0,0.00247100,0.75073524
1627691455063000,1,0.00248150,0.75156286
1627691455063000,1,0.00251034,0.75133483
1627691457537000,1,0.00244709,0.75115601
1627691457537000,1,0.00243580,0.75114699
1627691457537000,1,0.00261327,0.75095815
1627691461982000,1,0.00194015,0.75112545
1627692413076000,1,0.24652509,0.74958491
1627692421926000,1,0.00248470,0.74573136
1627692421926000,1,0.00244471,0.74554492
1627692426635000,0,0.00245133,0.74742840
1627692426635000,0,0.00239902,0.74759952
1627692426635000,0,0.03058000,0.74778655
1627692426635000,0,0.00251465,0.74784113
1627692426635000,0,0.04829682,0.74850368
1627692426968000,1,0.00625000,0.74782480
1627692725146000,0,0.00241844,0.74992799
1627692725146000,0,0.01244848,0.75005175
1627692725146000,0,0.00369257,0.75005175
1627692725170000,0,0.02178434,0.75005175
1627692725170000,0,0.00222222,0.75005175
1627692725188000,0,0.01874000,0.75005175
1627692725210000,0,0.00253047,0.74984223
1627692725210000,0,0.00813911,0.75005175
1627692725237000,0,0.00800218,0.75005175
1627692725243000,0,0.01333697,0.75005175
1627692725261000,0,0.00659999,0.75005175
1627692726182000,0,0.02365799,0.75031233
1627692726328000,0,0.00666364,0.75031233
1627692839210000,0,0.00743458,0.75033266
1627692839210000,0,0.02723291,0.75033266
1627692839243000,0,0.02053122,0.75033266
1627692839243000,0,0.00259473,0.75074504
1627692839243000,0,0.00232695,0.75091105
1627692974414000,0,0.00243149,0.75219289
1627693106212000,0,0.04657879,0.75144472
1627697146135000,0,0.02590952,0.75042618
1627699789943000,0,0.00245075,0.75246579
1627700211326000,0,0.10431791,0.75713032
1627704506369000,1,0.00029478,0.75053135
1627705974365000,0,0.00255312,0.75015235
1627711517617000,0,0.03787263,0.75452347
1627711517654000,0,0.05003997,0.75530440
1627711518239000,0,0.00200000,0.75828419
1627712325023000,0,0.00200000,0.75631130
1627713803310000,1,0.00026645,0.75858728
1627714163728000,0,0.01258248,0.76155196
1627714163810000,0,0.00952021,0.76155196
1627722707574000,1,0.00255103,0.75952958
1627722707574000,1,0.04769310,0.75949534
1627722707574000,1,0.04724498,0.75942103
1627722707574000,1,0.03744948,0.75922415
1627722970347000,0,0.00625000,0.76006210
1627723681307000,1,0.00258585,0.75892531
1627726985291000,1,0.00244214,0.75617170
1627727846335000,1,0.00241884,0.75898393
1627739634214000,1,0.01870000,0.76232656
1627739901056000,1,0.00256946,0.76132736
1627740597665000,1,0.00257768,0.75895879
1627740597665000,1,0.00239026,0.75876905
1627742405986000,0,0.00391774,0.76562364
1627742406081000,0,0.00233226,0.76562364
1627743646191000,0,0.00243904,0.76424869
1627747487076000,1,0.00248347,0.77037571
1627748648471000,0,0.00458987,0.77073384
1627748648787000,0,0.00253513,0.77172531
1627748648935000,0,0.00484156,0.77172531
1627748648948000,0,0.00537413,0.77172531
1627748648965000,0,0.00458525,0.77172531
1627751699522000,0,0.00625000,0.77068558
1627752312153000,0,0.00246775,0.76873228
1627754877666000,1,0.00247554,0.77720651
1627754877772000,1,0.00255747,0.77747663
1627754877772000,1,0.00000753,0.77720651
1627754877772000,1,0.00119648,0.77708809
1627756051287000,0,0.00245563,0.77833199
1627758291883000,0,0.00257083,0.78359340
1627759407410000,0,0.00390808,0.78593426
1627761697970000,0,0.00200000,0.78716660
1627761699145000,0,0.00625000,0.78679863
1627763084908000,0,0.00625000,0.79257603
1627763084941000,0,0.01888392,0.79257603
1627763352484000,0,0.00625000,0.79331585
1627764379450000,1,0.00243422,0.79013940
1627764379450000,1,0.04529370,0.79007053
1627764379450000,1,0.00799561,0.79001181
1627765212032000,0,0.00255133,0.79200786
1627765212032000,0,0.04503635,0.79237170
1627765212032000,0,0.00259321,0.79237171
1627765261175000,1,0.00241497,0.79093206
1627765261272000,1,0.00260138,0.79073432
1627765261317000,1,0.01659999,0.79053680
1627765261457000,1,0.06100000,0.79053680
1627765963615000,0,0.02500000,0.80000000
1627765964065000,0,0.00710000,0.80462829
1627765964099000,0,0.00248725,0.80422598
1627765964099000,0,0.01551275,0.80485328
1627765964099000,0,0.00246425,0.80485328
1627765964099000,0,0.03562147,0.80485329
1627765964099000,0,0.08903168,0.80485329
1627765964134000,0,0.00258491,0.80442704
1627765964218000,0,0.00246114,0.80465198
1627765964218000,0,0.00625000,0.80473506
1627765964679000,0,0.01426155,0.80485330
1627765964692000,0,0.01625415,0.80485330
1627766103819000,1,0.00244833,0.79885967
1627767773953000,1,0.00250458,0.80153852
1627767773953000,1,0.00242824,0.80141167
1627768095143000,1,0.00249685,0.79995129
1627768095143000,1,0.00257514,0.79995128
1627776148408000,1,0.00625000,0.80078839
1627776149422000,1,0.00625000,0.80078839
1627776150225000,1,0.06117100,0.80078839
1627776150474000,1,0.00124878,0.80078839
1627776150474000,1,0.00811154,0.80078839
1627776155334000,1,0.00258884,0.79867620
1627776155334000,1,0.00052355,0.79847653
1627776203487000,1,0.02948000,0.79085959
1627777207640000,0,0.00124878,0.80224849
1627777675535000,0,0.03515209,0.81186237
1627777676166000,0,0.02864000,0.81463301
1627777676239000,0,0.03505883,0.81483159
1627777677066000,0,0.00257076,0.81582512
1627777677066000,0,0.00235709,0.81602908
1627781211118000,0,0.00305296,0.80695513
1627781363496000,1,0.00493661,0.80380009
1627781363539000,1,0.02700000,0.80380009
1627781363543000,1,0.00342512,0.80380009
1627781630218000,1,0.00259939,0.79849210
1627784784205000,0,0.00393002,0.79470499
1627784784304000,0,0.00624797,0.79470499
1627784784358000,0,0.00939730,0.79470499
1627784785365000,0,0.01626644,0.79470499
1627784787615000,0,0.04290000,0.79504570
1627784787700000,0,0.00469999,0.79504570
1627784796383000,0,0.00631342,0.79504570
1627784796456000,0,0.01240400,0.79504570
1627784796548000,0,0.01979000,0.79504570
1627784796609000,0,0.02479999,0.79504570
1627784796636000,0,0.01436500,0.79504570
1627784796675000,0,0.00500000,0.79504570
1627784796709000,0,0.01690700,0.79504570
1627784796800000,0,0.00401700,0.79504570
1627784796895000,0,0.01156300,0.79504570
1627784801662000,0,0.07024018,0.79504570
1627784801662000,0,0.08959768,0.79504570
1627788283867000,1,0.00252029,0.79186307
1627788283867000,1,0.03591247,0.79179221
1627788283867000,1,0.04056008,0.79179221
1627788283898000,1,0.01000000,0.79179221
1627788328272000,1,0.00680100,0.79179221
1627788360075000,1,0.00609990,0.79179221
1627788364078000,1,0.02631255,0.79179221
1627788366277000,1,0.00242425,0.79142248
1627788381143000,1,0.00252394,0.79125685
1627788381143000,1,0.02417607,0.79110543
1627788381177000,1,0.03880000,0.79110543
1627788381196000,1,0.03320000,0.79110543
1627788381201000,1,0.01098775,0.79110543
1627788381239000,1,0.00499999,0.79110543
1627788381240000,1,0.04500000,0.79110543
1627788381491000,1,0.00848300,0.79110543
1627788381636000,1,0.04379077,0.79110543
1627788381928000,1,0.02401658,0.79110543
1627788451102000,0,0.00625000,0.78908462
1627790983296000,0,0.00255900,0.79372223
1627791940092000,0,0.00590087,0.79334202
1627791940200000,0,0.00034913,0.79334202
1627791940200000,0,0.00273020,0.79374594
1627791940200000,0,0.01699545,0.79381736
1627791940215000,0,0.00425340,0.79381736
1627791940314000,0,0.00768360,0.79381736
1627791940367000,0,0.03782292,0.79381736
1627791971130000,0,0.02522532,0.79498604
1627802414622000,0,0.00241154,0.79870482
1627804853384000,1,0.00201705,0.79430706
1627814138327000,1,0.00625000,0.79749580
1627815362067000,1,0.00243967,0.79371831
1627815362067000,1,0.00254295,0.79355220
1627815366009000,1,0.00244961,0.79356007
1627816921606000,0,0.00259229,0.79188264
1627816921606000,0,0.00610396,0.79198165
1627816921893000,0,0.00251503,0.79188264
1627816921893000,0,0.00259054,0.79207081
1627816921893000,0,0.00250525,0.79207082
1627816921893000,0,0.00112557,0.79227877
1627816924803000,0,0.00866451,0.79227877
1627831160703000,1,0.00194695,0.79250283
1627833997126000,1,0.00241015,0.78953653
1627833997126000,1,0.00259071,0.78945041
1627833997126000,1,0.04667620,0.78921089
1627833997126000,1,0.00235330,0.78917318
1627833997126000,1,0.04604984,0.78914196
1627833998112000,1,0.00255943,0.78913296
1627835396820000,1,0.00257551,0.78244932
1627835396820000,1,0.04620943,0.78205830
1627835449330000,1,0.04678115,0.78344756
1627835526403000,1,0.00255806,0.78423048
1627836992379000,0,0.00259846,0.78738668
1627838932189000,0,0.00625000,0.78808382
1627838962873000,0,0.00246801,0.78745922
1627850034693000,1,0.00258307,0.80250164
1627850034693000,1,0.01046550,0.80241804
1627854747005000,1,0.00257830,0.80589955
1627860370033000,0,0.00242393,0.79821385
1627860370096000,1,0.00625000,0.79821697
1627860370141000,1,0.00246411,0.79821697
1627860372349000,0,0.00246116,0.79821385
1627860537697000,1,0.04738831,0.79529890
