timestamp ms,type,amount,price
1627863783376000,1,249.96313000,0.8426
1627863783376000,1,181.49497000,0.8426
1627863822766000,1,322.04000000,0.8426
1627867806567000,1,600.00000000,0.8428
1627867806567000,1,1186.09611000,0.8426
1627867806695000,0,6746.85599000,0.8426
1627869014364000,0,1999.99999000,0.8433
1627869018706000,0,0.00001000,0.8433
1627869018706000,0,4859.47926000,0.8433
1627873467514000,1,139.25564000,0.8429
1627873657673000,1,239.57528000,0.8429
1627873773354000,1,62.77013000,0.8429
1627874159953000,1,126.77202000,0.8429
1627874472944000,1,64.37162000,0.8429
1627874562298000,1,1367.67677000,0.8429
1627874969474000,1,600.00000000,0.8423
1627874969538000,0,5146.41622000,0.8423
1627874969578000,0,39.35419000,0.8423
1627878630184000,1,600.00000000,0.8424
1627878630243000,0,600.00000000,0.8424
1627878630345000,0,229.54136000,0.8424
1627878631349000,0,229.54136000,0.8424
1627878632343000,0,229.54136000,0.8424
1627878633355000,0,229.54136000,0.8424
1627878634347000,0,229.54136000,0.8424
1627878635352000,0,229.54136000,0.8424
1627878636347000,0,229.54136000,0.8424
1627878637460000,0,229.54136000,0.8424
1627878638347000,0,229.54136000,0.8424
1627878639358000,0,229.55730000,0.8424
1627878640353000,0,227.60229000,0.8424
1627878641349000,0,213.44492000,0.8424
1627878642357000,0,200.16817000,0.8424
1627878643358000,0,187.71726000,0.8424
1627878644357000,0,176.04083000,0.8424
1627878645368000,0,176.04083000,0.8424
1627878646361000,0,165.09070000,0.8424
1627878647360000,0,165.09070000,0.8424
1627878648360000,0,165.09070000,0.8424
1627878649374000,0,133.59789000,0.8424
1627878650364000,0,125.28780000,0.8424
1627878651361000,0,125.28780000,0.8424
1627878652361000,0,125.28780000,0.8424
1627878653367000,0,125.46406000,0.8424
1627879135914000,1,250.08502000,0.8423
1627880344843000,1,5683.20510000,0.8423
1627880344843000,1,2.93929000,0.8423
1627880402784000,0,9380.42511000,0.8424
1627880403153000,1,619.57489000,0.8424
1627880403307000,0,9926.04875000,0.8423
1627881955558000,1,555.56076000,0.8425
1627882324266000,1,1032.40014000,0.8425
1627882366266000,1,41.67164000,0.8425
1627882393625000,1,31.81643000,0.8425
1627882524318000,1,679.00000000,0.8425
1627882736297000,0,599.99999000,0.8425
1627882740993000,0,600.00000000,0.8427
1627882740993000,0,1999.99999000,0.8427
1627882745693000,0,599.99999000,0.8427
1627882813687000,0,375.99999000,0.8427
1627884438533000,1,436.14863000,0.8421
1627884499879000,0,4273.80585000,0.8423
1627884509949000,0,712.32338000,0.8423
1627884514309000,0,2635.69984000,0.8423
1627884519968000,0,712.32338000,0.8423
1627884801586000,0,3042.48815000,0.8422
1627886321556000,0,379.00000000,0.8425
1627886432853000,1,1563.97401000,0.8425
1627886432853000,1,7156.02599000,0.8425
1627886794914000,1,2464.97401000,0.8425
1627886794914000,1,1458.46599000,0.8409
1627887392779000,1,600.00000000,0.8425
1627887401222000,0,378.99998000,0.8421
1627887415844000,0,656.83631000,0.8420
1627887439224000,0,421.72168000,0.8420
1627887440236000,0,413.48773000,0.8420
1627887456563000,0,507.95428000,0.8420
1627887615242000,0,379.00000000,0.8415
1627888202278000,1,120.82377000,0.8415
1627888928820000,1,1879.17623000,0.8415
1627888928820000,1,4292.36077000,0.8414
1627890053898000,0,1703.79302000,0.8415
1627890053910000,0,9999.99999000,0.8415
1627890053960000,0,10000.00000000,0.8415
1627890054469000,0,378.99999000,0.8412
1627890054497000,0,0.00001000,0.8412
1627890054497000,0,334.10577000,0.8415
1627890054543000,0,9999.99999000,0.8415
1627890055149000,0,9999.99999000,0.8415
1627890055419000,0,9275.27589000,0.8415
1627890055419000,0,724.72411000,0.8417
1627890085364000,0,2000.00000000,0.8416
1627890085364000,0,379.00000000,0.8417
1627890202229000,1,2000.00000000,0.8417
1627890202229000,1,7621.00000000,0.8417
1627890202229000,1,3369.10878000,0.8400
1627890202229000,1,379.00000000,0.8391
1627890202229000,1,1096.00000000,0.8387
1627890202229000,1,3767.00000000,0.8372
1627890202229000,1,11815.85799000,0.8372
1627890202229000,1,251.30016000,0.8360
1627890202229000,1,21013.90772000,0.8360
1627890202446000,0,378.99998000,0.8415
1627890202500000,0,0.00002000,0.8415
1627890203934000,0,379.00000000,0.8415
1627890204132000,1,379.00000000,0.8416
1627891608337000,0,599.30116000,0.8419
1627893179633000,1,600.00000000,0.8412
1627893184166000,1,679.55999000,0.8412
1627893484289000,1,5059.77016000,0.8412
1627893959443000,0,2000.00000000,0.8417
1627893959573000,1,780.56868000,0.8417
1627893974980000,0,379.00000000,0.8417
1627894443216000,1,425.14171000,0.8417
1627894516622000,1,780.62761000,0.8417
1627895329893000,0,379.00000000,0.8420
1627895329893000,0,876.80307000,0.8421
1627895329893000,0,1096.00000000,0.8421
1627895329893000,0,600.00000000,0.8422
1627895329893000,0,15.38928000,0.8427
1627895874075000,0,23.73799000,0.8421
1627896127756000,1,600.00000000,0.8418
1627896127756000,1,1901.66778000,0.8414
1627896213070000,1,600.00000000,0.8416
1627896248997000,1,600.00000000,0.8414
1627896248997000,1,1901.66778000,0.8413
1627896249327000,1,600.00000000,0.8414
1627896249327000,1,5307.92900000,0.8413
1627896310295000,1,600.00000000,0.8414
1627896310295000,1,976.54964000,0.8414
1627896310295000,1,2790.40322000,0.8413
1627896310402000,0,599.99999000,0.8413
1627896310412000,0,340.97614000,0.8413
1627897125017000,1,600.00000000,0.8414
1627897125017000,1,9659.02386000,0.8413
1627897125017000,1,485.98418000,0.8392
1627897125275000,0,378.99998000,0.8408
1627897125306000,0,0.00002000,0.8408
1627897125429000,0,221.00000000,0.8412
1627897126379000,0,379.00000000,0.8408
1627897127729000,0,379.00000000,0.8410
1627897129205000,1,379.00000000,0.8411
1627897918761000,1,600.00000000,0.8411
1627897985673000,0,803.00000000,0.8411
1627897985673000,0,2000.00000000,0.8412
1627897985673000,0,379.00000000,0.8413
1627897985673000,0,600.00000000,0.8414
1627897985673000,0,1096.00000000,0.8414
1627897985673000,0,98.96031000,0.8421
1627900243893000,0,878.21742000,0.8410
1627900243893000,0,310.19696000,0.8411
1627900345240000,0,128.46594000,0.8412
1627900346236000,0,128.46594000,0.8412
1627901429304000,0,600.00000000,0.8413
1627901429304000,0,1096.00000000,0.8416
1627901429304000,0,379.00000000,0.8416
1627901429304000,0,2074.86684000,0.8420
1627905784630000,0,379.00000000,0.8416
1627905784630000,0,600.00000000,0.8417
1627905784630000,0,1096.00000000,0.8417
1627905784630000,0,10000.00000000,0.8420
1627905784630000,0,1188.28352000,0.8428
1627905784630000,0,2970.70881000,0.8428
1627905784630000,0,7723.76520000,0.8429
1627905784630000,0,3767.00000000,0.8429
1627905784630000,0,15760.43079000,0.8430
1627905784630000,0,235.91088000,0.8452
1627905784630000,0,70.87429000,0.8452
1627905784630000,0,5253.47693000,0.8452
1627905784630000,0,19153.00000000,0.8458
1627905784630000,0,1000.00000000,0.8464
1627905784630000,0,1500.00000000,0.8465
1627905784630000,0,1500.00000000,0.8465
1627905784630000,0,1500.00000000,0.8465
1627905784630000,0,1500.00000000,0.8465
1627905784630000,0,1500.00000000,0.8465
1627905784630000,0,1500.00000000,0.8465
1627905784630000,0,1500.00000000,0.8465
1627905784630000,0,1500.00000000,0.8465
1627905784630000,0,1500.00000000,0.8465
1627905784630000,0,1500.00000000,0.8465
1627905784630000,0,1500.00000000,0.8465
1627905784630000,0,1500.00000000,0.8465
1627905784630000,0,1500.00000000,0.8465
1627905784630000,0,1500.00000000,0.8465
1627905784630000,0,1500.00000000,0.8465
1627905784630000,0,1500.00000000,0.8465
1627905784630000,0,1500.00000000,0.8465
1627905784630000,0,1500.00000000,0.8465
1627905784630000,0,1500.00000000,0.8465
1627905784630000,0,1500.00000000,0.8466
1627905784630000,0,1500.00000000,0.8466
1627905784630000,0,1500.00000000,0.8466
1627905784630000,0,1500.00000000,0.8467
1627905784630000,0,1500.00000000,0.8467
1627905784630000,0,3600.00000000,0.8468
1627905784630000,0,4500.00000000,0.8469
1627905784630000,0,4500.00000000,0.8469
1627905784630000,0,3000.00000000,0.8473
1627905784630000,0,3000.00000000,0.8474
1627905784630000,0,8000.00000000,0.8475
1627905784630000,0,3600.00000000,0.8478
1627905784630000,0,1500.00000000,0.8478
1627905784630000,0,1500.00000000,0.8478
1627905784630000,0,1500.00000000,0.8479
1627905784630000,0,1500.00000000,0.8479
1627905784630000,0,1500.00000000,0.8479
1627905784630000,0,1500.00000000,0.8479
1627905784630000,0,1500.00000000,0.8479
1627905784630000,0,1500.00000000,0.8479
1627905784630000,0,1500.00000000,0.8479
1627905784630000,0,1500.00000000,0.8479
1627905784630000,0,1500.00000000,0.8479
1627905784630000,0,1500.00000000,0.8479
1627905784630000,0,1500.00000000,0.8479
1627905784630000,0,1500.00000000,0.8479
1627905784630000,0,1500.00000000,0.8479
1627905784630000,0,1500.00000000,0.8479
1627905784630000,0,8392.97302000,0.8479
1627905784630000,0,8000.00000000,0.8480
1627905784630000,0,12800.57751000,0.8484
1627905784630000,0,1765.52978000,0.8486
1627905784630000,0,3700.00000000,0.8488
1627905784630000,0,5688.46011000,0.8491
1627905784630000,0,330.94272000,0.8492
1627905784630000,0,8782.62110000,0.8496
1627905784630000,0,13717.87500000,0.8498
1627905784630000,0,3800.00000000,0.8498
1627905784630000,0,3694.00000000,0.8498
1627905784630000,0,3000.00000000,0.8498
1627905784630000,0,3000.00000000,0.8498
1627905784630000,0,3000.00000000,0.8498
1627905784630000,0,3000.00000000,0.8498
1627905784630000,0,3000.00000000,0.8498
1627905784630000,0,3000.00000000,0.8498
1627905784630000,0,5103.69440000,0.8499
1627905784630000,0,3000.00000000,0.8499
1627905784630000,0,9069.62198000,0.8499
1627905784630000,0,2635.72091000,0.8499
1627905784630000,0,8793.67977000,0.8500
1627905784630000,0,18458.00000000,0.8500
1627905784630000,0,416.00000000,0.8500
1627905784630000,0,2686.10000000,0.8500
1627905784630000,0,780.88680000,0.8502
1627905784630000,0,4500.00000000,0.8503
1627905784630000,0,32531.22531000,0.8516
1627905784630000,0,21380.41529000,0.8516
1627905784630000,0,6115.40061000,0.8516
1627905784630000,0,6055.86166000,0.8520
1627905784630000,0,3569.26219000,0.8521
1627905784630000,0,7414.21244000,0.8536
1627905784630000,0,5688.45828000,0.8540
1627905784630000,0,8764.98353000,0.8549
1627905784630000,0,129.72586000,0.8560
1627905784630000,0,500.00000000,0.8570
1627905784630000,0,68.00000000,0.8580
1627905784630000,0,316.00000000,0.8580
1627905784630000,0,104.00000000,0.8580
1627905784630000,0,7554.00000000,0.8584
1627905784630000,0,2340.00000000,0.8591
1627905784630000,0,500.00000000,0.8596
1627905784630000,0,29.46032000,0.8662
1627905784630000,0,3804.00000000,0.8668
1627905784630000,0,200.00000000,0.8680
1627905784630000,0,103.00000000,0.8680
1627905784630000,0,3500.00000000,0.8689
1627905784630000,0,2997.78870000,0.8717
1627905784630000,0,3675.00000000,0.8794
1627905784630000,0,507.09756000,0.8800
1627905784630000,0,905.83659000,0.8836
1627905785426000,1,2270.94241000,0.8422
1627905785459000,1,651.72475000,0.8422
1627905785500000,1,9877.91035000,0.8422
1627905785767000,0,3360.00000000,0.8424
1627905785767000,0,600.00000000,0.8424
1627905785767000,0,600.00000000,0.8424
1627905785767000,0,543.69440000,0.8428
1627905785890000,0,644.48747000,0.8428
1627905785933000,1,600.00000000,0.8436
1627905786099000,1,8793.67977000,0.8446
1627905786099000,1,1206.32022000,0.8436
1627905786118000,1,6618.81429000,0.8436
1627905786139000,0,3381.18571000,0.8420
1627905786517000,0,3360.00000000,0.8436
1627905786517000,0,2064.16056000,0.8436
1627905786600000,1,1100.00000000,0.8449
1627905786698000,1,2240.82297000,0.8449
1627905786698000,1,3569.26219000,0.8432
1627905786698000,1,2734.21490000,0.8431
1627905814477000,0,600.00000000,0.8423
1627905814597000,1,567.18389000,0.8423
1627905814673000,1,604.02317000,0.8423
1627905814689000,1,1995.79294000,0.8423
1627905814846000,1,379.00000000,0.8420
1627905819554000,0,600.00000000,0.8420
1627905819612000,1,599.94551000,0.8420
1627905819694000,1,2567.05449000,0.8420
1627905833869000,0,600.00000000,0.8420
1627905839306000,1,3767.00000000,0.8416
1627906387854000,1,199.83999000,0.8420
1627906391916000,1,918.77999000,0.8420
1627906505558000,1,249.92002000,0.8419
1627906621677000,1,2000.00000000,0.8419
1627906621677000,1,379.00000000,0.8418
1627906625654000,1,249.99500000,0.8417
1627906745738000,1,249.99500000,0.8417
1627906865835000,1,250.05001000,0.8417
1627907106032000,1,250.05001000,0.8417
1627907401761000,1,599.99999000,0.8417
1627907493370000,1,999.49970000,0.8417
1627907493548000,1,0.50030000,0.8417
1627907493548000,1,125.47943000,0.8417
1627907493719000,1,0.06326000,0.8417
1627907493719000,1,1500.00000000,0.8416
1627907493719000,1,327.97950000,0.8416
1627907493848000,1,1171.43414000,0.8416
1627907493974000,1,0.58636000,0.8416
1627907493974000,1,782.00199000,0.8416
1627907494004000,1,717.99801000,0.8416
1627907494004000,1,1152.19600000,0.8416
1627907494102000,1,347.80400000,0.8416
1627907494102000,1,379.00000000,0.8415
1627907494102000,1,1113.49009000,0.8415
1627907495770000,1,3767.00000000,0.8415
1627907495828000,1,1840.29409000,0.8415
1627907495993000,1,46.21582000,0.8415
1627907495993000,1,1794.07827000,0.8415
1627907496170000,1,1077.76999000,0.8415
1627907496203000,1,128.15174000,0.8415
1627907496203000,1,1712.14235000,0.8415
1627907496414000,1,1485.05710000,0.8415
1627907496523000,1,1485.05710000,0.8415
1627907496669000,1,796.48731000,0.8415
1627907496866000,1,0.39849000,0.8415
1627907496866000,1,1287.85765000,0.8415
1627907496866000,1,552.03795000,0.8415
1627907497025000,1,1840.29409000,0.8415
1627907499596000,1,607.36412000,0.8415
1627907656453000,0,600.00000000,0.8416
1627907683506000,0,600.00000000,0.8416
1627907683506000,0,1953.42999000,0.8416
1627907683506000,0,1129.80599000,0.8416
1627907683506000,0,2000.00000000,0.8423
1627907683506000,0,10000.00000000,0.8423
1627907683506000,0,1187.65974000,0.8446
1627907683506000,0,2969.21988000,0.8446
1627907683506000,0,7719.94908000,0.8446
1627907683506000,0,379.00000000,0.8447
1627907683506000,0,2240.82297000,0.8449
1627907683506000,0,1096.00000000,0.8450
1627907683506000,0,3767.00000000,0.8476
1627907683506000,0,1676.05197000,0.8476
1627907683506000,0,11648.43070000,0.8490
1627907683506000,0,1000.00000000,0.8494
1627907683506000,0,10690.20765000,0.8495
1627907683506000,0,4409.61129000,0.8496
1627907683719000,0,600.00000000,0.8416
1627907683835000,1,283.37406000,0.8421
1627907683888000,1,95.62594000,0.8421
1627907683888000,1,504.30699000,0.8420
1627907683902000,1,571.74498000,0.8420
1627907685085000,1,379.00000000,0.8421
1627907686273000,1,379.00000000,0.8421
1627907686894000,1,379.00000000,0.8421
1627907687548000,1,198.97209000,0.8419
1627907688563000,1,198.97209000,0.8419
1627907689553000,1,198.97209000,0.8419
1627907690575000,1,198.97209000,0.8419
1627907691570000,1,198.97209000,0.8419
1627907692575000,1,198.97209000,0.8419
1627907703556000,1,140.51572000,0.8419
1627907704558000,1,131.78444000,0.8419
1627907705586000,1,131.78444000,0.8419
1627907706580000,1,132.64551000,0.8419
1627907707563000,1,132.64551000,0.8419
1627907708563000,1,124.69932000,0.8419
1627907709567000,1,10.34869000,0.8419
1627907709567000,1,89.65131000,0.8419
1627907710575000,1,112.35294000,0.8419
1627907711582000,1,105.37168000,0.8419
1627907712571000,1,106.51020000,0.8419
1627907713502000,0,488.03998000,0.8423
1627907733106000,0,178.06767000,0.8423
1627907760610000,1,140.13595000,0.8419
1627907761611000,1,122.75890000,0.8419
1627907762616000,1,122.75890000,0.8419
1627907763611000,1,112.79896000,0.8419
1627907766632000,1,87.66116000,0.8419
1627907766632000,1,19.61799000,0.8419
1627907768932000,1,128.01426000,0.8418
1627908293478000,1,379.00000000,0.8417
1627908293478000,1,600.00000000,0.8417
1627908293478000,1,1096.00000000,0.8416
1627908293478000,1,0.30384000,0.8415
1627908293478000,1,924.69616000,0.8412
1627908373179000,1,600.00000000,0.8414
1627908373179000,1,379.00000000,0.8414
1627908373179000,1,1096.00000000,0.8413
1627908373179000,1,9075.30384000,0.8412
1627908373179000,1,3767.00000000,0.8411
1627908373179000,1,1483.06452000,0.8411
1627909056195000,0,2000.00000000,0.8417
1627909056195000,0,8000.00000000,0.8417
1627909063243000,0,578.90475000,0.8417
1627909146930000,1,296.82000000,0.8420
1627912255163000,1,379.00000000,0.8417
1627912255163000,1,670.04530000,0.8414
1627912600430000,1,167.67510000,0.8418
1627914318225000,0,600.00000000,0.8417
1627914429345000,1,249.89004000,0.8417
1627914554611000,1,379.00000000,0.8417
1627914554611000,1,1082.05153000,0.8415
1627914554611000,1,1096.00000000,0.8415
1627914554611000,1,2428.44797000,0.8413
1627914823164000,0,1999.99999000,0.8419
1627914828829000,0,0.00001000,0.8419
1627914828829000,0,597.90389000,0.8419
1627914851090000,0,875.69574000,0.8419
1627914855713000,0,0.00001000,0.8419
1627914855713000,0,599.99998000,0.8419
1627916039891000,1,1247.19690000,0.8417
1627916238341000,1,379.00000000,0.8417
1627916238341000,1,1628.54258000,0.8414
1627916238341000,1,1187.85160000,0.8414
1627916238341000,1,5304.60582000,0.8413
1627916593231000,0,600.00000000,0.8418
1627916593231000,0,2000.00000000,0.8426
1627916593231000,0,959.35856000,0.8426
1627917626268000,0,600.00000000,0.8418
1627917626268000,0,875.73948000,0.8426
1627917626268000,0,1187.56665000,0.8426
1627917626268000,0,896.91744000,0.8426
1627917989582000,1,599.95364000,0.8420
1627917989699000,1,211.38660000,0.8420
1627917990703000,1,211.37464000,0.8420
1627917991701000,1,220.75264000,0.8420
1627917992703000,1,220.75264000,0.8420
1627917993705000,1,220.75264000,0.8420
1627917994241000,1,599.97176000,0.8420
1627917994702000,1,220.75264000,0.8420
1627917995710000,1,220.75240000,0.8420
1627917996761000,1,220.75240000,0.8420
1627917997708000,1,75.51288000,0.8420
1627917997708000,1,24.48712000,0.8420
1627917998705000,1,211.37440000,0.8420
1627917999710000,1,211.37440000,0.8420
1627918000741000,1,156.83896000,0.8420
1627918001713000,1,166.21696000,0.8420
1627918002708000,1,166.21696000,0.8420
1627918003716000,1,166.21696000,0.8420
1627918004715000,1,166.21696000,0.8420
1627918005711000,1,100.00000000,0.8420
1627918006715000,1,112.80361000,0.8420
1627918006715000,1,52.57456000,0.8420
1627918007724000,1,145.72200000,0.8420
1627918008733000,1,145.72200000,0.8420
1627918009722000,1,136.66551000,0.8420
1627918010721000,1,174.76006000,0.8420
1627918011726000,1,174.76006000,0.8420
1627918012720000,1,166.62088000,0.8420
1627918013722000,1,156.26551000,0.8420
1627918014726000,1,146.55373000,0.8420
1627918015728000,1,137.44552000,0.8420
1627918016720000,1,128.90338000,0.8420
1627918017721000,1,120.89213000,0.8420
1627918018742000,1,113.37877000,0.8420
1627918019726000,1,106.33237000,0.8420
1627918020741000,1,190.94259000,0.8420
1627918021734000,1,179.07565000,0.8420
1627918022726000,1,167.94623000,0.8420
1627918023727000,1,146.52000000,0.8420
1627918024755000,1,137.41389000,0.8420
1627918025727000,1,137.41389000,0.8420
1627918026733000,1,128.87372000,0.8420
1627918027734000,1,128.87372000,0.8420
1627918028732000,1,128.87372000,0.8420
1627918029750000,1,120.86431000,0.8420
1627918030976000,1,181.39000000,0.8420
1627918100791000,1,173.69938000,0.8420
1627918101793000,1,162.90168000,0.8420
1627918102777000,1,152.77520000,0.8420
1627918103779000,1,148.48955000,0.8420
1627918104779000,1,139.25897000,0.8420
1627918105778000,1,130.60219000,0.8420
1627918106815000,1,122.48355000,0.8420
1627918107782000,1,122.48355000,0.8420
1627918108786000,1,122.48355000,0.8420
1627918109786000,1,122.48355000,0.8420
1627918143811000,1,14.92869000,0.8420
1627918710989000,0,600.00000000,0.8421
1627919132202000,1,159.45967000,0.8417
1627919273142000,0,379.00000000,0.8421
1627919273142000,0,600.00000000,0.8421
1627919488684000,1,89.26035000,0.8421
1627919488684000,1,1317.23965000,0.8417
1627920460983000,0,600.00000000,0.8426
1627920460983000,0,2000.00000000,0.8433
1627920460983000,0,3326.66103000,0.8433
1627921104635000,1,78.73951000,0.8423
1627921208820000,1,521.26049000,0.8423
1627921208820000,1,492.87451000,0.8423
1627921777772000,1,135.65008000,0.8426
1627924144986000,0,600.00000000,0.8430
1627924144986000,0,1506.19604000,0.8436
1627924144986000,0,10000.00000000,0.8437
1627924144986000,0,1185.96388000,0.8453
1627924144986000,0,2964.90267000,0.8453
1627924144986000,0,7708.79759000,0.8454
1627924144986000,0,374.00000000,0.8454
1627924144986000,0,1136.00000000,0.8457
1627924144986000,0,1407.59481000,0.8469
1627924656989000,1,108.12901000,0.8430
1627924657974000,1,102.44028000,0.8430
1627924658977000,1,110.37869000,0.8430
1627924659979000,1,110.37869000,0.8430
1627924660975000,1,110.37869000,0.8430
1627924661981000,1,110.37869000,0.8430
1627924662985000,1,103.50731000,0.8430
1627924663977000,1,103.50731000,0.8430
1627924664990000,1,103.50731000,0.8430
1627925006157000,1,102.23362000,0.8430
1627925709465000,1,37.97550000,0.8429
1627926739311000,1,68.00000000,0.8430
1627927205021000,0,23.71293000,0.8430
1627929497133000,1,364.00000000,0.8426
1627929497133000,1,606.00000000,0.8425
1627929542745000,1,200.00000000,0.8425
1627929542745000,1,1024.55000000,0.8425
1627929676138000,1,364.00000000,0.8424
1627929676138000,1,287.36901000,0.8424
1627929676138000,1,3228.63099000,0.8424
1627930610242000,1,400.00000000,0.8424
1627931639107000,0,600.00000000,0.8424
1627931639107000,0,135.96328000,0.8424
1627932051055000,0,388.17667000,0.8424
1627932073740000,0,311.41140000,0.8424
1627932150682000,0,733.59104000,0.8424
1627932337901000,0,600.00000000,0.8424
1627932342302000,0,4343.10681000,0.8424
1627932353005000,0,104.01133000,0.8424
1627932353998000,0,104.01133000,0.8424
1627932355011000,0,104.01133000,0.8424
1627932356009000,0,104.01133000,0.8424
1627932356998000,0,104.01133000,0.8424
1627932430094000,0,108.67867000,0.8424
1627932430970000,0,2212.36375000,0.8424
1627932431079000,0,101.92041000,0.8424
1627932463067000,0,1500.09110000,0.8424
1627932490907000,0,1500.09111000,0.8424
1627932521710000,0,694.78724000,0.8424
1627932552382000,0,685.79330000,0.8424
1627932653116000,0,396.35398000,0.8424
1627932921740000,0,761.60772000,0.8424
1627933011754000,0,10900.14776000,0.8424
1627933013033000,0,153.67758000,0.8424
1627933014510000,0,153.67758000,0.8424
1627933015482000,0,153.67758000,0.8424
1627933016497000,0,144.11582000,0.8424
1627933017491000,0,135.14899000,0.8424
1627933018506000,0,126.74008000,0.8424
1627933108038000,0,104.00000000,0.8424
1627933129582000,0,113.02019000,0.8424
1627933130599000,0,105.99009000,0.8424
1627933149595000,0,109.27301000,0.8424
1627933150593000,0,102.47600000,0.8424
1627933206627000,0,101.30801000,0.8424
1627933213632000,0,104.15260000,0.8424
1627933214630000,0,104.15260000,0.8424
1627933215632000,0,112.22790000,0.8424
1627933216628000,0,105.24749000,0.8424
1627933217632000,0,105.24749000,0.8424
1627933334061000,0,1475.51616000,0.8424
1627933396773000,0,472.98273000,0.8424
1627933484044000,0,572.69638000,0.8424
1627933926231000,0,25.00000000,0.8424
1627933975675000,1,239.27804000,0.8423
1627934017557000,0,600.00000000,0.8424
1627934019170000,0,10000.00000000,0.8424
1627934021171000,0,500.00000000,0.8423
1627934021171000,0,600.00000000,0.8424
1627934021171000,0,8900.00000000,0.8424
1627934023167000,0,10000.00000000,0.8424
1627934023907000,0,4477.77468000,0.8424
1627934025168000,0,10000.00000000,0.8424
1627934025636000,0,4478.00581000,0.8424
1627934027177000,0,10000.00000000,0.8424
1627934027778000,0,4478.38982000,0.8424
1627934030441000,0,4055.66137000,0.8424
1627934041045000,0,8051.45908000,0.8424
1627934049617000,0,134.15042000,0.8424
1627934050603000,0,160.92304000,0.8424
1627934051598000,0,176.85726000,0.8424
1627934052606000,0,222.77430000,0.8424
1627934053602000,0,222.77430000,0.8424
1627934054610000,0,208.95444000,0.8424
1627934055598000,0,195.95536000,0.8424
1627934056627000,0,172.38309000,0.8424
1627934057631000,0,161.65912000,0.8424
1627934058612000,0,160.20865000,0.8424
1627934058652000,0,600.01466000,0.8424
1627934059624000,0,113.71992000,0.8424
1627934060608000,0,113.71992000,0.8424
1627934061615000,0,113.71992000,0.8424
1627934083475000,0,102.74619000,0.8424
1627934084620000,0,102.75291000,0.8424
1627934085634000,0,102.75291000,0.8424
1627934089646000,0,226.11487000,0.8424
1627934090623000,0,226.11487000,0.8424
1627934091635000,0,212.04813000,0.8424
1627934100727000,0,6535.62000000,0.8424
1627934105484000,0,1205.24893000,0.8424
1627934414345000,1,249.96250000,0.8423
1627934453879000,0,115.88020000,0.8424
1627934454872000,0,108.67227000,0.8424
1627934455871000,0,25.42753000,0.8424
1627934455871000,0,74.57247000,0.8424
1627935708874000,0,103.72975000,0.8424
1627935709873000,0,103.72975000,0.8424
1627935710876000,0,103.72975000,0.8424
1627935711880000,0,103.72975000,0.8424
1627935712881000,0,103.72975000,0.8424
1627935713877000,0,103.72975000,0.8424
1627935714880000,0,103.72975000,0.8424
1627935715889000,0,102.79265000,0.8424
1627935716882000,0,103.72975000,0.8424
1627935815393000,0,103.43767000,0.8424
1627935966037000,0,135.52091000,0.8424
1627935967032000,0,127.09174000,0.8424
1627935968035000,0,119.18684000,0.8424
1627935969038000,0,111.77331000,0.8424
1627935970042000,0,111.77331000,0.8424
1627935971053000,0,104.82119000,0.8424
1627935972040000,0,104.82119000,0.8424
1627936119252000,0,141.98932000,0.8424
1627936120257000,0,133.15715000,0.8424
1627936121247000,0,124.87438000,0.8424
1627936122245000,0,117.10681000,0.8424
1627936123247000,0,117.10681000,0.8424
1627936124260000,0,109.82241000,0.8424
1627936125253000,0,109.82241000,0.8424
1627936126275000,0,102.99112000,0.8424
1627936384830000,0,101.22788000,0.8424
1627936385828000,0,101.22788000,0.8424
1627936391833000,0,106.19971000,0.8424
1627936392825000,0,104.33765000,0.8424
1627936393832000,0,102.59142000,0.8424
1627936394827000,0,107.33475000,0.8424
1627936395832000,0,105.40210000,0.8424
1627936396879000,0,110.14543000,0.8424
1627936397832000,0,122.77963000,0.8424
1627936398850000,0,132.26640000,0.8424
1627936403856000,0,107.38432000,0.8424
1627936404833000,0,112.12770000,0.8424
1627936405839000,0,112.12770000,0.8424
1627936406836000,0,101.20838000,0.8424
1627936425872000,0,100.99960000,0.8424
1627936426863000,0,100.99960000,0.8424
1627936437856000,0,101.22225000,0.8424
1627936456538000,0,107.62459000,0.8424
1627936457879000,0,107.47954000,0.8424
1627936458877000,0,100.79225000,0.8424
1627936495929000,0,100.57239000,0.8424
1627936501933000,0,102.49512000,0.8424
1627936502933000,0,102.49512000,0.8424
1627936503940000,0,100.86370000,0.8424
1627936504987000,0,100.86370000,0.8424
1627936564776000,0,107.84338000,0.8424
1627936565975000,0,101.13529000,0.8424
1627936566976000,0,101.13529000,0.8424
1627936567973000,0,101.13529000,0.8424
1627936568972000,0,101.13529000,0.8424
1627936831113000,0,11083.61321000,0.8424
1627936832719000,0,5136.90228000,0.8424
1627936921290000,0,144.40364000,0.8424
1627936922270000,0,143.10053000,0.8424
1627936923296000,0,143.10053000,0.8424
1627936924284000,0,143.10053000,0.8424
1627936925295000,0,143.10053000,0.8424
1627936926293000,0,143.10053000,0.8424
1627936926355000,0,3944.90139000,0.8424
1627936927283000,0,118.10153000,0.8424
1627936928290000,0,110.75570000,0.8424
1627937064096000,0,5953.91516000,0.8424
1627937066975000,0,11871.29015000,0.8424
1627937067465000,0,5046.09506000,0.8424
1627940241604000,1,4000.00000000,0.8420
1627944705044000,1,232.80000000,0.8420
1627945083481000,1,367.20000000,0.8420
1627945083481000,1,1132.80000000,0.8420
1627946447989000,0,102.17271000,0.8424
