timestamp ms,type,amount,price
1627949302187000,0,104.59204000,0.8423
1627949315633000,0,105.92571000,0.8423
1627949317389000,0,105.92571000,0.8423
1627949318394000,0,105.92571000,0.8423
1627949330400000,0,118.13874000,0.8423
1627949331403000,0,118.13874000,0.8423
1627949332410000,0,110.79087000,0.8423
1627949333433000,0,122.57688000,0.8423
1627949334407000,0,122.57688000,0.8423
1627949335407000,0,122.57688000,0.8423
1627949336407000,0,122.57688000,0.8423
1627949337406000,0,122.57688000,0.8423
1627949338409000,0,122.57688000,0.8423
1627949339408000,0,122.57688000,0.8423
1627949340413000,0,122.57688000,0.8423
1627949341422000,0,122.57688000,0.8423
1627949342416000,0,122.57688000,0.8423
1627949343444000,0,4.79368000,0.8423
1627949343444000,0,95.20632000,0.8424
1627949344409000,0,111.91909000,0.8424
1627949345413000,0,111.91909000,0.8424
1627949346418000,0,111.91909000,0.8424
1627949347417000,0,111.91909000,0.8424
1627949348423000,0,111.91909000,0.8424
1627949349415000,0,121.29708000,0.8424
1627949350417000,0,121.29708000,0.8424
1627949351421000,0,121.29708000,0.8424
1627949352418000,0,121.29685000,0.8424
1627949355897000,0,107.22647000,0.8424
1627949357435000,0,83.76501000,0.8424
1627949367883000,0,101.64062000,0.8424
1627949384666000,0,104.04008000,0.8424
1627949386509000,0,104.04008000,0.8424
1627949416534000,0,106.81578000,0.8424
1627949417534000,0,106.81578000,0.8424
1627949418531000,0,106.81578000,0.8424
1627949419530000,0,106.81578000,0.8424
1627949420530000,0,114.86368000,0.8424
1627949421544000,0,107.71772000,0.8424
1627949422535000,0,101.01633000,0.8424
1627952137555000,0,101.23146000,0.8424
1627952138780000,0,101.23146000,0.8424
1627952139774000,0,109.66704000,0.8424
1627952140783000,0,109.66704000,0.8424
1627952149475000,0,103.44337000,0.8424
1627952260856000,0,104.54286000,0.8424
1627952262860000,0,107.37468000,0.8424
1627952263856000,0,100.69494000,0.8424
1627952264858000,0,100.69494000,0.8424
1627952315902000,0,101.20294000,0.8424
1627952316890000,0,101.20294000,0.8424
1627952317892000,0,101.20294000,0.8424
1627952318887000,0,101.20294000,0.8424
1627952320889000,0,108.75689000,0.8424
1627952377924000,0,101.06862000,0.8424
1627952378923000,0,101.06862000,0.8424
1627952379940000,0,101.06862000,0.8424
1627957979516000,1,204.41120000,0.8420
1627957979516000,1,1186.94644000,0.8420
1627957979516000,1,4867.20000000,0.8420
1627957979516000,1,1741.44236000,0.8419
1627957992602000,1,2000.00000000,0.8420
1627957992602000,1,1000.00000000,0.8420
1627959130182000,1,676.30322000,0.8424
1627959130182000,1,364.00000000,0.8424
1627959130182000,1,1115.00000000,0.8423
1627959130182000,1,2966.81675000,0.8420
1627959130182000,1,9000.00000000,0.8420
1627959130298000,0,10000.00000000,0.8420
1627959130320000,0,9999.99999000,0.8420
1627959130321000,0,2978.89471000,0.8420
1627959130926000,0,9999.99999000,0.8420
1627959131538000,0,9999.99999000,0.8420
1627959132121000,0,9999.99999000,0.8420
1627959132170000,0,10000.00000000,0.8420
1627959132641000,0,9999.99999000,0.8420
1627959133182000,0,9999.99999000,0.8420
1627959133614000,0,902.19844000,0.8420
1627959133614000,0,1501.63905000,0.8420
1627959133694000,0,2344.55165000,0.8420
1627959133696000,0,9999.99999000,0.8420
1627959134168000,0,10000.00000000,0.8420
1627959134231000,0,9999.99999000,0.8420
1627959134843000,0,2000.00000000,0.8420
1627959134843000,0,7999.99999000,0.8420
1627959135421000,0,9999.99999000,0.8420
1627959135939000,0,9999.99999000,0.8420
1627959136167000,0,10000.00000000,0.8420
1627959138178000,0,10000.00000000,0.8420
1627959138206000,0,3600.18816000,0.8420
1627959138401000,0,273.68361000,0.8420
1627959140170000,0,10000.00000000,0.8420
1627959142170000,0,10000.00000000,0.8420
1627959144170000,0,10000.00000000,0.8420
1627959146170000,0,10000.00000000,0.8420
1627959148171000,0,10000.00000000,0.8420
1627959150170000,0,10000.00000000,0.8420
1627959153914000,0,3598.96480000,0.8420
1627959154313000,0,1197.52654000,0.8420
1627959166996000,0,10000.00000000,0.8420
1627959191206000,0,10000.00000000,0.8420
1627959193168000,0,10000.00000000,0.8420
1627959195170000,0,10000.00000000,0.8420
1627959197170000,0,10000.00000000,0.8420
1627959278765000,0,10000.00000000,0.8420
1627959302028000,0,10000.00000000,0.8420
1627959335535000,0,10000.00000000,0.8420
1627959377382000,0,10000.00000000,0.8420
1627959386614000,0,10000.00000000,0.8420
1627959388174000,0,10000.00000000,0.8420
1627959388921000,0,1500.67329000,0.8420
1627959389163000,0,5938.32392000,0.8420
1627959390169000,0,10000.00000000,0.8420
1627959392169000,0,10000.00000000,0.8420
1627959394169000,0,10000.00000000,0.8420
1627959396169000,0,10000.00000000,0.8420
1627959450397000,0,10000.00000000,0.8420
1627959452172000,0,10000.00000000,0.8420
1627959454169000,0,10000.00000000,0.8420
1627959456169000,0,10000.00000000,0.8420
1627959502700000,0,10000.00000000,0.8420
1627959568423000,0,1750.82542000,0.8420
1627959568580000,0,1313.74132000,0.8420
1627959572468000,0,1750.83987000,0.8420
1627959572630000,0,822.90258000,0.8420
1627959575749000,0,1750.86034000,0.8420
1627959575977000,0,2753.47692000,0.8420
1627959581284000,0,1750.86035000,0.8420
1627959581465000,0,2449.23177000,0.8420
1627959587598000,0,1999.26290000,0.8420
1627960284329000,1,249.98498000,0.8420
1627960400354000,1,1999.03837000,0.8420
1627960400354000,1,364.00000000,0.8420
1627960400354000,1,9750.01502000,0.8420
1627960400483000,0,10000.00000000,0.8420
1627960402168000,0,10000.00000000,0.8420
1627960404172000,0,10000.00000000,0.8420
1627960406169000,0,10000.00000000,0.8420
1627960408171000,0,10000.00000000,0.8420
1627961462650000,0,10000.00000000,0.8420
1627961464176000,0,10000.00000000,0.8420
1627961465942000,0,10000.00000000,0.8420
1627961467177000,0,10000.00000000,0.8420
1627961469171000,0,10000.00000000,0.8420
1627961471180000,0,10000.00000000,0.8420
1627961473178000,0,10000.00000000,0.8420
1627961583168000,0,10000.00000000,0.8420
1627961585177000,0,10000.00000000,0.8420
1627961587181000,0,10000.00000000,0.8420
1627961609141000,0,10000.00000000,0.8420
1627961761089000,0,10000.00000000,0.8420
1627961805003000,0,10000.00000000,0.8420
1627961806172000,0,10000.00000000,0.8420
1627961808188000,0,10000.00000000,0.8420
1627961810174000,0,10000.00000000,0.8420
1627961812178000,0,10000.00000000,0.8420
1627961814175000,0,10000.00000000,0.8420
1627961816182000,0,10000.00000000,0.8420
1627961818174000,0,10000.00000000,0.8420
1627961820185000,0,10000.00000000,0.8420
1627961822172000,0,10000.00000000,0.8420
1627961841097000,0,10000.00000000,0.8420
1627961843336000,0,10000.00000000,0.8420
1627961845171000,0,10000.00000000,0.8420
1627961896745000,0,10000.00000000,0.8420
1627963525414000,0,250.09875000,0.8424
1627963645624000,0,250.09875000,0.8424
1627969580189000,0,112.67520000,0.8427
1627969993069000,0,712.22000000,0.8424
1627969993074000,0,108.20123000,0.8424
1627969994081000,0,108.20123000,0.8424
1627969995082000,0,108.20123000,0.8424
1627969996080000,0,108.20123000,0.8424
1627969997079000,0,104.79172000,0.8424
1627970040936000,0,151.45986000,0.8423
1627970041935000,0,142.03729000,0.8423
1627970042944000,0,142.03729000,0.8423
1627970043947000,0,133.20091000,0.8423
1627970044948000,0,133.20091000,0.8423
1627970045938000,0,124.91426000,0.8423
1627970046951000,0,117.14313000,0.8423
1627970047946000,0,117.14313000,0.8423
1627970048946000,0,109.85546000,0.8423
1627970075360000,0,9380.37852000,0.8423
1627970150413000,1,113.11981000,0.8426
1627970150413000,1,364.00000000,0.8426
1627971001181000,1,600.00000000,0.8425
1627971001181000,1,187.00000000,0.8423
1627975293455000,1,188.18000000,0.8423
1627975475536000,1,244.44148000,0.8423
1627975475536000,1,600.00000000,0.8423
1627975475536000,1,77.05852000,0.8422
1627975870073000,0,600.00000000,0.8423
1627975870572000,1,103.22292000,0.8424
1627975872420000,1,197.00289000,0.8425
1627975926193000,0,600.00000000,0.8431
1627975926193000,0,443.27320000,0.8432
1627975926298000,1,599.99999000,0.8431
1627975985843000,1,119.00316000,0.8425
1627975986868000,1,148.11383000,0.8425
1627976725639000,1,443.46356000,0.8424
1627976725639000,1,364.00000000,0.8424
1627976794308000,1,364.00000000,0.8424
1627977591957000,1,600.00000000,0.8424
1627977591957000,1,2396.19258000,0.8423
1627978571260000,1,407.48730000,0.8427
1627980278456000,1,600.00000000,0.8423
1627980278456000,1,364.00000000,0.8423
1627980278456000,1,1115.00000000,0.8420
1627980278456000,1,3921.00000000,0.8420
1627981913621000,1,599.99050000,0.8420
1627982718449000,1,0.00950000,0.8420
1627982718449000,1,69.83384000,0.8420
1627982747317000,0,2000.00000000,0.8425
1627982747317000,0,600.00000000,0.8425
1627982747317000,0,7403.46171000,0.8427
1627983091479000,1,249.99500000,0.8423
1627983211579000,1,250.01250000,0.8423
1627984538419000,1,50.00000000,0.8423
1627984652812000,1,250.00000000,0.8423
1627984893093000,1,250.00000000,0.8422
1627984946929000,0,250.00000000,0.8425
1627984946929000,0,600.00000000,0.8425
1627984946929000,0,820.00000000,0.8427
1627985013200000,1,250.00250000,0.8423
1627985022963000,1,1749.99750000,0.8423
1627985022963000,1,600.00000000,0.8423
1627985022963000,1,364.00000000,0.8419
1627985022963000,1,1187.46794000,0.8416
1627985022963000,1,5598.53456000,0.8416
1627985043674000,1,600.00000000,0.8420
1627985043674000,1,820.39106000,0.8420
1627985043674000,1,364.00000000,0.8420
1627985043674000,1,1115.00000000,0.8416
1627985043674000,1,1100.60894000,0.8416
1627985069203000,1,600.00000000,0.8418
1627985069203000,1,364.00000000,0.8418
1627985069203000,1,86.85054000,0.8416
1627985069203000,1,3949.14946000,0.8416
1627985365226000,1,500.00000000,0.8418
1627985999046000,1,100.00000000,0.8418
1627985999046000,1,364.00000000,0.8416
1627985999046000,1,314.39590000,0.8416
1627987955405000,1,250.00000000,0.8416
1627988075513000,1,250.00000000,0.8416
1627988169230000,1,100.00000000,0.8416
1627988169230000,1,234.31050000,0.8415
1627988915931000,1,250.04750000,0.8417
1627988923300000,0,250.04750000,0.8419
1627988969522000,0,3070.30886000,0.8419
1627988987720000,0,3070.30886000,0.8419
1627989570176000,0,2046.87257000,0.8420
1627989570176000,0,600.00000000,0.8420
1627989570176000,0,2729.16343000,0.8420
1627989570263000,1,132.22944000,0.8421
1627989865223000,0,250.05001000,0.8420
1627989865223000,0,600.00000000,0.8421
1627989865223000,0,438.94999000,0.8421
1627992142027000,0,593.71078000,0.8417
1627992291753000,0,599.99999000,0.8417
1627993222611000,1,35.50580000,0.8416
1627993386872000,1,0.13790000,0.8416
1627993484015000,0,2000.00000000,0.8420
1627993484015000,0,600.00000000,0.8420
1627993484015000,0,3199.93458000,0.8421
1627993484015000,0,5831.36854000,0.8427
1627994030144000,1,600.00000000,0.8417
1627994544059000,0,35.91920000,0.8419
1627994637419000,1,0.00001000,0.8415
1627994925731000,1,6.74051000,0.8415
1627995459026000,1,250.00250000,0.8415
1627996166850000,1,58.20000000,0.8414
1627996769943000,1,37.87306000,0.8416
1627997097381000,0,918.65188000,0.8421
1627997097381000,0,600.00000000,0.8421
1627997097381000,0,8481.34812000,0.8427
1627998362201000,0,140.18608000,0.8427
1627998363180000,0,140.18608000,0.8427
1627998364175000,0,140.18608000,0.8427
1627998365183000,0,131.46428000,0.8427
1627998366175000,0,105.84031000,0.8427
1627998374181000,0,120.11695000,0.8427
1627998375181000,0,112.64377000,0.8427
1627998376181000,0,105.63455000,0.8427
1627998550979000,0,10000.00000000,0.8427
1627998552122000,0,10000.00000000,0.8427
1627998554170000,0,2131.84936000,0.8427
1627999882769000,1,2000.00000000,0.8424
1627999882801000,1,616.07095000,0.8424
1627999905091000,1,599.99999000,0.8424
1628000090673000,1,279.10455000,0.8421
1628000090688000,1,364.00000000,0.8421
1628000551367000,0,2000.00000000,0.8426
1628000551367000,0,600.00000000,0.8426
1628002125682000,1,114.79056000,0.8428
1628002606221000,0,600.00000000,0.8433
1628002606221000,0,879.10454000,0.8441
1628002606221000,0,1468.30904000,0.8441
1628002803351000,1,1600.20771000,0.8433
1628003025463000,1,600.00000000,0.8431
1628003025463000,1,1277.78107000,0.8430
1628003025463000,1,10000.00000000,0.8430
1628003025463000,1,364.00000000,0.8428
1628003025463000,1,1185.67421000,0.8426
1628003025463000,1,1572.54472000,0.8425
1628006826296000,1,138.77117000,0.8430
1628007067685000,1,373.00000000,0.8427
1628007067685000,1,10000.00000000,0.8426
1628007067778000,0,2495.35712000,0.8426
1628007402802000,1,357.14430000,0.8426
1628008261808000,0,164.58123000,0.8428
1628008262806000,0,154.33853000,0.8428
1628008263843000,0,183.85547000,0.8428
1628008264805000,0,172.41325000,0.8428
1628009349394000,0,10000.00000000,0.8428
1628009351173000,0,2187.19880000,0.8428
1628009893479000,0,38.88420000,0.8431
1628009908332000,0,561.11580000,0.8431
1628009908332000,0,386.97303000,0.8438
1628010971743000,1,387.69881000,0.8426
1628010971743000,1,385.72099000,0.8426
1628011533459000,0,105.65170000,0.8431
1628011534464000,0,107.66346000,0.8431
1628011535457000,0,100.96005000,0.8431
1628011538092000,0,102.65686000,0.8431
1628011539465000,0,102.65686000,0.8431
1628011567994000,0,105.73381000,0.8431
1628011592491000,0,112.77504000,0.8431
1628011593486000,0,112.77504000,0.8431
1628011594490000,0,112.77504000,0.8431
1628011595492000,0,105.75278000,0.8431
1628011617501000,0,106.30095000,0.8431
1628011618510000,0,106.30095000,0.8431
1628011619506000,0,114.22162000,0.8431
1628011710553000,0,101.63477000,0.8431
1628012753963000,1,600.00000000,0.8428
1628012753963000,1,358.03020000,0.8428
1628013313577000,0,108.45219000,0.8431
1628013314545000,0,101.69956000,0.8431
1628013315543000,0,126.09796000,0.8431
1628013316545000,0,126.09796000,0.8431
1628013317545000,0,126.09796000,0.8431
1628013318544000,0,126.09796000,0.8431
1628013319545000,0,126.09796000,0.8431
1628013320550000,0,126.09796000,0.8431
1628013321576000,0,126.09796000,0.8431
1628013322545000,0,126.09796000,0.8431
1628013323542000,0,126.09796000,0.8431
1628013324545000,0,126.09796000,0.8431
1628013325555000,0,126.09796000,0.8431
1628013326566000,0,120.93253000,0.8431
1628013327548000,0,120.93253000,0.8431
1628013328546000,0,120.93253000,0.8431
1628013329549000,0,120.93253000,0.8431
1628013330570000,0,120.93253000,0.8431
1628013331557000,0,113.40324000,0.8431
1628013332555000,0,113.40324000,0.8431
1628013333552000,0,106.34273000,0.8431
1628013334559000,0,106.34273000,0.8431
1628013483145000,0,115.58079000,0.8431
1628013672167000,1,600.00000000,0.8428
1628013672167000,1,1898.75062000,0.8428
1628015555245000,1,600.00000000,0.8428
1628015555245000,1,7743.21918000,0.8428
1628015557169000,0,10000.00000000,0.8428
1628015559174000,0,10000.00000000,0.8428
1628015561167000,0,10000.00000000,0.8428
1628015563173000,0,10000.00000000,0.8428
1628015565177000,0,10000.00000000,0.8428
1628015567174000,0,10000.00000000,0.8428
1628015569175000,0,10000.00000000,0.8428
1628015571180000,0,10000.00000000,0.8428
1628015824838000,1,369.71800000,0.8427
1628015824838000,1,193.51250000,0.8427
1628017195827000,0,10000.00000000,0.8428
1628017197171000,0,10000.00000000,0.8428
1628017207506000,0,278.67863000,0.8428
1628017209321000,0,278.67863000,0.8428
1628017210340000,0,278.67863000,0.8428
1628017211337000,0,278.67863000,0.8428
1628017212343000,0,278.67863000,0.8428
1628017213337000,0,278.67863000,0.8428
1628017214331000,0,174.58103000,0.8428
1628017215328000,0,174.58103000,0.8428
1628017216346000,0,163.77929000,0.8428
1628017217346000,0,163.77929000,0.8428
1628017218347000,0,163.77929000,0.8428
1628017219336000,0,163.77929000,0.8428
1628017220334000,0,156.90652000,0.8428
1628017221357000,0,156.90652000,0.8428
1628017222335000,0,156.90652000,0.8428
1628017223365000,0,156.90652000,0.8428
1628017665634000,1,250.02500000,0.8425
1628017905784000,1,250.00500000,0.8425
1628018145837000,1,99.97000000,0.8425
1628018145837000,1,150.03500000,0.8425
1628018385973000,1,250.00750000,0.8425
1628018506055000,1,250.00250000,0.8425
1628018626199000,1,250.02000000,0.8425
1628018726534000,0,250.00750000,0.8427
1628018726534000,0,600.00000000,0.8427
1628018726534000,0,335.98999000,0.8428
1628018834418000,0,250.02000000,0.8427
1628018834418000,0,935.96741000,0.8428
1628019586563000,1,148.91844000,0.8425
1628019706640000,1,250.00000000,0.8425
1628019826798000,1,250.05001000,0.8425
1628019946829000,1,250.04750000,0.8425
1628020066885000,1,250.04750000,0.8425
1628020307087000,1,250.05001000,0.8425
1628020427176000,1,250.05001000,0.8425
1628020547280000,1,250.00250000,0.8425
1628020667285000,1,250.05001000,0.8425
1628021648551000,0,10000.00000000,0.8428
1628021650172000,0,10000.00000000,0.8428
1628021652168000,0,10000.00000000,0.8428
1628022107976000,1,250.04750000,0.8426
1628022228059000,1,250.04750000,0.8426
1628022348175000,1,250.04750000,0.8426
1628022450698000,0,250.04750000,0.8427
1628022588279000,1,136.11113000,0.8427
1628022606553000,1,9613.84137000,0.8427
1628022606665000,0,10000.00000000,0.8427
1628022608169000,0,10000.00000000,0.8427
1628022610177000,0,10000.00000000,0.8427
1628022612176000,0,10000.00000000,0.8427
1628022614175000,0,10000.00000000,0.8427
1628022616171000,0,10000.00000000,0.8427
1628022618178000,0,10000.00000000,0.8427
1628022620170000,0,10000.00000000,0.8427
1628022622172000,0,10000.00000000,0.8427
1628022624169000,0,10000.00000000,0.8427
1628022626181000,0,10000.00000000,0.8427
1628022628171000,0,10000.00000000,0.8427
1628022630169000,0,10000.00000000,0.8427
1628022632169000,0,10000.00000000,0.8427
1628022634176000,0,10000.00000000,0.8427
1628022636172000,0,10000.00000000,0.8427
1628022638167000,0,10000.00000000,0.8427
1628022640168000,0,10000.00000000,0.8427
1628022642171000,0,10000.00000000,0.8427
1628022644172000,0,10000.00000000,0.8427
1628022646170000,0,10000.00000000,0.8427
1628022648172000,0,10000.00000000,0.8427
1628022650170000,0,10000.00000000,0.8427
1628022652169000,0,10000.00000000,0.8427
1628022654169000,0,10000.00000000,0.8427
1628022656172000,0,10000.00000000,0.8427
1628022658169000,0,10000.00000000,0.8427
1628022660173000,0,10000.00000000,0.8427
1628022662169000,0,10000.00000000,0.8427
1628022664170000,0,10000.00000000,0.8427
1628022666176000,0,10000.00000000,0.8427
1628022668174000,0,10000.00000000,0.8427
1628022670170000,0,2000.00000000,0.8427
1628022670170000,0,8000.00000000,0.8427
1628022672170000,0,10000.00000000,0.8427
1628022674170000,0,10000.00000000,0.8427
1628022676172000,0,878.71456000,0.8427
1628022676172000,0,4209.26409000,0.8427
1628024364445000,0,600.00000000,0.8430
1628024364445000,0,10.52433000,0.8431
1628025589633000,1,250.05001000,0.8427
1628032262186000,1,2000.00000000,0.8426
