timestamp ms,type,amount,price
1627949302187000,0,104.59204000,0.8423
1627949315633000,0,105.92571000,0.8423
1627949317389000,0,105.92571000,0.8423
1627949318394000,0,105.92571000,0.8423
1627949330400000,0,118.13874000,0.8423
1627949331403000,0,118.13874000,0.8423
1627949332410000,0,110.79087000,0.8423
1627949333433000,0,122.57688000,0.8423
1627949334407000,0,122.57688000,0.8423
1627949335407000,0,122.57688000,0.8423
1627949336407000,0,122.57688000,0.8423
1627949337406000,0,122.57688000,0.8423
1627949338409000,0,122.57688000,0.8423
1627949339408000,0,122.57688000,0.8423
1627949340413000,0,122.57688000,0.8423
1627949341422000,0,122.57688000,0.8423
1627949342416000,0,122.57688000,0.8423
1627949343444000,0,4.79368000,0.8423
1627949343444000,0,95.20632000,0.8424
1627949344409000,0,111.91909000,0.8424
1627949345413000,0,111.91909000,0.8424
1627949346418000,0,111.91909000,0.8424
1627949347417000,0,111.91909000,0.8424
1627949348423000,0,111.91909000,0.8424
1627949349415000,0,121.29708000,0.8424
1627949350417000,0,121.29708000,0.8424
1627949351421000,0,121.29708000,0.8424
1627949352418000,0,121.29685000,0.8424
1627949355897000,0,107.22647000,0.8424
1627949357435000,0,83.76501000,0.8424
1627949367883000,0,101.64062000,0.8424
1627949384666000,0,104.04008000,0.8424
1627949386509000,0,104.04008000,0.8424
1627949416534000,0,106.81578000,0.8424
1627949417534000,0,106.81578000,0.8424
1627949418531000,0,106.81578000,0.8424
1627949419530000,0,106.81578000,0.8424
1627949420530000,0,114.86368000,0.8424
1627949421544000,0,107.71772000,0.8424
1627949422535000,0,101.01633000,0.8424
1627952137555000,0,101.23146000,0.8424
1627952138780000,0,101.23146000,0.8424
1627952139774000,0,109.66704000,0.8424
1627952140783000,0,109.66704000,0.8424
1627952149475000,0,103.44337000,0.8424
1627952260856000,0,104.54286000,0.8424
1627952262860000,0,107.37468000,0.8424
1627952263856000,0,100.69494000,0.8424
1627952264858000,0,100.69494000,0.8424
1627952315902000,0,101.20294000,0.8424
1627952316890000,0,101.20294000,0.8424
1627952317892000,0,101.20294000,0.8424
1627952318887000,0,101.20294000,0.8424
1627952320889000,0,108.75689000,0.8424
1627952377924000,0,101.06862000,0.8424
1627952378923000,0,101.06862000,0.8424
1627952379940000,0,101.06862000,0.8424
1627957979516000,1,204.41120000,0.8420
1627957979516000,1,1186.94644000,0.8420
1627957979516000,1,4867.20000000,0.8420
1627957979516000,1,1741.44236000,0.8419
1627957992602000,1,2000.00000000,0.8420
1627957992602000,1,1000.00000000,0.8420
1627959130182000,1,676.30322000,0.8424
1627959130182000,1,364.00000000,0.8424
1627959130182000,1,1115.00000000,0.8423
1627959130182000,1,2966.81675000,0.8420
1627959130182000,1,9000.00000000,0.8420
1627959130298000,0,10000.00000000,0.8420
1627959130320000,0,9999.99999000,0.8420
1627959130321000,0,2978.89471000,0.8420
1627959130926000,0,9999.99999000,0.8420
1627959131538000,0,9999.99999000,0.8420
1627959132121000,0,9999.99999000,0.8420
1627959132170000,0,10000.00000000,0.8420
1627959132641000,0,9999.99999000,0.8420
1627959133182000,0,9999.99999000,0.8420
1627959133614000,0,902.19844000,0.8420
1627959133614000,0,1501.63905000,0.8420
1627959133694000,0,2344.55165000,0.8420
1627959133696000,0,9999.99999000,0.8420
1627959134168000,0,10000.00000000,0.8420
1627959134231000,0,9999.99999000,0.8420
1627959134843000,0,2000.00000000,0.8420
1627959134843000,0,7999.99999000,0.8420
1627959135421000,0,9999.99999000,0.8420
1627959135939000,0,9999.99999000,0.8420
1627959136167000,0,10000.00000000,0.8420
1627959138178000,0,10000.00000000,0.8420
1627959138206000,0,3600.18816000,0.8420
1627959138401000,0,273.68361000,0.8420
1627959140170000,0,10000.00000000,0.8420
1627959142170000,0,10000.00000000,0.8420
1627959144170000,0,10000.00000000,0.8420
1627959146170000,0,10000.00000000,0.8420
1627959148171000,0,10000.00000000,0.8420
1627959150170000,0,10000.00000000,0.8420
1627959153914000,0,3598.96480000,0.8420
1627959154313000,0,1197.52654000,0.8420
1627959166996000,0,10000.00000000,0.8420
1627959191206000,0,10000.00000000,0.8420
1627959193168000,0,10000.00000000,0.8420
1627959195170000,0,10000.00000000,0.8420
1627959197170000,0,10000.00000000,0.8420
1627959278765000,0,10000.00000000,0.8420
1627959302028000,0,10000.00000000,0.8420
1627959335535000,0,10000.00000000,0.8420
1627959377382000,0,10000.00000000,0.8420
1627959386614000,0,10000.00000000,0.8420
1627959388174000,0,10000.00000000,0.8420
1627959388921000,0,1500.67329000,0.8420
1627959389163000,0,5938.32392000,0.8420
1627959390169000,0,10000.00000000,0.8420
1627959392169000,0,10000.00000000,0.8420
1627959394169000,0,10000.00000000,0.8420
1627959396169000,0,10000.00000000,0.8420
1627959450397000,0,10000.00000000,0.8420
1627959452172000,0,10000.00000000,0.8420
1627959454169000,0,10000.00000000,0.8420
1627959456169000,0,10000.00000000,0.8420
1627959502700000,0,10000.00000000,0.8420
1627959568423000,0,1750.82542000,0.8420
1627959568580000,0,1313.74132000,0.8420
1627959572468000,0,1750.83987000,0.8420
1627959572630000,0,822.90258000,0.8420
1627959575749000,0,1750.86034000,0.8420
1627959575977000,0,2753.47692000,0.8420
1627959581284000,0,1750.86035000,0.8420
1627959581465000,0,2449.23177000,0.8420
1627959587598000,0,1999.26290000,0.8420
1627960284329000,1,249.98498000,0.8420
1627960400354000,1,1999.03837000,0.8420
1627960400354000,1,364.00000000,0.8420
1627960400354000,1,9750.01502000,0.8420
1627960400483000,0,10000.00000000,0.8420
1627960402168000,0,10000.00000000,0.8420
1627960404172000,0,10000.00000000,0.8420
1627960406169000,0,10000.00000000,0.8420
1627960408171000,0,10000.00000000,0.8420
1627961462650000,0,10000.00000000,0.8420
1627961464176000,0,10000.00000000,0.8420
1627961465942000,0,10000.00000000,0.8420
1627961467177000,0,10000.00000000,0.8420
1627961469171000,0,10000.00000000,0.8420
1627961471180000,0,10000.00000000,0.8420
1627961473178000,0,10000.00000000,0.8420
1627961583168000,0,10000.00000000,0.8420
1627961585177000,0,10000.00000000,0.8420
1627961587181000,0,10000.00000000,0.8420
1627961609141000,0,10000.00000000,0.8420
1627961761089000,0,10000.00000000,0.8420
1627961805003000,0,10000.00000000,0.8420
1627961806172000,0,10000.00000000,0.8420
1627961808188000,0,10000.00000000,0.8420
1627961810174000,0,10000.00000000,0.8420
1627961812178000,0,10000.00000000,0.8420
1627961814175000,0,10000.00000000,0.8420
1627961816182000,0,10000.00000000,0.8420
1627961818174000,0,10000.00000000,0.8420
1627961820185000,0,10000.00000000,0.8420
1627961822172000,0,10000.00000000,0.8420
1627961841097000,0,10000.00000000,0.8420
1627961843336000,0,10000.00000000,0.8420
1627961845171000,0,10000.00000000,0.8420
1627961896745000,0,10000.00000000,0.8420
1627963525414000,0,250.09875000,0.8424
1627963645624000,0,250.09875000,0.8424
1627969580189000,0,112.67520000,0.8427
1627969993069000,0,712.22000000,0.8424
1627969993074000,0,108.20123000,0.8424
1627969994081000,0,108.20123000,0.8424
1627969995082000,0,108.20123000,0.8424
1627969996080000,0,108.20123000,0.8424
1627969997079000,0,104.79172000,0.8424
1627970040936000,0,151.45986000,0.8423
1627970041935000,0,142.03729000,0.8423
1627970042944000,0,142.03729000,0.8423
1627970043947000,0,133.20091000,0.8423
1627970044948000,0,133.20091000,0.8423
1627970045938000,0,124.91426000,0.8423
1627970046951000,0,117.14313000,0.8423
1627970047946000,0,117.14313000,0.8423
1627970048946000,0,109.85546000,0.8423
1627970075360000,0,9380.37852000,0.8423
1627970150413000,1,113.11981000,0.8426
1627970150413000,1,364.00000000,0.8426
1627971001181000,1,600.00000000,0.8425
1627971001181000,1,187.00000000,0.8423
1627975293455000,1,188.18000000,0.8423
1627975475536000,1,244.44148000,0.8423
1627975475536000,1,600.00000000,0.8423
1627975475536000,1,77.05852000,0.8422
1627975870073000,0,600.00000000,0.8423
1627975870572000,1,103.22292000,0.8424
1627975872420000,1,197.00289000,0.8425
1627975926193000,0,600.00000000,0.8431
1627975926193000,0,443.27320000,0.8432
1627975926298000,1,599.99999000,0.8431
1627975985843000,1,119.00316000,0.8425
1627975986868000,1,148.11383000,0.8425
1627976725639000,1,443.46356000,0.8424
1627976725639000,1,364.00000000,0.8424
1627976794308000,1,364.00000000,0.8424
1627977591957000,1,600.00000000,0.8424
1627977591957000,1,2396.19258000,0.8423
1627978571260000,1,407.48730000,0.8427
1627980278456000,1,600.00000000,0.8423
1627980278456000,1,364.00000000,0.8423
1627980278456000,1,1115.00000000,0.8420
1627980278456000,1,3921.00000000,0.8420
1627981913621000,1,599.99050000,0.8420
1627982718449000,1,0.00950000,0.8420
1627982718449000,1,69.83384000,0.8420
1627982747317000,0,2000.00000000,0.8425
1627982747317000,0,600.00000000,0.8425
1627982747317000,0,7403.46171000,0.8427
1627983091479000,1,249.99500000,0.8423
1627983211579000,1,250.01250000,0.8423
1627984538419000,1,50.00000000,0.8423
1627984652812000,1,250.00000000,0.8423
1627984893093000,1,250.00000000,0.8422
1627984946929000,0,250.00000000,0.8425
1627984946929000,0,600.00000000,0.8425
1627984946929000,0,820.00000000,0.8427
1627985013200000,1,250.00250000,0.8423
1627985022963000,1,1749.99750000,0.8423
1627985022963000,1,600.00000000,0.8423
1627985022963000,1,364.00000000,0.8419
1627985022963000,1,1187.46794000,0.8416
1627985022963000,1,5598.53456000,0.8416
1627985043674000,1,600.00000000,0.8420
1627985043674000,1,820.39106000,0.8420
1627985043674000,1,364.00000000,0.8420
1627985043674000,1,1115.00000000,0.8416
1627985043674000,1,1100.60894000,0.8416
1627985069203000,1,600.00000000,0.8418
1627985069203000,1,364.00000000,0.8418
1627985069203000,1,86.85054000,0.8416
1627985069203000,1,3949.14946000,0.8416
1627985365226000,1,500.00000000,0.8418
1627985999046000,1,100.00000000,0.8418
1627985999046000,1,364.00000000,0.8416
1627985999046000,1,314.39590000,0.8416
1627987955405000,1,250.00000000,0.8416
1627988075513000,1,250.00000000,0.8416
1627988169230000,1,100.00000000,0.8416
1627988169230000,1,234.31050000,0.8415
1627988915931000,1,250.04750000,0.8417
1627988923300000,0,250.04750000,0.8419
1627988969522000,0,3070.30886000,0.8419
1627988987720000,0,3070.30886000,0.8419
1627989570176000,0,2046.87257000,0.8420
1627989570176000,0,600.00000000,0.8420
1627989570176000,0,2729.16343000,0.8420
1627989570263000,1,132.22944000,0.8421
1627989865223000,0,250.05001000,0.8420
1627989865223000,0,600.00000000,0.8421
1627989865223000,0,438.94999000,0.8421
1627992142027000,0,593.71078000,0.8417
1627992291753000,0,599.99999000,0.8417
1627993222611000,1,35.50580000,0.8416
1627993386872000,1,0.13790000,0.8416
1627993484015000,0,2000.00000000,0.8420
1627993484015000,0,600.00000000,0.8420
1627993484015000,0,3199.93458000,0.8421
1627993484015000,0,5831.36854000,0.8427
1627994030144000,1,600.00000000,0.8417
1627994544059000,0,35.91920000,0.8419
1627994637419000,1,0.00001000,0.8415
1627994925731000,1,6.74051000,0.8415
1627995459026000,1,250.00250000,0.8415
1627996166850000,1,58.20000000,0.8414
1627996769943000,1,37.87306000,0.8416
1627997097381000,0,918.65188000,0.8421
1627997097381000,0,600.00000000,0.8421
1627997097381000,0,8481.34812000,0.8427
1627998362201000,0,140.18608000,0.8427
1627998363180000,0,140.18608000,0.8427
1627998364175000,0,140.18608000,0.8427
1627998365183000,0,131.46428000,0.8427
1627998366175000,0,105.84031000,0.8427
1627998374181000,0,120.11695000,0.8427
1627998375181000,0,112.64377000,0.8427
1627998376181000,0,105.63455000,0.8427
1627998550979000,0,10000.00000000,0.8427
1627998552122000,0,10000.00000000,0.8427
1627998554170000,0,2131.84936000,0.8427
1627999882769000,1,2000.00000000,0.8424
1627999882801000,1,616.07095000,0.8424
1627999905091000,1,599.99999000,0.8424
1628000090673000,1,279.10455000,0.8421
1628000090688000,1,364.00000000,0.8421
1628000551367000,0,2000.00000000,0.8426
1628000551367000,0,600.00000000,0.8426
1628002125682000,1,114.79056000,0.8428
1628002606221000,0,600.00000000,0.8433
1628002606221000,0,879.10454000,0.8441
1628002606221000,0,1468.30904000,0.8441
1628002803351000,1,1600.20771000,0.8433
1628003025463000,1,600.00000000,0.8431
1628003025463000,1,1277.78107000,0.8430
1628003025463000,1,10000.00000000,0.8430
1628003025463000,1,364.00000000,0.8428
1628003025463000,1,1185.67421000,0.8426
1628003025463000,1,1572.54472000,0.8425
1628006826296000,1,138.77117000,0.8430
1628007067685000,1,373.00000000,0.8427
1628007067685000,1,10000.00000000,0.8426
1628007067778000,0,2495.35712000,0.8426
1628007402802000,1,357.14430000,0.8426
1628008261808000,0,164.58123000,0.8428
1628008262806000,0,154.33853000,0.8428
1628008263843000,0,183.85547000,0.8428
1628008264805000,0,172.41325000,0.8428
1628009349394000,0,10000.00000000,0.8428
1628009351173000,0,2187.19880000,0.8428
1628009893479000,0,38.88420000,0.8431
1628009908332000,0,561.11580000,0.8431
1628009908332000,0,386.97303000,0.8438
1628010971743000,1,387.69881000,0.8426
1628010971743000,1,385.72099000,0.8426
1628011533459000,0,105.65170000,0.8431
1628011534464000,0,107.66346000,0.8431
1628011535457000,0,100.96005000,0.8431
1628011538092000,0,102.65686000,0.8431
1628011539465000,0,102.65686000,0.8431
1628011567994000,0,105.73381000,0.8431
1628011592491000,0,112.77504000,0.8431
1628011593486000,0,112.77504000,0.8431
1628011594490000,0,112.77504000,0.8431
1628011595492000,0,105.75278000,0.8431
1628011617501000,0,106.30095000,0.8431
1628011618510000,0,106.30095000,0.8431
1628011619506000,0,114.22162000,0.8431
1628011710553000,0,101.63477000,0.8431
1628012753963000,1,600.00000000,0.8428
1628012753963000,1,358.03020000,0.8428
1628013313577000,0,108.45219000,0.8431
1628013314545000,0,101.69956000,0.8431
1628013315543000,0,126.09796000,0.8431
1628013316545000,0,126.09796000,0.8431
1628013317545000,0,126.09796000,0.8431
1628013318544000,0,126.09796000,0.8431
1628013319545000,0,126.09796000,0.8431
1628013320550000,0,126.09796000,0.8431
1628013321576000,0,126.09796000,0.8431
1628013322545000,0,126.09796000,0.8431
1628013323542000,0,126.09796000,0.8431
1628013324545000,0,126.09796000,0.8431
1628013325555000,0,126.09796000,0.8431
1628013326566000,0,120.93253000,0.8431
1628013327548000,0,120.93253000,0.8431
1628013328546000,0,120.93253000,0.8431
1628013329549000,0,120.93253000,0.8431
1628013330570000,0,120.93253000,0.8431
1628013331557000,0,113.40324000,0.8431
1628013332555000,0,113.40324000,0.8431
1628013333552000,0,106.34273000,0.8431
1628013334559000,0,106.34273000,0.8431
1628013483145000,0,115.58079000,0.8431
1628013672167000,1,600.00000000,0.8428
1628013672167000,1,1898.75062000,0.8428
1628015555245000,1,600.00000000,0.8428
1628015555245000,1,7743.21918000,0.8428
1628015557169000,0,10000.00000000,0.8428
1628015559174000,0,10000.00000000,0.8428
1628015561167000,0,10000.00000000,0.8428
1628015563173000,0,10000.00000000,0.8428
1628015565177000,0,10000.00000000,0.8428
1628015567174000,0,10000.00000000,0.8428
1628015569175000,0,10000.00000000,0.8428
1628015571180000,0,10000.00000000,0.8428
1628015824838000,1,369.71800000,0.8427
1628015824838000,1,193.51250000,0.8427
1628017195827000,0,10000.00000000,0.8428
1628017197171000,0,10000.00000000,0.8428
1628017207506000,0,278.67863000,0.8428
1628017209321000,0,278.67863000,0.8428
1628017210340000,0,278.67863000,0.8428
1628017211337000,0,278.67863000,0.8428
1628017212343000,0,278.67863000,0.8428
1628017213337000,0,278.67863000,0.8428
1628017214331000,0,174.58103000,0.8428
1628017215328000,0,174.58103000,0.8428
1628017216346000,0,163.77929000,0.8428
1628017217346000,0,163.77929000,0.8428
1628017218347000,0,163.77929000,0.8428
1628017219336000,0,163.77929000,0.8428
1628017220334000,0,156.90652000,0.8428
1628017221357000,0,156.90652000,0.8428
1628017222335000,0,156.90652000,0.8428
1628017223365000,0,156.90652000,0.8428
1628017665634000,1,250.02500000,0.8425
1628017905784000,1,250.00500000,0.8425
1628018145837000,1,99.97000000,0.8425
1628018145837000,1,150.03500000,0.8425
1628018385973000,1,250.00750000,0.8425
1628018506055000,1,250.00250000,0.8425
1628018626199000,1,250.02000000,0.8425
1628018726534000,0,250.00750000,0.8427
1628018726534000,0,600.00000000,0.8427
1628018726534000,0,335.98999000,0.8428
1628018834418000,0,250.02000000,0.8427
1628018834418000,0,935.96741000,0.8428
1628019586563000,1,148.91844000,0.8425
1628019706640000,1,250.00000000,0.8425
1628019826798000,1,250.05001000,0.8425
1628019946829000,1,250.04750000,0.8425
1628020066885000,1,250.04750000,0.8425
1628020307087000,1,250.05001000,0.8425
1628020427176000,1,250.05001000,0.8425
1628020547280000,1,250.00250000,0.8425
1628020667285000,1,250.05001000,0.8425
1628021648551000,0,10000.00000000,0.8428
1628021650172000,0,10000.00000000,0.8428
1628021652168000,0,10000.00000000,0.8428
1628022107976000,1,250.04750000,0.8426
1628022228059000,1,250.04750000,0.8426
1628022348175000,1,250.04750000,0.8426
1628022450698000,0,250.04750000,0.8427
1628022588279000,1,136.11113000,0.8427
1628022606553000,1,9613.84137000,0.8427
1628022606665000,0,10000.00000000,0.8427
1628022608169000,0,10000.00000000,0.8427
1628022610177000,0,10000.00000000,0.8427
1628022612176000,0,10000.00000000,0.8427
1628022614175000,0,10000.00000000,0.8427
1628022616171000,0,10000.00000000,0.8427
1628022618178000,0,10000.00000000,0.8427
1628022620170000,0,10000.00000000,0.8427
1628022622172000,0,10000.00000000,0.8427
1628022624169000,0,10000.00000000,0.8427
1628022626181000,0,10000.00000000,0.8427
1628022628171000,0,10000.00000000,0.8427
1628022630169000,0,10000.00000000,0.8427
1628022632169000,0,10000.00000000,0.8427
1628022634176000,0,10000.00000000,0.8427
1628022636172000,0,10000.00000000,0.8427
1628022638167000,0,10000.00000000,0.8427
1628022640168000,0,10000.00000000,0.8427
1628022642171000,0,10000.00000000,0.8427
1628022644172000,0,10000.00000000,0.8427
1628022646170000,0,10000.00000000,0.8427
1628022648172000,0,10000.00000000,0.8427
1628022650170000,0,10000.00000000,0.8427
1628022652169000,0,10000.00000000,0.8427
1628022654169000,0,10000.00000000,0.8427
1628022656172000,0,10000.00000000,0.8427
1628022658169000,0,10000.00000000,0.8427
1628022660173000,0,10000.00000000,0.8427
1628022662169000,0,10000.00000000,0.8427
1628022664170000,0,10000.00000000,0.8427
1628022666176000,0,10000.00000000,0.8427
1628022668174000,0,10000.00000000,0.8427
1628022670170000,0,2000.00000000,0.8427
1628022670170000,0,8000.00000000,0.8427
1628022672170000,0,10000.00000000,0.8427
1628022674170000,0,10000.00000000,0.8427
1628022676172000,0,878.71456000,0.8427
1628022676172000,0,4209.26409000,0.8427
1628024364445000,0,600.00000000,0.8430
1628024364445000,0,10.52433000,0.8431
1628025589633000,1,250.05001000,0.8427
1628032262186000,1,2000.00000000,0.8426
1628032262186000,1,600.00000000,0.8426
1628035756279000,0,256.80854000,0.8429
1628035757837000,0,256.80900000,0.8429
1628035758854000,0,256.80900000,0.8429
1628035759854000,0,256.80877000,0.8429
1628035760857000,0,256.80877000,0.8429
1628035761856000,0,248.80236000,0.8429
1628035762858000,0,248.80236000,0.8429
1628035763884000,0,218.35120000,0.8429
1628045550227000,1,23.73799000,0.8427
1628053191788000,1,37.88500000,0.8428
1628055614611000,0,645.17638000,0.8431
1628055614611000,0,64.82362000,0.8435
1628055751921000,1,303.16163000,0.8431
1628055754483000,1,318.46464000,0.8431
1628057457754000,0,37.62156000,0.8431
1628057484129000,1,1962.37844000,0.8431
1628057484129000,1,600.00000000,0.8431
1628057983929000,0,659.24783000,0.8430
1628057983929000,0,4084.67480000,0.8430
1628061036233000,0,1332.64398000,0.8428
1628061039261000,0,1178.93198000,0.8428
1628061118290000,0,2638.35528000,0.8427
1628061641330000,0,0.00002000,0.8427
1628061641330000,0,600.00000000,0.8430
1628062034028000,1,914.68225000,0.8427
1628062034028000,1,9.31775000,0.8427
1628062865962000,0,600.00000000,0.8432
1628067468309000,1,600.00000000,0.8441
1628067468309000,1,599.43623000,0.8438
1628067468309000,1,10000.00000000,0.8437
1628067468309000,1,373.00000000,0.8436
1628067468309000,1,1184.73867000,0.8434
1628067468309000,1,1154.00000000,0.8434
1628067468412000,0,10000.00000000,0.8432
1628067468466000,0,9535.49085000,0.8432
1628067900633000,1,250.04750000,0.8438
1628068020804000,1,250.04750000,0.8438
1628068261030000,1,99.90500000,0.8438
1628068261030000,1,150.14501000,0.8437
1628068381094000,1,250.05001000,0.8437
1628068385350000,0,250.04750000,0.8441
1628068385350000,0,2000.00000000,0.8441
1628068385350000,0,249.95250000,0.8441
1628068388348000,1,2498.33444000,0.8437
1628068501131000,1,250.05001000,0.8439
1628068741363000,1,250.05001000,0.8438
1628068861418000,1,250.05001000,0.8437
1628069101571000,1,250.05001000,0.8436
1628069906128000,1,57.84677000,0.8436
1628070061919000,1,250.05001000,0.8438
1628070181986000,1,250.05001000,0.8437
1628070261429000,1,129.01000000,0.8437
1628070411838000,1,32.95524000,0.8437
1628071182190000,1,158.69823000,0.8437
1628071636511000,1,133.09885000,0.8436
1628071971653000,1,118.47689000,0.8436
1628072032802000,1,63.98145000,0.8436
1628072463068000,1,250.00000000,0.8436
1628072703222000,1,250.00250000,0.8436
1628073468967000,1,35.45402000,0.8436
1628073663936000,1,249.99248000,0.8436
1628073784105000,1,250.05001000,0.8436
1628073904242000,1,249.99248000,0.8436
1628074024316000,1,250.00999000,0.8436
1628074144410000,1,250.01249000,0.8436
1628074384583000,1,250.01249000,0.8436
1628074504711000,1,250.01249000,0.8436
1628074624799000,1,250.01249000,0.8437
1628074744867000,1,250.01249000,0.8437
1628074864838000,1,250.01249000,0.8437
1628075225134000,1,250.02500000,0.8436
1628075345182000,1,250.01249000,0.8436
1628075424671000,1,2114.50851000,0.8436
1628075424671000,1,875.49149000,0.8436
1628079421055000,1,600.00000000,0.8425
1628079421055000,1,626.08056000,0.8425
1628079421055000,1,228.91944000,0.8423
1628079593301000,0,599.99999000,0.8429
1628079872551000,1,600.00000000,0.8426
1628079872551000,1,3521.90830000,0.8426
1628079987979000,1,6478.09170000,0.8426
1628079987979000,1,373.00000000,0.8422
1628079987979000,1,1186.89290000,0.8420
1628079987979000,1,2967.21113000,0.8416
1628079987979000,1,6694.31923000,0.8416
1628079987979000,1,1154.00000000,0.8415
1628079987979000,1,937.64127000,0.8411
1628080116746000,0,1321.12215000,0.8430
1628080129405000,0,958.68897000,0.8431
1628081161130000,1,1181.84743000,0.8424
1628081553530000,1,233.78940000,0.8424
1628082132835000,1,599.98686000,0.8419
1628082178616000,1,600.00000000,0.8419
1628082491311000,1,600.00000000,0.8414
1628082491311000,1,1100.58996000,0.8412
1628082491311000,1,4119.41004000,0.8412
1628083748676000,0,585.53796000,0.8415
1628083868763000,0,23.75181000,0.8416
1628084047264000,1,116.85601000,0.8412
1628084285470000,1,60.00000000,0.8411
1628084447809000,0,2000.00000000,0.8415
1628084447809000,0,600.00000000,0.8415
1628084447809000,0,10000.00000000,0.8418
1628084447809000,0,1188.58860000,0.8425
1628084447809000,0,2971.47150000,0.8425
1628084447809000,0,7725.42889000,0.8425
1628084447809000,0,373.00000000,0.8426
1628084447809000,0,1154.00000000,0.8434
1628084447809000,0,1500.00000000,0.8436
1628084447809000,0,963.83033000,0.8460
1628085710573000,0,600.00000000,0.8416
1628087137084000,0,1500.00000000,0.8442
1628087137778000,1,1500.00000000,0.8442
1628087139238000,0,880.79526000,0.8442
1628087147369000,0,600.00000000,0.8443
1628087147376000,1,600.00000000,0.8443
1628087147627000,1,1500.00000000,0.8443
1628087152587000,1,2000.00000000,0.8443
1628087152587000,1,2500.00000000,0.8443
1628087152798000,1,1500.00000000,0.8443
1628087155573000,1,1500.00000000,0.8443
1628087155798000,1,1500.00000000,0.8443
1628089389805000,1,775.37508000,0.8440
1628089390216000,0,1500.00000000,0.8442
1628089391073000,1,4500.00000000,0.8442
1628089397095000,1,98.51908000,0.8442
1628089397095000,1,1401.48092000,0.8442
1628089397311000,1,1500.00000000,0.8442
1628092796899000,1,600.00000000,0.8446
1628092797477000,1,1500.00000000,0.8442
1628092798120000,1,4500.00000000,0.8442
1628092806115000,1,1500.00000000,0.8442
1628092812866000,1,1500.00000000,0.8442
1628094190078000,1,250.03500000,0.8446
1628094811439000,1,346.96033000,0.8446
1628095091037000,1,3.00467000,0.8446
1628095091037000,1,1773.24539000,0.8446
1628095091205000,1,1494.49304000,0.8446
1628095091273000,1,1776.25006000,0.8446
1628095091376000,1,599.99999000,0.8446
1628095091434000,1,2582.76613000,0.8446
1628095096554000,1,1773.24537000,0.8446
1628095097352000,1,0.00002000,0.8446
1628095097352000,1,3270.74308000,0.8446
1628095097547000,1,6211.62797000,0.8446
1628095485509000,1,517.62895000,0.8446
1628095485509000,1,600.00000000,0.8446
1628095485509000,1,382.37105000,0.8441
1628095570620000,1,1776.25208000,0.8446
1628095811621000,1,1776.23977000,0.8446
1628096055442000,1,1776.26979000,0.8446
1628096594575000,1,2000.00000000,0.8446
1628097549643000,1,2424.42165000,0.8446
1628097549909000,1,246.81671000,0.8446
1628097553120000,1,2424.42165000,0.8446
1628097553399000,1,7575.57835000,0.8446
1628097851779000,1,249.79016000,0.8442
1628099598830000,1,600.00000000,0.8442
1628099598830000,1,2926.22956000,0.8442
1628100689391000,0,600.00000000,0.8446
1628100689391000,0,275.51717000,0.8453
1628101264960000,0,82.84099000,0.8446
1628101515800000,1,2774.18396000,0.8442
1628101516094000,1,4299.58648000,0.8442
1628101519397000,1,2206.81397000,0.8442
1628101519549000,1,7793.18603000,0.8442
1628101550831000,1,10000.00000000,0.8442
1628101550910000,0,10000.00000000,0.8442
1628101552170000,0,600.00000000,0.8442
1628101552170000,0,2000.00000000,0.8442
1628101552170000,0,600.00000000,0.8442
1628101552170000,0,6800.00000000,0.8442
1628101554169000,0,10000.00000000,0.8442
1628101556170000,0,10000.00000000,0.8442
1628101558169000,0,598.37699000,0.8442
1628101558169000,0,9401.62301000,0.8442
1628101560170000,0,10000.00000000,0.8442
1628101562171000,0,10000.00000000,0.8442
1628101564171000,0,10000.00000000,0.8442
1628101564246000,0,10000.00000000,0.8442
1628101566168000,0,10000.00000000,0.8442
1628101568169000,0,10000.00000000,0.8442
1628101570193000,0,10000.00000000,0.8442
1628101572168000,0,10000.00000000,0.8442
1628101574170000,0,10000.00000000,0.8442
1628101576170000,0,10000.00000000,0.8442
1628101578171000,0,10000.00000000,0.8442
1628101580173000,0,10000.00000000,0.8442
1628101582169000,0,10000.00000000,0.8442
1628101582247000,0,10000.00000000,0.8442
1628101584177000,0,10000.00000000,0.8442
1628101584252000,0,10000.00000000,0.8442
1628101586171000,0,10000.00000000,0.8442
1628101588186000,0,10000.00000000,0.8442
1628101588262000,0,10000.00000000,0.8442
1628101590171000,0,10000.00000000,0.8442
1628101592172000,0,10000.00000000,0.8442
1628101867202000,0,423.55000000,0.8442
1628101974192000,0,108.52365000,0.8442
1628101975243000,0,108.52365000,0.8442
1628101976200000,0,108.52365000,0.8442
1628101977201000,0,108.52365000,0.8442
1628101978245000,0,108.52365000,0.8442
1628101979218000,0,108.52365000,0.8442
1628101980204000,0,108.52365000,0.8442
1628101981218000,0,108.52365000,0.8442
1628101982219000,0,108.52365000,0.8442
1628102098897000,0,10000.00000000,0.8442
1628102159792000,0,10000.00000000,0.8442
1628102284095000,0,10000.00000000,0.8442
1628102719712000,0,102.91460000,0.8442
1628102720878000,0,102.91460000,0.8442
1628102721869000,0,102.91460000,0.8442
1628102755778000,0,100.68645000,0.8442
1628102756890000,0,100.68645000,0.8442
1628102757873000,0,100.68645000,0.8442
1628102758894000,0,100.68645000,0.8442
1628102759904000,0,100.68645000,0.8442
1628102760879000,0,100.68645000,0.8442
1628102761923000,0,100.68645000,0.8442
1628102827753000,0,9920.02674000,0.8442
1628102833714000,0,10000.00000000,0.8442
1628102835180000,0,10000.00000000,0.8442
1628102837172000,0,10000.00000000,0.8442
1628102837250000,0,10000.00000000,0.8442
1628102900619000,0,4000.00000000,0.8442
1628103062499000,0,10000.00000000,0.8442
1628103064180000,0,10000.00000000,0.8442
1628103064285000,0,10000.00000000,0.8442
1628103064384000,0,10000.00000000,0.8442
1628103074072000,0,10000.00000000,0.8442
1628103075170000,0,10000.00000000,0.8442
1628103077171000,0,10000.00000000,0.8442
1628103079177000,0,10000.00000000,0.8442
1628103081170000,0,10000.00000000,0.8442
1628103083181000,0,10000.00000000,0.8442
1628103085172000,0,10000.00000000,0.8442
1628103094935000,0,10000.00000000,0.8442
1628103099389000,0,10000.00000000,0.8442
1628103114839000,0,10000.00000000,0.8442
1628103114927000,0,10000.00000000,0.8442
1628103142450000,0,10000.00000000,0.8442
1628103248806000,0,10000.00000000,0.8442
1628103257293000,0,10000.00000000,0.8442
1628103259168000,0,10000.00000000,0.8442
1628103261168000,0,10000.00000000,0.8442
1628103263170000,0,10000.00000000,0.8442
1628103266448000,0,10000.00000000,0.8442
1628103405396000,0,4476.87212000,0.8442
1628105084699000,0,153.63921000,0.8442
1628105085697000,0,153.63921000,0.8442
1628105086693000,0,134.44276000,0.8442
1628105087702000,0,134.44276000,0.8442
1628105088703000,0,134.44276000,0.8442
1628105089718000,0,134.44276000,0.8442
1628105090707000,0,134.44276000,0.8442
1628105091716000,0,129.69155000,0.8442
1628105092699000,0,129.69155000,0.8442
1628105093718000,0,129.69155000,0.8442
1628105094938000,0,129.69155000,0.8442
1628105095709000,0,129.69155000,0.8442
1628105213852000,0,10000.00000000,0.8442
1628105229982000,0,10000.00000000,0.8442
1628105294172000,0,10000.00000000,0.8442
1628105300807000,0,10000.00000000,0.8442
1628105305200000,0,10000.00000000,0.8442
1628105440042000,0,10000.00000000,0.8442
1628105440119000,0,10000.00000000,0.8442
1628105446703000,0,10000.00000000,0.8442
1628105448171000,0,10000.00000000,0.8442
1628105450180000,0,10000.00000000,0.8442
1628105462263000,0,10000.00000000,0.8442
1628105464174000,0,10000.00000000,0.8442
1628105466173000,0,10000.00000000,0.8442
1628105468198000,0,10000.00000000,0.8442
1628105564798000,0,10000.00000000,0.8442
1628106022330000,0,10000.00000000,0.8442
1628106053829000,0,10000.00000000,0.8442
1628106055170000,0,10000.00000000,0.8442
1628106057168000,0,10000.00000000,0.8442
1628106059171000,0,10000.00000000,0.8442
1628106061188000,0,10000.00000000,0.8442
1628106325321000,0,10000.00000000,0.8442
1628106327170000,0,10000.00000000,0.8442
1628106517413000,0,10000.00000000,0.8442
1628106519171000,0,10000.00000000,0.8442
1628106521169000,0,10000.00000000,0.8442
1628106523169000,0,10000.00000000,0.8442
1628106537686000,0,10000.00000000,0.8442
1628106539170000,0,10000.00000000,0.8442
1628106541174000,0,10000.00000000,0.8442
1628106543170000,0,8232.60759000,0.8442
1628108017963000,1,323.03000000,0.8442
1628108017963000,1,755.94626000,0.8442
1628108809128000,0,600.00000000,0.8443
1628109092471000,1,900.00000000,0.8444
1628110637102000,0,591.18938000,0.8453
1628114545529000,1,2000.00000000,0.8444
1628114548980000,1,2529.84773000,0.8444
1628114549292000,1,6870.15227000,0.8444
1628114552908000,1,564.58999000,0.8444
1628114553033000,1,0.00003000,0.8444
1628114553033000,1,1965.25769000,0.8444
1628114553404000,1,2529.97623000,0.8444
1628114553652000,1,5504.76606000,0.8444
1628114565386000,1,0.00002000,0.8444
1628114565386000,1,710.61762000,0.8444
1628116915763000,1,306.45461000,0.8447
1628117790376000,1,2076.28865000,0.8447
1628117790570000,1,229.94063000,0.8447
1628118074417000,1,2076.28865000,0.8447
1628118074707000,1,3358.37771000,0.8447
1628118074848000,1,476.80070000,0.8447
1628118074893000,1,600.00000000,0.8447
1628118074899000,1,875.84905000,0.8447
1628118074981000,0,600.00000000,0.8447
1628118075128000,1,1882.52866000,0.8447
1628118075315000,1,600.00000000,0.8447
1628118075315000,1,6041.62229000,0.8447
1628118075360000,1,875.84905000,0.8447
1628118078027000,1,4641.92230000,0.8447
1628118136265000,1,250.03750000,0.8447
1628118256370000,1,250.03750000,0.8447
1628118415456000,1,947.07144000,0.8447
1628118415475000,1,600.00000000,0.8447
1628118423788000,1,600.00000000,0.8447
