timestamp ms,type,amount,price
1622419315784000,0,10000.00000000,0.8208
1622419317395000,0,9143.22769000,0.8208
1622420974032000,1,249.97999000,0.8212
1622421093985000,1,249.97999000,0.8212
1622421214135000,1,249.97999000,0.8212
1622421334163000,1,249.68999000,0.8212
1622421574539000,1,249.98499000,0.8212
1622421694676000,1,249.98499000,0.8212
1622421814825000,1,249.98499000,0.8212
1622421934929000,1,249.98499000,0.8212
1622422054969000,1,249.98499000,0.8212
1622422174994000,1,249.98499000,0.8212
1622422295207000,1,90.77952000,0.8212
1622422295207000,1,159.21047000,0.8212
1622422415353000,1,249.98998000,0.8212
1622422535402000,1,249.98999000,0.8212
1622422655465000,1,249.98999000,0.8212
1622423615847000,1,249.28999000,0.8208
1622423830097000,1,1930.27283000,0.8208
1622425198033000,1,7980.58834000,0.8205
1622426987573000,1,1300.00000000,0.8205
1622427339558000,0,2000.00000000,0.8214
1622427373645000,0,590.31942000,0.8216
1622427373645000,0,485.00000000,0.8216
1622427373645000,0,4796.00000000,0.8242
1622427373645000,0,1464.00000000,0.8246
1622427373645000,0,2100.10381000,0.8246
1622427373645000,0,7200.00000000,0.8248
1622427373645000,0,18392.65901000,0.8249
1622427407656000,0,3360.00000000,0.8221
1622427407656000,0,485.00000000,0.8221
1622427407656000,0,1464.00000000,0.8222
1622427407656000,0,4796.00000000,0.8249
1622427407656000,0,5192.24896000,0.8249
1622427407656000,0,3985.63187000,0.8250
1622427543179000,0,2193.06753000,0.8218
1622427779453000,0,450.31924000,0.8218
1622427779453000,0,1166.93247000,0.8218
1622427779453000,0,4477.62786000,0.8250
1622427831492000,0,68.99843000,0.8225
1622429496935000,1,419.37405000,0.8208
1622429565477000,1,885.87162000,0.8208
1622439333171000,1,416.47486000,0.8208
1622442785203000,1,870.01096000,0.8208
1622442785203000,1,10000.00000000,0.8208
1622442785353000,0,697.33434000,0.8208
1622443839536000,1,33.15460000,0.8197
1622444113831000,1,10000.00000000,0.8207
1622444113831000,1,1464.00000000,0.8197
1622444113831000,1,3363.07073000,0.8197
1622444113927000,0,7172.62174000,0.8197
1622445565407000,1,30.25249000,0.8199
1622447955876000,1,9999.99999000,0.8211
1622447955908000,1,715.05639000,0.8211
1622447955948000,1,3284.94362000,0.8211
1622448532193000,1,10000.00000000,0.8199
1622448532193000,1,1464.00000000,0.8182
1622448532193000,1,485.00000000,0.8182
1622448532193000,1,273.99000000,0.8182
1622449539669000,1,285.00000000,0.8196
1622449560421000,1,500.00000000,0.8196
1622449571806000,1,460.00000000,0.8196
1622449583109000,1,779.00000000,0.8196
1622449588387000,0,32.53000000,0.8207
1622449598782000,1,32.98197000,0.8196
1622449598782000,1,517.01803000,0.8196
1622449611039000,1,900.00000000,0.8196
1622449621964000,1,285.00000000,0.8196
1622449785465000,1,6273.98197000,0.8196
1622449785585000,0,6012.93179000,0.8196
1622449825981000,1,664.40542000,0.8210
1622449826071000,1,165.59458000,0.8210
1622449877105000,0,121.73883000,0.8210
1622450824604000,0,39.00423000,0.8210
1622450970111000,0,2000.00000000,0.8210
1622450970111000,0,7035.79174000,0.8211
1622454481886000,1,2000.00000000,0.8201
1622455154746000,0,2000.00000000,0.8201
1622455154746000,0,1450.61405000,0.8201
1622455159095000,0,592.18344000,0.8201
1622455159219000,0,0.00002000,0.8201
1622455159219000,0,595.10291000,0.8201
1622455200683000,0,1187.34354000,0.8201
1622455229020000,0,5766.93948000,0.8201
1622455688759000,0,0.00002000,0.8201
1622457323497000,0,1217.04718000,0.8213
1622459240827000,1,2000.00000000,0.8197
1622459240827000,1,500.00000000,0.8197
1622459324709000,1,594.29609000,0.8197
1622459324709000,1,4021.08391000,0.8197
1622461379051000,1,147.50000000,0.8199
1622463060755000,1,711.10700000,0.8195
1622464424592000,1,1735.29676000,0.8195
1622464424849000,1,816.19323000,0.8195
1622464425114000,1,126.11998000,0.8195
1622464437161000,1,830.87462000,0.8195
1622464437361000,1,2293.21548000,0.8195
1622464437882000,1,1273.43000000,0.8195
1622464438114000,1,1148.48124000,0.8195
1622464442810000,1,639.25721000,0.8195
1622464724619000,1,1274.00999000,0.8195
1622464725059000,1,10399.67999000,0.8195
1622464725463000,1,217.85364000,0.8195
1622465173958000,0,38.31037000,0.8201
1622465373968000,0,1961.68963000,0.8201
1622465373968000,0,10000.00000000,0.8201
1622465373968000,0,3360.00000000,0.8203
1622465373968000,0,7927.59822000,0.8238
1622465373968000,0,3049.10771000,0.8238
1622465373968000,0,4796.00000000,0.8238
1622465373968000,0,485.00000000,0.8239
1622465373968000,0,1464.00000000,0.8239
1622465373968000,0,7145.50967000,0.8239
1622465373968000,0,40819.15411000,0.8250
1622465373968000,0,15896.04580000,0.8250
1622465373968000,0,3095.89486000,0.8250
1622465386500000,0,1219.57764000,0.8204
1622465386500000,0,3048.94409000,0.8204
1622465386500000,0,594.29609000,0.8204
1622465386500000,0,10000.00000000,0.8204
1622465386500000,0,7927.19663000,0.8215
1622465386500000,0,3360.00000000,0.8216
1622465386500000,0,4796.00000000,0.8243
1622465386500000,0,1464.00000000,0.8250
1622465386500000,0,485.00000000,0.8250
1622465386500000,0,6904.10514000,0.8250
1622465386500000,0,10000.00000000,0.8250
1622465386500000,0,50200.88041000,0.8250
1622465402361000,0,1219.58953000,0.8203
1622465402361000,0,10000.00000000,0.8203
1622465402361000,0,3048.96640000,0.8229
1622465402361000,0,7927.28883000,0.8229
1622465402361000,0,485.00000000,0.8229
1622465402361000,0,3360.00000000,0.8230
1622465402361000,0,1464.00000000,0.8250
1622465402361000,0,4796.00000000,0.8250
1622465402361000,0,28462.79330000,0.8250
1622465402361000,0,12703.12829000,0.8259
1622465402361000,0,26533.23365000,0.8260
1622465460458000,0,1219.60143000,0.8203
1622465460458000,0,10000.00000000,0.8204
1622465460458000,0,3048.99615000,0.8225
1622465460458000,0,7927.36618000,0.8225
1622465460458000,0,3360.00000000,0.8225
1622465460458000,0,1464.00000000,0.8260
1622465460458000,0,12632.71730000,0.8260
1622465460458000,0,4796.00000000,0.8268
1622465460458000,0,55.00000000,0.8268
1622465460458000,0,9527.34622000,0.8269
1622465460458000,0,172.34432000,0.8270
1622465460458000,0,10000.00000000,0.8275
1622465460458000,0,100.00000000,0.8288
1622465460458000,0,130.00000000,0.8298
1622465460458000,0,24653.00000000,0.8300
1622465460458000,0,10913.62840000,0.8300
1622465468413000,0,30.38318000,0.8204
1622465481996000,1,1526.71848000,0.8195
1622465485092000,1,1526.73330000,0.8196
1622465485451000,1,2000.00000000,0.8196
1622465485452000,1,1269.26670000,0.8196
1622465485452000,1,564.28110000,0.8196
1622465487263000,0,1936.68974000,0.8196
1622465487263000,0,1219.66093000,0.8203
1622465487263000,0,3049.15977000,0.8203
1622465487263000,0,5983.00198000,0.8204
1622465487582000,0,485.00000000,0.8196
1622465490536000,1,1464.00000000,0.8196
1622465491038000,1,3360.10228000,0.8196
1622465491038000,1,536.00000000,0.8196
1622465491038000,1,1936.87857000,0.8196
1622465491153000,1,485.00000000,0.8196
1622465491153000,1,1464.00000000,0.8196
1622465491160000,0,378.16823000,0.8196
1622465491160000,0,1448.01915000,0.8196
1622465494439000,1,1526.73327000,0.8196
1622465495857000,1,1526.85960000,0.8196
1622465496198000,1,2982.47470000,0.8196
1622465501977000,1,1526.85960000,0.8197
1622465502114000,1,3269.14039000,0.8197
1622465522261000,0,1219.72639000,0.8202
1622465522261000,0,2000.00000000,0.8202
1622465522261000,0,3049.28622000,0.8204
1622465522261000,0,3986.61484000,0.8204
1622465522261000,0,1464.00000000,0.8253
1622465522261000,0,280.37255000,0.8253
1622465531395000,0,564.28110000,0.8203
1622465531395000,0,435.71890000,0.8203
1622465561332000,0,200.00000000,0.8202
1622465576260000,0,30.00000000,0.8203
1622465701419000,1,249.51999000,0.8196
1622466988474000,1,9999.99999000,0.8199
1622466988480000,1,2536.36281000,0.8199
1622466989066000,1,9999.99999000,0.8199
1622466989075000,1,2536.99210000,0.8199
1622466989556000,1,2537.62158000,0.8199
1622466989698000,1,1966.11829000,0.8199
1622467382610000,0,249.51999000,0.8200
1622467382610000,0,67.08143000,0.8200
1622468523294000,1,250.05001000,0.8197
1622468550544000,1,1281.29140000,0.8197
1622468643249000,1,250.05001000,0.8197
1622468646413000,1,1219.46163000,0.8197
1622468646686000,1,780.53837000,0.8197
1622468646686000,1,1350.61162000,0.8196
1622468647496000,1,1219.49138000,0.8197
1622468652701000,1,199.86341000,0.8196
1622468664257000,0,780.50862000,0.8197
1622469063548000,0,134.13363000,0.8200
1622469064946000,0,134.13363000,0.8200
1622469074568000,0,103.78069000,0.8200
1622469075699000,0,103.78069000,0.8200
1622469079244000,0,138.33783000,0.8200
1622469080461000,0,121.52173000,0.8200
1622469124301000,0,100.81669000,0.8200
1622469125497000,0,100.81669000,0.8200
1622469183568000,0,1062.67841000,0.8200
1622469183569000,0,0.00001000,0.8200
1622469183569000,0,5787.91377000,0.8200
1622469353980000,1,736.97690000,0.8199
1622470394356000,1,54.91650000,0.8196
1622470624916000,0,54.91650000,0.8200
1622470624916000,0,600.00000000,0.8200
1622470624916000,0,1255.59705000,0.8200
1622470624916000,0,1219.50625000,0.8203
1622470624916000,0,2964.31586000,0.8204
1622471741046000,1,1343.34515000,0.8198
1622471775118000,0,181.58108000,0.8202
1622471890476000,1,996.46484000,0.8198
1622471891034000,1,996.46484000,0.8198
1622471891034000,1,996.46484000,0.8198
1622471892283000,1,996.46484000,0.8198
1622471893656000,1,996.46484000,0.8198
1622472026138000,1,1254.16845000,0.8196
1622472026244000,1,485.00000000,0.8196
1622472309922000,1,77.25477000,0.8193
1622472819032000,1,485.00000000,0.8193
1622472819032000,1,6024.66149000,0.8193
1622473159246000,1,485.00000000,0.8184
1622473159246000,1,4796.00000000,0.8183
1622473159246000,1,1464.00000000,0.8182
1622473159246000,1,6864.40472000,0.8182
1622473176302000,0,69.55209000,0.8191
1622473427249000,1,69.55209000,0.8182
1622474086322000,1,2116.00276000,0.8182
1622474161508000,1,0.00002000,0.8182
1622474161508000,1,2538.77929000,0.8182
1622474161701000,1,4587.38335000,0.8182
1622474161872000,1,0.00004000,0.8182
1622475042201000,0,75.68686000,0.8182
1622475309255000,1,27.10014000,0.8182
1622475310475000,1,32.49902000,0.8182
1622475310723000,1,32.49902000,0.8182
1622475326350000,0,2000.00000000,0.8189
1622475326456000,1,9999.99999000,0.8189
1622475326480000,1,1024.84920000,0.8189
1622475960873000,1,2000.00000000,0.8181
1622475960873000,1,485.00000000,0.8181
1622475960873000,1,100.00000000,0.8180
1622475960873000,1,100.00000000,0.8180
1622475960873000,1,3943.37085000,0.8176
1622476066816000,1,1464.00000000,0.8177
1622476066816000,1,485.00000000,0.8177
1622476066816000,1,1446.00000000,0.8176
1622476560839000,0,77.57581000,0.8185
1622476675977000,0,12.16404000,0.8185
1622476676058000,1,2430.68402000,0.8185
1622477074994000,1,494.00000000,0.8177
1622477074994000,1,202.73523000,0.8176
1622477075119000,1,323.77321000,0.8176
1622477075438000,1,1300.00000000,0.8175
1622477075450000,1,7807.81889000,0.8175
1622477078638000,1,709.34298000,0.8175
1622477103800000,1,990.14721000,0.8175
1622477111072000,1,492.69090000,0.8175
1622477186753000,0,251.97204000,0.8176
1622477826167000,1,0.00002000,0.8175
1622477826167000,1,250.00248000,0.8173
1622478126194000,1,250.09503000,0.8174
1622478246333000,1,3.76919000,0.8173
1622478246333000,1,246.32584000,0.8173
1622478366653000,0,250.09503000,0.8174
1622479558062000,0,1220.74875000,0.8188
1622479972262000,0,36.64077000,0.8186
1622483405240000,0,692.77000000,0.8179
1622484024447000,0,1140.00000000,0.8181
1622484024619000,1,148.83011000,0.8185
1622484024657000,1,9999.99999000,0.8185
1622484025267000,1,9999.99999000,0.8185
1622484025890000,1,8711.16991000,0.8185
1622484067065000,1,36.64077000,0.8179
1622484304024000,1,600.00000000,0.8179
1622484304024000,1,692.62217000,0.8179
1622484304024000,1,494.00000000,0.8179
1622484304024000,1,1449.00000000,0.8178
1622484304024000,1,5655.09783000,0.8175
1622485035263000,0,61.09396000,0.8182
1622487255953000,0,2000.00000000,0.8186
1622487255953000,0,7770.48400000,0.8186
1622488683275000,1,97.00000000,0.8179
1622488984416000,0,138.61947000,0.8179
1622488985504000,0,138.61947000,0.8179
1622488986618000,0,138.61947000,0.8179
1622488987740000,0,132.31362000,0.8179
1622488988848000,0,86.89941000,0.8179
1622488988848000,0,13.10059000,0.8179
1622488989982000,0,111.40294000,0.8179
1622488991524000,0,129.83479000,0.8179
1622488992621000,0,129.83479000,0.8179
1622488993741000,0,114.95896000,0.8179
1622489153649000,0,111.19430000,0.8179
1622489379877000,0,100.89052000,0.8179
1622489380959000,0,100.89052000,0.8179
1622489382092000,0,100.89052000,0.8179
1622489947629000,0,146.06920000,0.8179
1622489948752000,0,128.35571000,0.8179
1622489949915000,0,128.35571000,0.8179
1622489951068000,0,128.35571000,0.8179
1622489952202000,0,112.79029000,0.8179
1622489953336000,0,101.43997000,0.8179
1622490051835000,0,1200.89288000,0.8179
1622490239143000,0,151.71922000,0.8179
1622490240301000,0,151.71922000,0.8179
1622490241425000,0,151.71922000,0.8179
1622490242533000,0,146.83323000,0.8179
1622490243685000,0,146.83323000,0.8179
1622490244839000,0,146.83323000,0.8179
1622490245983000,0,129.02842000,0.8179
1622490247223000,0,129.02842000,0.8179
1622490328394000,0,100.34420000,0.8179
1622490341504000,0,111.78797000,0.8179
1622490342603000,0,111.78797000,0.8179
1622490354718000,0,100.03308000,0.8179
1622490355839000,0,100.03308000,0.8179
1622490549075000,0,177.25314000,0.8179
1622490550193000,0,155.75705000,0.8179
1622490551335000,0,155.75705000,0.8179
1622490552446000,0,149.27452000,0.8179
1622490553652000,0,131.17149000,0.8179
1622490554780000,0,115.26388000,0.8179
1622490555918000,0,101.28544000,0.8179
1622490653956000,0,2775.57277000,0.8179
1622490710114000,0,101.41677000,0.8179
1622490806313000,0,106.85979000,0.8179
1622490838509000,0,106.20522000,0.8179
1622490839622000,0,130.33231000,0.8179
1622490840778000,0,114.52717000,0.8179
1622491020995000,0,113.12444000,0.8179
1622491022097000,0,113.12444000,0.8179
1622491023212000,0,113.12444000,0.8179
1622491024384000,0,113.12444000,0.8179
1622491081766000,0,187.48418000,0.8179
1622491082934000,0,187.48418000,0.8179
1622491084087000,0,187.48418000,0.8179
1622491085203000,0,187.48418000,0.8179
1622491086863000,0,180.38704000,0.8179
1622491088174000,0,180.38704000,0.8179
1622491089418000,0,180.38704000,0.8179
1622491090490000,0,180.38265000,0.8179
1622491091720000,0,173.11209000,0.8179
1622491092844000,0,173.11209000,0.8179
1622491093961000,0,173.11209000,0.8179
1622491095095000,0,173.11209000,0.8179
1622491096223000,0,173.11209000,0.8179
1622491097365000,0,173.11209000,0.8179
1622491098467000,0,173.11209000,0.8179
1622491099601000,0,165.74460000,0.8179
1622491100708000,0,165.74416000,0.8179
1622491101818000,0,108.36057000,0.8179
1622491302749000,0,577.16666000,0.8177
1622491361381000,0,178.63696000,0.8178
1622491437299000,1,2000.00000000,0.8175
1622491437299000,1,1106.50551000,0.8175
1622491576064000,0,1330.44865000,0.8179
1622491989031000,0,133.81774000,0.8179
1622492109724000,0,6107.61426000,0.8179
1622492174369000,0,12217.49595000,0.8179
1622492329929000,0,666.54079000,0.8179
1622494361492000,0,105.44995000,0.8179
1622494362613000,0,105.44995000,0.8179
1622495214759000,0,221.10643000,0.8179
1622495215790000,0,194.28683000,0.8179
1622495217712000,0,186.15280000,0.8179
1622495218864000,0,68.00529000,0.8179
1622495218864000,0,31.99471000,0.8179
1622495220111000,0,150.38101000,0.8179
1622495221558000,0,132.14005000,0.8179
1622495222791000,0,129.82831000,0.8179
1622496218365000,0,105.14146000,0.8179
1622496236472000,0,108.57618000,0.8179
1622496252643000,0,100.32780000,0.8179
1622496253724000,0,100.32780000,0.8179
1622496398039000,0,187.24674000,0.8179
1622496399184000,0,164.54596000,0.8179
1622496400279000,0,144.59730000,0.8179
1622496401382000,0,144.59730000,0.8179
1622496402514000,0,144.59730000,0.8179
1622496403613000,0,127.06711000,0.8179
1622496404727000,0,111.66218000,0.8179
1622497874108000,0,111.48530000,0.8179
1622497875599000,0,111.48530000,0.8179
1622498831873000,1,249.94995000,0.8179
1622499433947000,0,102.18247000,0.8179
1622499453055000,0,119.49670000,0.8179
1622499454154000,0,119.49670000,0.8179
1622499455264000,0,119.49670000,0.8179
1622499456406000,0,119.49670000,0.8179
1622499457542000,0,105.00212000,0.8179
1622499459741000,0,101.25277000,0.8179
1622499491889000,0,101.96000000,0.8179
1622499493028000,0,101.96000000,0.8179
1622500265438000,1,1784.90983000,0.8173
1622500265929000,1,215.09017000,0.8173
1622500265929000,1,278.90982000,0.8173
1622500348732000,1,1223.40618000,0.8170
1622500352550000,1,1223.46605000,0.8170
1622500358843000,1,1223.44512000,0.8170
1622500396452000,1,1223.36429000,0.8170
1622500471391000,1,1223.32537000,0.8170
1622500475455000,1,561.72497000,0.8170
1622500475490000,1,661.58246000,0.8170
1622500486380000,1,1223.31640000,0.8170
1622500563565000,1,0.00002000,0.8170
1622501294850000,1,250.00000000,0.8168
1622501414890000,1,250.04500000,0.8168
1622501534960000,1,250.04500000,0.8168
1622501698747000,1,1223.28050000,0.8169
1622501698747000,1,3058.20124000,0.8169
1622501698747000,1,602.99983000,0.8169
1622501698747000,1,7951.15991000,0.8168
1622501698747000,1,1449.00000000,0.8168
1622501698747000,1,4685.00000000,0.8168
1622501953265000,0,117.50994000,0.8168
1622502075208000,1,250.05751000,0.8167
1622502157680000,0,250.05729000,0.8168
1622502159949000,0,4359.17000000,0.8168
1622502160395000,0,2506.04000000,0.8168
1622502193820000,0,6657.89000000,0.8168
1622502193910000,0,824.25000000,0.8168
1622502289835000,0,110.82318000,0.8168
1622502395399000,0,3428.78000000,0.8168
1622502414550000,0,110.99402000,0.8168
1622502428733000,0,188.98460000,0.8168
1622502484763000,0,111.01822000,0.8168
1622502551312000,0,667.61490000,0.8168
1622502623491000,0,943.68581000,0.8168
1622502624613000,0,1001.10564000,0.8168
1622502626630000,0,879.79793000,0.8168
1622502627737000,0,773.18953000,0.8168
1622502628849000,0,773.18953000,0.8168
1622502630725000,0,471.43438000,0.8168
1622502631891000,0,414.30892000,0.8168
1622502632979000,0,414.30892000,0.8168
1622502634073000,0,414.30892000,0.8168
1622502635221000,0,414.30892000,0.8168
1622502636380000,0,414.30892000,0.8168
1622502637492000,0,414.30892000,0.8168
1622502638597000,0,382.16286000,0.8168
1622502639713000,0,382.16286000,0.8168
1622503098905000,0,200.83290000,0.8168
1622503313312000,1,1222.96633000,0.8168
1622503313312000,1,3057.41582000,0.8168
1622503363640000,0,98.37717000,0.8168
1622503422451000,1,2485.64540000,0.8167
1622503506612000,0,3672.74305000,0.8168
1622503649467000,0,1121.12000000,0.8168
1622504761653000,1,449.07131000,0.8166
1622504992733000,1,1223.72659000,0.8166
1622504992733000,1,3059.31648000,0.8166
1622505060527000,1,1223.70564000,0.8166
1622505060527000,1,3059.27155000,0.8166
1622505097088000,0,10000.00000000,0.8166
1622505097493000,0,448.16704000,0.8166
1622505097711000,0,448.47557000,0.8166
1622505098776000,0,9999.99999000,0.8166
1622505099086000,0,10000.00000000,0.8166
1622505099406000,0,9999.99999000,0.8166
1622505099908000,0,9999.99999000,0.8166
1622505100447000,0,9999.99999000,0.8166
1622505101020000,0,9999.99999000,0.8166
1622505101061000,0,10000.00000000,0.8166
1622505101615000,0,9999.99999000,0.8166
1622505102174000,0,9999.99999000,0.8166
1622505102782000,0,9999.99999000,0.8166
1622505103059000,0,10000.00000000,0.8166
1622505103327000,0,9999.99999000,0.8166
1622505103840000,0,9999.99999000,0.8166
1622505104169000,0,4312.13265000,0.8166
1622505107868000,0,9921.29526000,0.8166
1622505124045000,0,36.73679000,0.8166
1622505126682000,0,6904.62080000,0.8166
1622505142924000,0,4657.47077000,0.8166
1622505147379000,0,4539.60922000,0.8166
1622505159744000,0,3436.55383000,0.8166
1622505160644000,0,6268.10940000,0.8166
1622505162944000,0,6723.14404000,0.8166
1622505176744000,0,5531.57176000,0.8166
1622505177361000,0,2809.25930000,0.8166
1622505196942000,0,4277.88185000,0.8166
1622505213919000,0,1462.27539000,0.8166
1622505219309000,0,1478.81301000,0.8166
1622505228685000,0,314.34686000,0.8166
1622505229880000,0,1501.48955000,0.8166
1622505231974000,0,2692.64123000,0.8166
1622505232263000,0,5622.44371000,0.8166
