timestamp ms,type,amount,price
1622419315784000,0,10000.00000000,0.8208
1622419317395000,0,9143.22769000,0.8208
1622420974032000,1,249.97999000,0.8212
1622421093985000,1,249.97999000,0.8212
1622421214135000,1,249.97999000,0.8212
1622421334163000,1,249.68999000,0.8212
1622421574539000,1,249.98499000,0.8212
1622421694676000,1,249.98499000,0.8212
1622421814825000,1,249.98499000,0.8212
1622421934929000,1,249.98499000,0.8212
1622422054969000,1,249.98499000,0.8212
1622422174994000,1,249.98499000,0.8212
1622422295207000,1,90.77952000,0.8212
1622422295207000,1,159.21047000,0.8212
1622422415353000,1,249.98998000,0.8212
1622422535402000,1,249.98999000,0.8212
1622422655465000,1,249.98999000,0.8212
1622423615847000,1,249.28999000,0.8208
1622423830097000,1,1930.27283000,0.8208
1622425198033000,1,7980.58834000,0.8205
1622426987573000,1,1300.00000000,0.8205
1622427339558000,0,2000.00000000,0.8214
1622427373645000,0,590.31942000,0.8216
1622427373645000,0,485.00000000,0.8216
1622427373645000,0,4796.00000000,0.8242
1622427373645000,0,1464.00000000,0.8246
1622427373645000,0,2100.10381000,0.8246
1622427373645000,0,7200.00000000,0.8248
1622427373645000,0,18392.65901000,0.8249
1622427407656000,0,3360.00000000,0.8221
1622427407656000,0,485.00000000,0.8221
1622427407656000,0,1464.00000000,0.8222
1622427407656000,0,4796.00000000,0.8249
1622427407656000,0,5192.24896000,0.8249
1622427407656000,0,3985.63187000,0.8250
1622427543179000,0,2193.06753000,0.8218
1622427779453000,0,450.31924000,0.8218
1622427779453000,0,1166.93247000,0.8218
1622427779453000,0,4477.62786000,0.8250
1622427831492000,0,68.99843000,0.8225
1622429496935000,1,419.37405000,0.8208
1622429565477000,1,885.87162000,0.8208
1622439333171000,1,416.47486000,0.8208
1622442785203000,1,870.01096000,0.8208
1622442785203000,1,10000.00000000,0.8208
1622442785353000,0,697.33434000,0.8208
1622443839536000,1,33.15460000,0.8197
1622444113831000,1,10000.00000000,0.8207
1622444113831000,1,1464.00000000,0.8197
1622444113831000,1,3363.07073000,0.8197
1622444113927000,0,7172.62174000,0.8197
1622445565407000,1,30.25249000,0.8199
1622447955876000,1,9999.99999000,0.8211
1622447955908000,1,715.05639000,0.8211
1622447955948000,1,3284.94362000,0.8211
1622448532193000,1,10000.00000000,0.8199
1622448532193000,1,1464.00000000,0.8182
1622448532193000,1,485.00000000,0.8182
1622448532193000,1,273.99000000,0.8182
1622449539669000,1,285.00000000,0.8196
1622449560421000,1,500.00000000,0.8196
1622449571806000,1,460.00000000,0.8196
1622449583109000,1,779.00000000,0.8196
1622449588387000,0,32.53000000,0.8207
1622449598782000,1,32.98197000,0.8196
1622449598782000,1,517.01803000,0.8196
1622449611039000,1,900.00000000,0.8196
1622449621964000,1,285.00000000,0.8196
1622449785465000,1,6273.98197000,0.8196
1622449785585000,0,6012.93179000,0.8196
1622449825981000,1,664.40542000,0.8210
1622449826071000,1,165.59458000,0.8210
1622449877105000,0,121.73883000,0.8210
1622450824604000,0,39.00423000,0.8210
1622450970111000,0,2000.00000000,0.8210
1622450970111000,0,7035.79174000,0.8211
1622454481886000,1,2000.00000000,0.8201
1622455154746000,0,2000.00000000,0.8201
1622455154746000,0,1450.61405000,0.8201
1622455159095000,0,592.18344000,0.8201
1622455159219000,0,0.00002000,0.8201
1622455159219000,0,595.10291000,0.8201
1622455200683000,0,1187.34354000,0.8201
1622455229020000,0,5766.93948000,0.8201
1622455688759000,0,0.00002000,0.8201
1622457323497000,0,1217.04718000,0.8213
1622459240827000,1,2000.00000000,0.8197
1622459240827000,1,500.00000000,0.8197
1622459324709000,1,594.29609000,0.8197
1622459324709000,1,4021.08391000,0.8197
1622461379051000,1,147.50000000,0.8199
1622463060755000,1,711.10700000,0.8195
1622464424592000,1,1735.29676000,0.8195
1622464424849000,1,816.19323000,0.8195
1622464425114000,1,126.11998000,0.8195
1622464437161000,1,830.87462000,0.8195
1622464437361000,1,2293.21548000,0.8195
1622464437882000,1,1273.43000000,0.8195
1622464438114000,1,1148.48124000,0.8195
1622464442810000,1,639.25721000,0.8195
1622464724619000,1,1274.00999000,0.8195
1622464725059000,1,10399.67999000,0.8195
1622464725463000,1,217.85364000,0.8195
1622465173958000,0,38.31037000,0.8201
1622465373968000,0,1961.68963000,0.8201
1622465373968000,0,10000.00000000,0.8201
1622465373968000,0,3360.00000000,0.8203
1622465373968000,0,7927.59822000,0.8238
1622465373968000,0,3049.10771000,0.8238
1622465373968000,0,4796.00000000,0.8238
1622465373968000,0,485.00000000,0.8239
1622465373968000,0,1464.00000000,0.8239
1622465373968000,0,7145.50967000,0.8239
1622465373968000,0,40819.15411000,0.8250
1622465373968000,0,15896.04580000,0.8250
1622465373968000,0,3095.89486000,0.8250
1622465386500000,0,1219.57764000,0.8204
1622465386500000,0,3048.94409000,0.8204
1622465386500000,0,594.29609000,0.8204
1622465386500000,0,10000.00000000,0.8204
1622465386500000,0,7927.19663000,0.8215
1622465386500000,0,3360.00000000,0.8216
1622465386500000,0,4796.00000000,0.8243
1622465386500000,0,1464.00000000,0.8250
1622465386500000,0,485.00000000,0.8250
1622465386500000,0,6904.10514000,0.8250
1622465386500000,0,10000.00000000,0.8250
1622465386500000,0,50200.88041000,0.8250
1622465402361000,0,1219.58953000,0.8203
1622465402361000,0,10000.00000000,0.8203
1622465402361000,0,3048.96640000,0.8229
1622465402361000,0,7927.28883000,0.8229
1622465402361000,0,485.00000000,0.8229
1622465402361000,0,3360.00000000,0.8230
1622465402361000,0,1464.00000000,0.8250
1622465402361000,0,4796.00000000,0.8250
1622465402361000,0,28462.79330000,0.8250
1622465402361000,0,12703.12829000,0.8259
1622465402361000,0,26533.23365000,0.8260
1622465460458000,0,1219.60143000,0.8203
1622465460458000,0,10000.00000000,0.8204
1622465460458000,0,3048.99615000,0.8225
1622465460458000,0,7927.36618000,0.8225
1622465460458000,0,3360.00000000,0.8225
1622465460458000,0,1464.00000000,0.8260
1622465460458000,0,12632.71730000,0.8260
1622465460458000,0,4796.00000000,0.8268
1622465460458000,0,55.00000000,0.8268
1622465460458000,0,9527.34622000,0.8269
1622465460458000,0,172.34432000,0.8270
1622465460458000,0,10000.00000000,0.8275
1622465460458000,0,100.00000000,0.8288
1622465460458000,0,130.00000000,0.8298
1622465460458000,0,24653.00000000,0.8300
1622465460458000,0,10913.62840000,0.8300
1622465468413000,0,30.38318000,0.8204
1622465481996000,1,1526.71848000,0.8195
1622465485092000,1,1526.73330000,0.8196
1622465485451000,1,2000.00000000,0.8196
1622465485452000,1,1269.26670000,0.8196
1622465485452000,1,564.28110000,0.8196
1622465487263000,0,1936.68974000,0.8196
1622465487263000,0,1219.66093000,0.8203
1622465487263000,0,3049.15977000,0.8203
1622465487263000,0,5983.00198000,0.8204
1622465487582000,0,485.00000000,0.8196
1622465490536000,1,1464.00000000,0.8196
1622465491038000,1,3360.10228000,0.8196
1622465491038000,1,536.00000000,0.8196
1622465491038000,1,1936.87857000,0.8196
1622465491153000,1,485.00000000,0.8196
1622465491153000,1,1464.00000000,0.8196
1622465491160000,0,378.16823000,0.8196
1622465491160000,0,1448.01915000,0.8196
1622465494439000,1,1526.73327000,0.8196
1622465495857000,1,1526.85960000,0.8196
1622465496198000,1,2982.47470000,0.8196
1622465501977000,1,1526.85960000,0.8197
1622465502114000,1,3269.14039000,0.8197
1622465522261000,0,1219.72639000,0.8202
1622465522261000,0,2000.00000000,0.8202
1622465522261000,0,3049.28622000,0.8204
1622465522261000,0,3986.61484000,0.8204
1622465522261000,0,1464.00000000,0.8253
1622465522261000,0,280.37255000,0.8253
1622465531395000,0,564.28110000,0.8203
1622465531395000,0,435.71890000,0.8203
1622465561332000,0,200.00000000,0.8202
1622465576260000,0,30.00000000,0.8203
1622465701419000,1,249.51999000,0.8196
1622466988474000,1,9999.99999000,0.8199
1622466988480000,1,2536.36281000,0.8199
1622466989066000,1,9999.99999000,0.8199
1622466989075000,1,2536.99210000,0.8199
1622466989556000,1,2537.62158000,0.8199
1622466989698000,1,1966.11829000,0.8199
1622467382610000,0,249.51999000,0.8200
1622467382610000,0,67.08143000,0.8200
1622468523294000,1,250.05001000,0.8197
1622468550544000,1,1281.29140000,0.8197
1622468643249000,1,250.05001000,0.8197
1622468646413000,1,1219.46163000,0.8197
1622468646686000,1,780.53837000,0.8197
1622468646686000,1,1350.61162000,0.8196
1622468647496000,1,1219.49138000,0.8197
1622468652701000,1,199.86341000,0.8196
1622468664257000,0,780.50862000,0.8197
1622469063548000,0,134.13363000,0.8200
1622469064946000,0,134.13363000,0.8200
1622469074568000,0,103.78069000,0.8200
1622469075699000,0,103.78069000,0.8200
1622469079244000,0,138.33783000,0.8200
1622469080461000,0,121.52173000,0.8200
1622469124301000,0,100.81669000,0.8200
1622469125497000,0,100.81669000,0.8200
1622469183568000,0,1062.67841000,0.8200
1622469183569000,0,0.00001000,0.8200
1622469183569000,0,5787.91377000,0.8200
1622469353980000,1,736.97690000,0.8199
1622470394356000,1,54.91650000,0.8196
1622470624916000,0,54.91650000,0.8200
1622470624916000,0,600.00000000,0.8200
1622470624916000,0,1255.59705000,0.8200
1622470624916000,0,1219.50625000,0.8203
1622470624916000,0,2964.31586000,0.8204
1622471741046000,1,1343.34515000,0.8198
1622471775118000,0,181.58108000,0.8202
1622471890476000,1,996.46484000,0.8198
1622471891034000,1,996.46484000,0.8198
1622471891034000,1,996.46484000,0.8198
1622471892283000,1,996.46484000,0.8198
1622471893656000,1,996.46484000,0.8198
1622472026138000,1,1254.16845000,0.8196
1622472026244000,1,485.00000000,0.8196
1622472309922000,1,77.25477000,0.8193
1622472819032000,1,485.00000000,0.8193
1622472819032000,1,6024.66149000,0.8193
1622473159246000,1,485.00000000,0.8184
1622473159246000,1,4796.00000000,0.8183
1622473159246000,1,1464.00000000,0.8182
1622473159246000,1,6864.40472000,0.8182
1622473176302000,0,69.55209000,0.8191
1622473427249000,1,69.55209000,0.8182
1622474086322000,1,2116.00276000,0.8182
1622474161508000,1,0.00002000,0.8182
1622474161508000,1,2538.77929000,0.8182
1622474161701000,1,4587.38335000,0.8182
1622474161872000,1,0.00004000,0.8182
1622475042201000,0,75.68686000,0.8182
1622475309255000,1,27.10014000,0.8182
1622475310475000,1,32.49902000,0.8182
1622475310723000,1,32.49902000,0.8182
1622475326350000,0,2000.00000000,0.8189
1622475326456000,1,9999.99999000,0.8189
1622475326480000,1,1024.84920000,0.8189
1622475960873000,1,2000.00000000,0.8181
1622475960873000,1,485.00000000,0.8181
1622475960873000,1,100.00000000,0.8180
1622475960873000,1,100.00000000,0.8180
1622475960873000,1,3943.37085000,0.8176
1622476066816000,1,1464.00000000,0.8177
1622476066816000,1,485.00000000,0.8177
1622476066816000,1,1446.00000000,0.8176
1622476560839000,0,77.57581000,0.8185
1622476675977000,0,12.16404000,0.8185
1622476676058000,1,2430.68402000,0.8185
1622477074994000,1,494.00000000,0.8177
1622477074994000,1,202.73523000,0.8176
1622477075119000,1,323.77321000,0.8176
1622477075438000,1,1300.00000000,0.8175
1622477075450000,1,7807.81889000,0.8175
1622477078638000,1,709.34298000,0.8175
1622477103800000,1,990.14721000,0.8175
1622477111072000,1,492.69090000,0.8175
1622477186753000,0,251.97204000,0.8176
1622477826167000,1,0.00002000,0.8175
1622477826167000,1,250.00248000,0.8173
1622478126194000,1,250.09503000,0.8174
1622478246333000,1,3.76919000,0.8173
1622478246333000,1,246.32584000,0.8173
1622478366653000,0,250.09503000,0.8174
1622479558062000,0,1220.74875000,0.8188
1622479972262000,0,36.64077000,0.8186
1622483405240000,0,692.77000000,0.8179
1622484024447000,0,1140.00000000,0.8181
1622484024619000,1,148.83011000,0.8185
1622484024657000,1,9999.99999000,0.8185
1622484025267000,1,9999.99999000,0.8185
1622484025890000,1,8711.16991000,0.8185
1622484067065000,1,36.64077000,0.8179
1622484304024000,1,600.00000000,0.8179
1622484304024000,1,692.62217000,0.8179
1622484304024000,1,494.00000000,0.8179
1622484304024000,1,1449.00000000,0.8178
1622484304024000,1,5655.09783000,0.8175
1622485035263000,0,61.09396000,0.8182
1622487255953000,0,2000.00000000,0.8186
1622487255953000,0,7770.48400000,0.8186
1622488683275000,1,97.00000000,0.8179
1622488984416000,0,138.61947000,0.8179
1622488985504000,0,138.61947000,0.8179
1622488986618000,0,138.61947000,0.8179
1622488987740000,0,132.31362000,0.8179
1622488988848000,0,86.89941000,0.8179
1622488988848000,0,13.10059000,0.8179
1622488989982000,0,111.40294000,0.8179
1622488991524000,0,129.83479000,0.8179
1622488992621000,0,129.83479000,0.8179
1622488993741000,0,114.95896000,0.8179
1622489153649000,0,111.19430000,0.8179
1622489379877000,0,100.89052000,0.8179
1622489380959000,0,100.89052000,0.8179
1622489382092000,0,100.89052000,0.8179
1622489947629000,0,146.06920000,0.8179
1622489948752000,0,128.35571000,0.8179
1622489949915000,0,128.35571000,0.8179
1622489951068000,0,128.35571000,0.8179
1622489952202000,0,112.79029000,0.8179
1622489953336000,0,101.43997000,0.8179
1622490051835000,0,1200.89288000,0.8179
1622490239143000,0,151.71922000,0.8179
1622490240301000,0,151.71922000,0.8179
1622490241425000,0,151.71922000,0.8179
1622490242533000,0,146.83323000,0.8179
1622490243685000,0,146.83323000,0.8179
1622490244839000,0,146.83323000,0.8179
1622490245983000,0,129.02842000,0.8179
1622490247223000,0,129.02842000,0.8179
1622490328394000,0,100.34420000,0.8179
1622490341504000,0,111.78797000,0.8179
1622490342603000,0,111.78797000,0.8179
1622490354718000,0,100.03308000,0.8179
1622490355839000,0,100.03308000,0.8179
1622490549075000,0,177.25314000,0.8179
1622490550193000,0,155.75705000,0.8179
1622490551335000,0,155.75705000,0.8179
1622490552446000,0,149.27452000,0.8179
1622490553652000,0,131.17149000,0.8179
1622490554780000,0,115.26388000,0.8179
1622490555918000,0,101.28544000,0.8179
1622490653956000,0,2775.57277000,0.8179
1622490710114000,0,101.41677000,0.8179
1622490806313000,0,106.85979000,0.8179
1622490838509000,0,106.20522000,0.8179
1622490839622000,0,130.33231000,0.8179
1622490840778000,0,114.52717000,0.8179
1622491020995000,0,113.12444000,0.8179
1622491022097000,0,113.12444000,0.8179
1622491023212000,0,113.12444000,0.8179
1622491024384000,0,113.12444000,0.8179
1622491081766000,0,187.48418000,0.8179
1622491082934000,0,187.48418000,0.8179
1622491084087000,0,187.48418000,0.8179
1622491085203000,0,187.48418000,0.8179
1622491086863000,0,180.38704000,0.8179
1622491088174000,0,180.38704000,0.8179
1622491089418000,0,180.38704000,0.8179
1622491090490000,0,180.38265000,0.8179
1622491091720000,0,173.11209000,0.8179
1622491092844000,0,173.11209000,0.8179
1622491093961000,0,173.11209000,0.8179
1622491095095000,0,173.11209000,0.8179
1622491096223000,0,173.11209000,0.8179
1622491097365000,0,173.11209000,0.8179
1622491098467000,0,173.11209000,0.8179
1622491099601000,0,165.74460000,0.8179
1622491100708000,0,165.74416000,0.8179
1622491101818000,0,108.36057000,0.8179
1622491302749000,0,577.16666000,0.8177
1622491361381000,0,178.63696000,0.8178
1622491437299000,1,2000.00000000,0.8175
1622491437299000,1,1106.50551000,0.8175
1622491576064000,0,1330.44865000,0.8179
1622491989031000,0,133.81774000,0.8179
1622492109724000,0,6107.61426000,0.8179
1622492174369000,0,12217.49595000,0.8179
1622492329929000,0,666.54079000,0.8179
1622494361492000,0,105.44995000,0.8179
1622494362613000,0,105.44995000,0.8179
1622495214759000,0,221.10643000,0.8179
1622495215790000,0,194.28683000,0.8179
1622495217712000,0,186.15280000,0.8179
1622495218864000,0,68.00529000,0.8179
1622495218864000,0,31.99471000,0.8179
1622495220111000,0,150.38101000,0.8179
1622495221558000,0,132.14005000,0.8179
1622495222791000,0,129.82831000,0.8179
1622496218365000,0,105.14146000,0.8179
1622496236472000,0,108.57618000,0.8179
1622496252643000,0,100.32780000,0.8179
1622496253724000,0,100.32780000,0.8179
1622496398039000,0,187.24674000,0.8179
1622496399184000,0,164.54596000,0.8179
1622496400279000,0,144.59730000,0.8179
1622496401382000,0,144.59730000,0.8179
1622496402514000,0,144.59730000,0.8179
1622496403613000,0,127.06711000,0.8179
1622496404727000,0,111.66218000,0.8179
1622497874108000,0,111.48530000,0.8179
1622497875599000,0,111.48530000,0.8179
1622498831873000,1,249.94995000,0.8179
1622499433947000,0,102.18247000,0.8179
1622499453055000,0,119.49670000,0.8179
1622499454154000,0,119.49670000,0.8179
1622499455264000,0,119.49670000,0.8179
1622499456406000,0,119.49670000,0.8179
1622499457542000,0,105.00212000,0.8179
1622499459741000,0,101.25277000,0.8179
1622499491889000,0,101.96000000,0.8179
1622499493028000,0,101.96000000,0.8179
1622500265438000,1,1784.90983000,0.8173
1622500265929000,1,215.09017000,0.8173
1622500265929000,1,278.90982000,0.8173
1622500348732000,1,1223.40618000,0.8170
1622500352550000,1,1223.46605000,0.8170
1622500358843000,1,1223.44512000,0.8170
1622500396452000,1,1223.36429000,0.8170
1622500471391000,1,1223.32537000,0.8170
1622500475455000,1,561.72497000,0.8170
1622500475490000,1,661.58246000,0.8170
1622500486380000,1,1223.31640000,0.8170
1622500563565000,1,0.00002000,0.8170
1622501294850000,1,250.00000000,0.8168
1622501414890000,1,250.04500000,0.8168
1622501534960000,1,250.04500000,0.8168
1622501698747000,1,1223.28050000,0.8169
1622501698747000,1,3058.20124000,0.8169
1622501698747000,1,602.99983000,0.8169
1622501698747000,1,7951.15991000,0.8168
1622501698747000,1,1449.00000000,0.8168
1622501698747000,1,4685.00000000,0.8168
1622501953265000,0,117.50994000,0.8168
1622502075208000,1,250.05751000,0.8167
1622502157680000,0,250.05729000,0.8168
1622502159949000,0,4359.17000000,0.8168
1622502160395000,0,2506.04000000,0.8168
1622502193820000,0,6657.89000000,0.8168
1622502193910000,0,824.25000000,0.8168
1622502289835000,0,110.82318000,0.8168
1622502395399000,0,3428.78000000,0.8168
1622502414550000,0,110.99402000,0.8168
1622502428733000,0,188.98460000,0.8168
1622502484763000,0,111.01822000,0.8168
1622502551312000,0,667.61490000,0.8168
1622502623491000,0,943.68581000,0.8168
1622502624613000,0,1001.10564000,0.8168
1622502626630000,0,879.79793000,0.8168
1622502627737000,0,773.18953000,0.8168
1622502628849000,0,773.18953000,0.8168
1622502630725000,0,471.43438000,0.8168
1622502631891000,0,414.30892000,0.8168
1622502632979000,0,414.30892000,0.8168
1622502634073000,0,414.30892000,0.8168
1622502635221000,0,414.30892000,0.8168
1622502636380000,0,414.30892000,0.8168
1622502637492000,0,414.30892000,0.8168
1622502638597000,0,382.16286000,0.8168
1622502639713000,0,382.16286000,0.8168
1622503098905000,0,200.83290000,0.8168
1622503313312000,1,1222.96633000,0.8168
1622503313312000,1,3057.41582000,0.8168
1622503363640000,0,98.37717000,0.8168
1622503422451000,1,2485.64540000,0.8167
1622503506612000,0,3672.74305000,0.8168
1622503649467000,0,1121.12000000,0.8168
1622504761653000,1,449.07131000,0.8166
1622504992733000,1,1223.72659000,0.8166
1622504992733000,1,3059.31648000,0.8166
1622505060527000,1,1223.70564000,0.8166
1622505060527000,1,3059.27155000,0.8166
1622505097088000,0,10000.00000000,0.8166
1622505097493000,0,448.16704000,0.8166
1622505097711000,0,448.47557000,0.8166
1622505098776000,0,9999.99999000,0.8166
1622505099086000,0,10000.00000000,0.8166
1622505099406000,0,9999.99999000,0.8166
1622505099908000,0,9999.99999000,0.8166
1622505100447000,0,9999.99999000,0.8166
1622505101020000,0,9999.99999000,0.8166
1622505101061000,0,10000.00000000,0.8166
1622505101615000,0,9999.99999000,0.8166
1622505102174000,0,9999.99999000,0.8166
1622505102782000,0,9999.99999000,0.8166
1622505103059000,0,10000.00000000,0.8166
1622505103327000,0,9999.99999000,0.8166
1622505103840000,0,9999.99999000,0.8166
1622505104169000,0,4312.13265000,0.8166
1622505107868000,0,9921.29526000,0.8166
1622505124045000,0,36.73679000,0.8166
1622505126682000,0,6904.62080000,0.8166
1622505142924000,0,4657.47077000,0.8166
1622505147379000,0,4539.60922000,0.8166
1622505159744000,0,3436.55383000,0.8166
1622505160644000,0,6268.10940000,0.8166
1622505162944000,0,6723.14404000,0.8166
1622505176744000,0,5531.57176000,0.8166
1622505177361000,0,2809.25930000,0.8166
1622505196942000,0,4277.88185000,0.8166
1622505213919000,0,1462.27539000,0.8166
1622505219309000,0,1478.81301000,0.8166
1622505228685000,0,314.34686000,0.8166
1622505229880000,0,1501.48955000,0.8166
1622505231974000,0,2692.64123000,0.8166
1622505232263000,0,5622.44371000,0.8166
1622505606536000,0,447.71975000,0.8166
1622505649717000,0,389.07363000,0.8166
1622505650887000,0,372.89990000,0.8166
1622505652047000,0,372.89990000,0.8166
1622505653176000,0,327.78019000,0.8166
1622505654250000,0,320.43588000,0.8166
1622505655390000,0,320.43588000,0.8166
1622505656565000,0,320.43588000,0.8166
1622505657673000,0,320.43588000,0.8166
1622505658788000,0,320.43588000,0.8166
1622505679094000,0,10000.00000000,0.8166
1622505679303000,0,9999.99999000,0.8166
1622505679787000,0,9999.99999000,0.8166
1622505680420000,0,9999.99999000,0.8166
1622505680968000,0,9999.99999000,0.8166
1622505681074000,0,10000.00000000,0.8166
1622505681595000,0,9999.99999000,0.8166
1622505682154000,0,9999.99999000,0.8166
1622505682795000,0,9999.99999000,0.8166
1622505683056000,0,10000.00000000,0.8166
1622505683380000,0,9999.99999000,0.8166
1622505683993000,0,9999.99999000,0.8166
1622505684522000,0,9999.99999000,0.8166
1622505685013000,0,9999.99999000,0.8166
1622505685092000,0,10000.00000000,0.8166
1622505685614000,0,9999.99999000,0.8166
1622505686159000,0,9999.99999000,0.8166
1622505686833000,0,9999.99999000,0.8166
1622505687017000,0,10000.00000000,0.8166
1622505687426000,0,9999.99999000,0.8166
1622505687927000,0,9999.99999000,0.8166
1622505688452000,0,9999.99999000,0.8166
1622505688987000,0,9999.99999000,0.8166
1622505689076000,0,10000.00000000,0.8166
1622505689567000,0,9999.99999000,0.8166
1622505690152000,0,9999.99999000,0.8166
1622505697129000,0,9999.99999000,0.8166
1622505697174000,0,10000.00000000,0.8166
1622505697316000,0,10000.00000000,0.8166
1622505697840000,0,9999.99999000,0.8166
1622505698417000,0,9999.99999000,0.8166
1622505699034000,0,9999.99999000,0.8166
1622505699063000,0,10000.00000000,0.8166
1622505699636000,0,9999.99999000,0.8166
1622505700158000,0,9999.99999000,0.8166
1622505710863000,0,1293.95605000,0.8166
1622505736890000,0,600.00000000,0.8168
1622506266101000,0,250.10004000,0.8175
1622506266101000,0,600.00000000,0.8175
1622506288312000,1,7579.60970000,0.8175
1622507093732000,0,250.10254000,0.8176
1622507093831000,1,1140.00000000,0.8176
1622507341187000,1,8860.00000000,0.8176
1622507341314000,0,10000.00000000,0.8176
1622507343068000,0,10000.00000000,0.8176
1622507345094000,0,10000.00000000,0.8176
1622507400079000,0,1119.61613000,0.8175
1622507459078000,1,10000.00000000,0.8175
1622507459219000,0,10000.00000000,0.8175
1622507583924000,0,2000.00000000,0.8175
1622507659434000,1,10000.00000000,0.8175
1622507659544000,0,10000.00000000,0.8175
1622507659720000,0,1140.00000000,0.8175
1622507659720000,0,8859.99999000,0.8175
1622507660262000,0,1140.00000000,0.8175
1622507660262000,0,8859.99999000,0.8175
1622507680959000,0,102.85726000,0.8175
1622507682085000,0,102.37179000,0.8175
1622507683221000,0,102.37179000,0.8175
1622507684305000,0,102.37179000,0.8175
1622508556317000,0,105.97630000,0.8175
1622508557411000,0,105.97630000,0.8175
1622508583912000,0,102.14564000,0.8175
1622508585057000,0,102.14564000,0.8175
1622508586211000,0,102.14564000,0.8175
1622508587416000,0,102.14564000,0.8175
1622508678740000,0,249.90212000,0.8175
1622509041159000,0,132.49275000,0.8175
1622509042266000,0,132.49275000,0.8175
1622509043506000,0,125.24213000,0.8175
1622509060839000,0,180.64023000,0.8175
1622509062046000,0,173.42567000,0.8175
1622509063178000,0,173.42567000,0.8175
1622509064309000,0,173.42567000,0.8175
1622509065416000,0,173.42567000,0.8175
1622509066512000,0,173.42567000,0.8175
1622509067632000,0,173.42567000,0.8175
1622509068733000,0,173.42567000,0.8175
1622509069838000,0,173.42567000,0.8175
1622509070927000,0,173.42567000,0.8175
1622509072048000,0,173.42567000,0.8175
1622509073181000,0,173.42567000,0.8175
1622509074310000,0,173.42567000,0.8175
1622509075446000,0,173.42567000,0.8175
1622509076578000,0,166.20829000,0.8175
1622509077687000,0,166.20829000,0.8175
1622509078782000,0,151.76513000,0.8175
1622509079911000,0,151.76513000,0.8175
1622511186018000,0,105.01516000,0.8175
1622511861514000,0,213.72267000,0.8175
1622511862609000,0,213.72267000,0.8175
1622511863728000,0,213.72267000,0.8175
1622511864870000,0,213.72267000,0.8175
1622511865984000,0,187.82257000,0.8175
1622511867109000,0,187.82257000,0.8175
1622511868208000,0,187.82257000,0.8175
1622512100078000,0,134.20158000,0.8174
1622512101162000,0,117.93556000,0.8174
1622512102276000,0,117.93556000,0.8174
1622512103395000,0,103.64109000,0.8174
1622512104512000,0,103.64109000,0.8174
1622512160668000,0,115.38650000,0.8174
1622512161845000,0,115.38650000,0.8174
1622512162987000,0,101.40025000,0.8174
1622512760975000,1,1140.00000000,0.8172
1622512760975000,1,1140.00000000,0.8171
1622512760975000,1,1223.09498000,0.8171
1622512760975000,1,496.90502000,0.8171
1622512894472000,0,28.49126000,0.8174
1622512944616000,0,9999.99999000,0.8174
1622512944677000,0,10000.00000000,0.8174
1622512945145000,0,9999.99999000,0.8174
1622512945747000,0,9999.99999000,0.8174
1622513855997000,0,176.78440000,0.8174
1622513857367000,0,155.34444000,0.8174
1622513858491000,0,155.34444000,0.8174
1622513859604000,0,143.78543000,0.8174
1622513860708000,0,126.34748000,0.8174
1622513861853000,0,126.34748000,0.8174
1622513862973000,0,111.02436000,0.8174
1622514551473000,0,103.37932000,0.8174
1622514634669000,0,103.28906000,0.8174
1622514875873000,0,103.23515000,0.8174
1622515015248000,0,107.14756000,0.8174
1622515061070000,0,103.19296000,0.8174
1622515061337000,0,103.19465000,0.8174
1622515093534000,0,106.09003000,0.8174
1622515094633000,0,106.09003000,0.8174
1622515095733000,0,106.09003000,0.8174
1622515096846000,0,106.09003000,0.8174
1622515127054000,0,103.20110000,0.8174
1622515200868000,0,103.20538000,0.8174
1622515271001000,0,106.33107000,0.8174
1622515345465000,0,103.17403000,0.8174
1622515345871000,0,103.17402000,0.8174
1622515353975000,0,122.96473000,0.8174
1622515355105000,0,108.05744000,0.8174
1622515692381000,0,106.13813000,0.8174
1622515693504000,0,106.13813000,0.8174
1622515694636000,0,106.13813000,0.8174
1622515695853000,0,106.13813000,0.8174
1622515696959000,0,106.13813000,0.8174
1622515698085000,0,106.13813000,0.8174
1622515699192000,0,106.13813000,0.8174
1622515700296000,0,106.13813000,0.8174
1622515940443000,0,103.17401000,0.8174
1622516280621000,0,9999.99999000,0.8174
1622516280626000,0,10000.00000000,0.8174
1622516281165000,0,9999.99999000,0.8174
1622516313698000,0,9999.99999000,0.8174
1622516313792000,0,10000.00000000,0.8174
1622516314238000,0,9999.99999000,0.8174
1622516314823000,0,9999.99999000,0.8174
1622516315070000,0,10000.00000000,0.8174
1622516378366000,0,106.96487000,0.8174
1622516379492000,0,106.96487000,0.8174
1622516380627000,0,106.96487000,0.8174
1622516381764000,0,106.96487000,0.8174
1622516382864000,0,106.96487000,0.8174
1622516702543000,0,159.11966000,0.8174
1622516703696000,0,139.83242000,0.8174
1622516704818000,0,122.88111000,0.8174
1622516705924000,0,107.98643000,0.8174
1622516716485000,0,102.32803000,0.8174
1622516717621000,0,102.32803000,0.8174
1622516764914000,0,136.88528000,0.8174
1622516765965000,0,9999.99999000,0.8174
1622516765991000,0,10000.00000000,0.8174
1622516766044000,0,136.88528000,0.8174
1622516766483000,0,9999.99999000,0.8174
1622516767067000,0,9999.99999000,0.8174
1622516767189000,0,120.29141000,0.8174
1622516768296000,0,105.70913000,0.8174
1622516769437000,0,105.70913000,0.8174
1622516845512000,0,249.80425000,0.8174
1622516860294000,0,9999.99999000,0.8174
1622516860332000,0,10000.00000000,0.8174
1622516860918000,0,9999.99999000,0.8174
1622516861504000,0,9999.99999000,0.8174
1622516882098000,0,9999.99999000,0.8174
1622516882150000,0,10000.00000000,0.8174
1622516882649000,0,9999.99999000,0.8174
1622516951905000,0,108.66003000,0.8174
1622516956002000,0,110.82934000,0.8174
1622517035596000,0,998.22691000,0.8174
1622517039597000,0,7711.71627000,0.8174
1622517048423000,0,4510.95336000,0.8174
1622517399500000,0,122.86204000,0.8174
1622517400621000,0,107.97219000,0.8174
1622517401730000,0,107.97219000,0.8174
1622517487091000,0,150.48501000,0.8174
1622517488833000,0,150.48501000,0.8174
1622517489961000,0,132.24676000,0.8174
1622517491435000,0,116.21892000,0.8174
1622517492596000,0,102.13360000,0.8174
1622517647641000,0,234.88282000,0.8174
1622517648832000,0,206.41520000,0.8174
1622517745782000,1,250.00000000,0.8174
1622517761890000,0,155.74296000,0.8174
1622517763017000,0,136.86629000,0.8174
1622517865819000,1,250.00000000,0.8174
1622518014334000,0,142.77484000,0.8174
1622518015433000,0,125.46832000,0.8174
1622518016561000,0,125.46832000,0.8174
1622518017706000,0,110.25962000,0.8174
1622518082894000,0,120.26097000,0.8174
1622518084028000,0,120.26097000,0.8174
1622518085193000,0,120.26097000,0.8174
1622518086325000,0,105.68635000,0.8174
1622518249626000,0,149.31858000,0.8174
1622518250807000,0,131.21955000,0.8174
1622518251912000,0,115.31431000,0.8174
1622518253001000,0,108.71740000,0.8174
1622518346245000,0,103.50846000,0.8174
1622518347399000,0,103.50846000,0.8174
1622518406510000,0,103.57400000,0.8174
1622518407623000,0,103.57400000,0.8174
1622518408731000,0,103.57400000,0.8174
1622518416883000,0,111.22298000,0.8174
1622518417980000,0,111.22298000,0.8174
1622518571081000,0,235.44109000,0.8174
1622518572222000,0,206.89456000,0.8174
1622518573353000,0,181.80922000,0.8174
1622518574469000,0,159.76539000,0.8174
1622518608190000,0,143.09665000,0.8174
1622518806172000,0,122.11515000,0.8174
1622518807379000,0,107.31146000,0.8174
1622518808471000,0,107.31146000,0.8174
1622518809611000,0,107.31146000,0.8174
1622518810752000,0,107.31146000,0.8174
1622519412840000,0,125.53166000,0.8174
1622519413967000,0,110.31365000,0.8174
1622519415616000,0,110.31365000,0.8174
1622519416729000,0,110.31365000,0.8174
1622519471809000,0,109.07514000,0.8174
1622519486153000,0,103.05847000,0.8174
1622519503274000,0,121.47855000,0.8174
1622519504502000,0,106.75177000,0.8174
1622519505629000,0,106.75177000,0.8174
1622519506416000,0,5088.31727000,0.8174
1622519506416000,0,4911.68272000,0.8174
1622519506514000,0,4088.31728000,0.8174
1622520039389000,0,600.00000000,0.8179
1622520039389000,0,298.55469000,0.8184
1622520039389000,0,602.99983000,0.8184
1622520039389000,0,10000.00000000,0.8184
1622520039389000,0,1222.00986000,0.8237
1622520039389000,0,3055.00226000,0.8237
1622520039389000,0,1222.00090000,0.8237
1622520039389000,0,494.00000000,0.8237
1622520039389000,0,4685.00000000,0.8237
1622520039389000,0,1449.00000000,0.8237
1622520039389000,0,9242.16546000,0.8240
1622520039389000,0,29577.09476000,0.8250
1622520039389000,0,10360.23824000,0.8275
1622520197678000,1,313.37096000,0.8180
1622520212515000,1,313.36703000,0.8180
1622520224067000,1,293.67206000,0.8180
1622520237508000,1,302.25680000,0.8181
1622520604321000,0,56.29718000,0.8188
1622520693135000,1,36.73679000,0.8178
1622524032994000,1,981.36871000,0.8185
1622524037893000,1,359.85013000,0.8185
1622524063606000,0,881.49102000,0.8186
1622524197894000,1,0.00002000,0.8185
1622524198081000,0,695.02231000,0.8185
1622524198081000,0,494.00000000,0.8185
1622524571499000,0,1117.65482000,0.8185
1622524587966000,0,331.34518000,0.8185
1622524587966000,0,1140.00000000,0.8186
1622524699548000,0,61.22095000,0.8188
1622525165303000,0,24.41079000,0.8189
1622525181439000,0,626.46229000,0.8189
1622525234008000,1,217.90897000,0.8186
1622525234008000,1,505.05976000,0.8186
1622525248467000,0,1199.24555000,0.8188
1622525258472000,0,490.16672000,0.8188
1622525258472000,0,0.00002000,0.8188
1622525266019000,0,245.60267000,0.8188
1622525266019000,0,62.39450000,0.8188
1622525267459000,0,1069.21811000,0.8189
1622525272113000,0,272.36192000,0.8189
1622525413212000,1,600.00000000,0.8188
1622525413347000,1,494.00000000,0.8188
1622525413347000,1,127.28321000,0.8188
1622525417968000,1,1094.00000000,0.8188
1622525565842000,0,1033.16539000,0.8190
1622527208211000,1,250.36786000,0.8185
1622527208211000,1,487.19375000,0.8185
1622527730505000,1,2660.47537000,0.8185
1622527966311000,1,364.96391000,0.8187
1622528314147000,1,1140.00000000,0.8182
1622528314147000,1,1449.00000000,0.8182
1622528314147000,1,494.00000000,0.8181
1622528314147000,1,1347.42000000,0.8181
1622528554024000,1,493.99998000,0.8182
1622529446456000,1,8652.58000000,0.8181
1622529446456000,1,1222.04869000,0.8179
1622529446456000,1,2000.13761000,0.8179
1622529886039000,1,3842.82183000,0.8181
1622529886373000,1,6157.17817000,0.8181
1622529888586000,1,3779.31530000,0.8181
1622529893013000,1,3779.41630000,0.8181
1622529893213000,1,1707.48758000,0.8181
1622530423412000,1,3667.20014000,0.8181
1622530428480000,1,3779.41630000,0.8181
1622530428761000,1,1277.79611000,0.8181
1622530436788000,1,494.00000000,0.8181
1622530436788000,1,373.91002000,0.8181
1622530453987000,1,1189.18873000,0.8181
1622530478493000,1,1735.72680000,0.8181
1622530521413000,1,899.36437000,0.8182
1622530718158000,1,845.18171000,0.8181
1622532445497000,1,494.00000000,0.8181
1622532445497000,1,600.00000000,0.8181
1622532445497000,1,10000.00000000,0.8181
1622532445497000,1,3206.13455000,0.8181
1622532683307000,1,3487.80430000,0.8181
1622532683307000,1,192.19570000,0.8181
1622532862550000,1,920.56234000,0.8181
1622532892039000,1,15000.00000000,0.8181
1622532909848000,1,1657.00159000,0.8181
1622533225381000,1,1793.55557000,0.8181
1622533832105000,1,250.06499000,0.8180
1622533952218000,1,250.05251000,0.8175
1622534072173000,1,250.05499000,0.8180
1622534192387000,1,250.05501000,0.8179
1622534432511000,1,250.11255000,0.8176
1622534732558000,1,250.11505000,0.8180
1622535122593000,1,1957.82186000,0.8187
1622535803348000,1,204.64279000,0.8193
1622535803502000,1,0.00002000,0.8193
1622536260077000,0,57.95583000,0.8192
1622536275769000,0,1842.74293000,0.8192
1622536533790000,1,1842.03943000,0.8191
1622536533790000,1,1140.00000000,0.8191
1622536533917000,0,1140.00000000,0.8191
1622536585195000,0,137.42062000,0.8191
1622536912832000,1,2431.37513000,0.8187
1622536913280000,1,7568.62487000,0.8187
1622536916544000,1,2431.37513000,0.8187
1622536916716000,1,7568.62486000,0.8187
1622536921557000,1,0.00001000,0.8187
1622536921557000,1,2431.37512000,0.8187
1622536921919000,1,6960.27486000,0.8187
1622537554122000,1,137.99842000,0.8184
1622537554122000,1,494.00000000,0.8184
1622537554122000,1,1138.61574000,0.8184
1622538872791000,1,1140.00000000,0.8181
1622538872791000,1,494.00000000,0.8180
1622538872791000,1,1140.00000000,0.8180
1622538872791000,1,5537.70770000,0.8180
1622539008514000,1,1140.00000000,0.8181
1622539008554000,1,1140.00000000,0.8181
1622539008658000,1,151.37513000,0.8180
1622540187111000,0,2000.00000000,0.8178
1622540187111000,0,600.00000000,0.8178
1622540426443000,0,600.00000000,0.8180
1622540426443000,0,600.54040000,0.8180
1622540479370000,0,600.00000000,0.8186
1622540479370000,0,987.11259000,0.8188
1622540596081000,1,2000.00000000,0.8178
1622540674556000,1,249.84000000,0.8179
1622541363080000,0,220.41999000,0.8181
1622541363080000,0,600.00000000,0.8181
1622541659541000,0,600.00000000,0.8183
1622541659541000,0,2000.00000000,0.8189
1622541659541000,0,1221.51727000,0.8190
1622541659541000,0,2283.05222000,0.8190
1622541696944000,1,987.28638000,0.8181
1622541700325000,1,494.00000000,0.8182
1622541700623000,1,493.30653000,0.8182
1622541700825000,1,1012.69347000,0.8182
1622541768694000,0,600.00000000,0.8183
1622541843553000,0,494.00000000,0.8182
1622541844136000,1,646.00000000,0.8182
1622541844136000,1,1140.00000000,0.8182
1622541844136000,1,8213.99999000,0.8181
1622541844813000,1,1140.08020000,0.8181
1622541853105000,1,645.91981000,0.8181
1622541856495000,1,987.40896000,0.8181
1622541856982000,1,9012.59102000,0.8181
1622541860422000,1,0.00002000,0.8181
1622541860422000,1,987.40894000,0.8181
1622541860901000,1,9012.59104000,0.8181
1622541864109000,1,0.00002000,0.8181
1622541864109000,1,987.40894000,0.8181
1622541864596000,1,9012.59104000,0.8181
1622541868071000,1,0.00002000,0.8181
1622541868071000,1,987.40894000,0.8181
1622541868575000,1,9012.59104000,0.8181
1622541872100000,1,0.00002000,0.8181
1622541872100000,1,987.40894000,0.8181
1622541872487000,1,9012.59104000,0.8181
1622541994982000,1,0.00002000,0.8181
1622541994982000,1,249.85292000,0.8181
1622541998237000,1,737.55602000,0.8181
1622541998817000,1,9012.59105000,0.8181
1622542001477000,1,0.00001000,0.8181
1622542001477000,1,737.55601000,0.8181
1622542001917000,1,9262.44397000,0.8181
1622542005107000,1,0.00002000,0.8181
1622542005107000,1,737.55600000,0.8181
1622542005739000,1,9262.44398000,0.8181
1622542214034000,0,1140.00000000,0.8182
1622542214034000,0,1786.00000000,0.8182
1622542214034000,0,1139.99997000,0.8182
1622542224176000,1,351.57290000,0.8182
1622542224176000,1,386.00284000,0.8182
1622542227596000,1,493.99998000,0.8182
1622542354984000,1,0.00002000,0.8181
1622542354984000,1,249.46997000,0.8179
1622542441131000,0,753.99715000,0.8182
1622542441265000,1,753.99712000,0.8182
1622542444746000,1,493.99998000,0.8182
1622542444888000,1,0.00002000,0.8182
1622542444888000,1,680.08357000,0.8182
1622542445081000,1,1174.16394000,0.8182
1622542445273000,1,7391.75536000,0.8182
1622542448301000,1,0.00001000,0.8182
1622542448301000,1,1174.16393000,0.8182
1622542448508000,1,8825.83605000,0.8182
1622542451687000,1,0.00002000,0.8182
1622542451687000,1,1174.16392000,0.8182
1622542451869000,1,8825.83606000,0.8182
1622542452191000,1,0.00002000,0.8182
1622542456189000,1,493.99998000,0.8182
1622542456189000,1,0.00002000,0.8182
1622542456189000,1,680.25049000,0.8182
1622542456654000,1,9319.74948000,0.8182
1622542456658000,1,0.00003000,0.8182
1622542456658000,1,680.25046000,0.8181
1622542461801000,1,1174.28927000,0.8182
1622542462006000,1,8825.71072000,0.8182
1622542465250000,1,0.00001000,0.8182
1622542465250000,1,1174.28926000,0.8182
1622542465520000,1,2723.56131000,0.8182
1622542468493000,1,6102.14941000,0.8182
1622542471869000,1,0.00002000,0.8182
1622542471869000,1,1174.28925000,0.8182
1622542472078000,1,8825.71073000,0.8182
1622542473538000,1,0.00002000,0.8182
1622542473538000,1,1174.28925000,0.8182
1622542473859000,1,494.00000000,0.8182
1622542473859000,1,8331.71073000,0.8182
1622542493353000,1,493.99998000,0.8182
1622542493519000,1,0.00002000,0.8182
1622542493519000,1,493.99998000,0.8182
1622542493521000,1,0.00004000,0.8182
1622542493521000,1,186.28925000,0.8182
1622542494150000,1,953.71070000,0.8182
1622542498359000,1,1174.32146000,0.8182
1622542498579000,1,8825.67853000,0.8182
1622542498618000,1,0.00001000,0.8182
1622542515892000,1,957.37460000,0.8181
1622542522894000,0,72.57860000,0.8183
1622542573911000,0,84.50314000,0.8182
1622542584484000,0,600.00000000,0.8182
1622542587912000,0,921.32624000,0.8182
1622542686095000,0,600.00000000,0.8183
1622542686095000,0,620.92003000,0.8189
1622542715269000,1,249.80999000,0.8182
1622542936270000,0,1139.99999000,0.8182
1622542942354000,1,2349.06864000,0.8182
1622542945646000,1,2349.28794000,0.8182
1622542946061000,1,5301.64341000,0.8182
1622542946256000,1,0.00001000,0.8182
1622542983123000,1,859.32083000,0.8181
1622542983123000,1,361.59920000,0.8178
1622543093461000,0,1113.62229000,0.8183
1622543098433000,0,4180.43662000,0.8183
1622543168092000,0,7.58449000,0.8183
1622543168092000,0,82.17546000,0.8183
1622543168534000,0,82.17546000,0.8183
1622543307718000,0,990.21817000,0.8184
1622543316225000,0,85.86500000,0.8184
1622543635034000,0,74.40549000,0.8183
1622543668576000,0,298.46866000,0.8183
1622543678141000,0,269.67010000,0.8184
1622543887531000,0,45.94520000,0.8183
1622543915918000,1,249.33999000,0.8181
1622544149207000,0,1140.00000000,0.8184
1622544149207000,0,1140.00000000,0.8185
1622544149207000,0,302.90455000,0.8185
1622544149703000,0,1442.90455000,0.8185
1622544338024000,1,1139.99998000,0.8185
1622544338151000,1,0.00002000,0.8185
1622544338151000,1,1139.99997000,0.8185
1622544338590000,1,1745.18759000,0.8185
1622545018882000,0,2000.00000000,0.8186
1622545018882000,0,768.42572000,0.8186
1622545021889000,0,235.76367000,0.8186
1622545039527000,1,604.17485000,0.8185
1622545047482000,0,600.00000000,0.8187
1622545047482000,0,600.79139000,0.8187
1622545064153000,1,693.56454000,0.8185
1622545067447000,1,694.01015000,0.8185
1622545067660000,1,8575.48456000,0.8185
1622545068268000,1,730.50529000,0.8185
1622545071859000,1,694.01015000,0.8185
1622545071981000,1,8575.38864000,0.8185
1622545072399000,1,730.60121000,0.8185
1622545076345000,1,694.01015000,0.8185
1622545076552000,1,8575.53275000,0.8185
1622545077134000,1,730.45710000,0.8185
1622545080531000,1,694.01015000,0.8185
1622545080744000,1,8575.93692000,0.8185
1622545081235000,1,730.05293000,0.8185
1622545084989000,1,694.01015000,0.8185
1622545085177000,1,8576.08106000,0.8185
1622545085619000,1,729.90879000,0.8185
1622545090751000,1,694.01015000,0.8185
1622545090883000,1,8576.08106000,0.8185
1622545918534000,0,249.80999000,0.8190
1622545918534000,0,1975.18255000,0.8190
1622546080480000,1,1041.97983000,0.8190
1622547158341000,1,250.03748000,0.8189
1622547278465000,1,250.03750000,0.8189
1622547398566000,1,250.03748000,0.8189
1622547758887000,1,250.03749000,0.8188
1622548093028000,0,249.69999000,0.8189
1622548093028000,0,249.58999000,0.8189
1622548119476000,1,249.94999000,0.8191
1622548628906000,1,126.39615000,0.8192
1622548630032000,1,126.39615000,0.8192
1622548631187000,1,126.39615000,0.8192
1622548632316000,1,126.39615000,0.8192
1622548686639000,1,4470.35844000,0.8193
1622548687122000,1,363.48750000,0.8193
1622548693809000,1,1697.10673000,0.8193
1622548694365000,1,1049.86929000,0.8193
1622548694481000,1,1964.82591000,0.8193
1622548702377000,1,1140.00000000,0.8194
1622548702413000,1,557.10674000,0.8194
1622548703067000,1,582.89326000,0.8194
1622548703067000,1,457.18779000,0.8194
1622548726260000,1,9999.99999000,0.8195
1622548726281000,1,1947.39120000,0.8195
1622548726835000,1,9999.99999000,0.8195
1622548726988000,1,482.76759000,0.8195
1622548727257000,1,1058.35264000,0.8195
1622548727314000,1,1014.59513000,0.8195
1622548727386000,1,316.83725000,0.8195
1622548727429000,1,9999.99999000,0.8195
1622548727527000,1,1220.45084000,0.8195
1622548727590000,1,544.59622000,0.8195
1622548766472000,1,1140.00000000,0.8195
1622548791700000,0,217.90897000,0.8195
1622548791700000,0,1220.67332000,0.8195
1622548791874000,1,9999.99999000,0.8195
1622548792438000,1,9999.99999000,0.8195
1622548799560000,1,9999.99999000,0.8195
1622548800050000,1,9999.99999000,0.8195
1622548800557000,1,9488.31130000,0.8195
1622549144277000,1,1140.00000000,0.8188
1622549144277000,1,2000.00000000,0.8188
1622549144277000,1,1140.00000000,0.8188
1622549176867000,0,305.01581000,0.8192
1622549176868000,1,142.55363000,0.8187
1622549176868000,1,1140.00000000,0.8187
1622549176868000,1,1057.17217000,0.8187
1622549803061000,1,494.00000000,0.8188
1622549803061000,1,1506.00000000,0.8188
1622550109740000,0,182.93605000,0.8197
1622550160518000,1,183.02648000,0.8190
1622550281113000,1,250.03500000,0.8190
1622550521236000,1,250.03500000,0.8189
1622550641597000,1,250.03750000,0.8192
1622550881726000,1,250.03750000,0.8190
1622551496754000,1,304.00000000,0.8191
1622551634401000,1,1140.00000000,0.8190
1622551634401000,1,494.00000000,0.8188
1622551634401000,1,931.41816000,0.8188
1622551722696000,1,249.31999000,0.8188
1622552543017000,1,1140.00000000,0.8186
1622552543017000,1,850.50000000,0.8185
1622552614557000,1,1140.00000000,0.8188
1622552614557000,1,785.57610000,0.8187
1622552683139000,1,250.11503000,0.8187
1622552923412000,1,250.11755000,0.8188
1622553043451000,1,250.11754000,0.8188
1622553179088000,1,494.00000000,0.8189
1622553179088000,1,9499.76491000,0.8188
1622553179088000,1,1449.00000000,0.8173
1622553179088000,1,1470.26722000,0.8173
1622553179088000,1,638.81920000,0.8171
1622553179088000,1,2565.78867000,0.8169
1622553283749000,1,249.96500000,0.8189
1622553601514000,1,82.31071000,0.8189
1622554220871000,0,441.06657000,0.8188
1622554225425000,0,1221.88145000,0.8188
1622554225425000,0,1558.93343000,0.8188
1622554225425000,0,118.36509000,0.8188
1622554537553000,1,441.36877000,0.8177
1622554537553000,1,8229.38123000,0.8177
1622554562146000,1,1560.61421000,0.8177
1622554562146000,1,1329.63579000,0.8177
1622555040509000,0,8541.34623000,0.8175
1622556036124000,1,2500.00000000,0.8169
1622557197656000,1,3086.03639000,0.8166
1622557198098000,1,2426.85729000,0.8166
1622557198538000,1,618.96792000,0.8166
1622557198703000,1,421.23852000,0.8166
1622557198966000,1,1925.89844000,0.8166
1622557313378000,0,36.73814000,0.8172
1622557553226000,1,6168.52345000,0.8166
1622557553226000,1,6112.47655000,0.8164
1622558974717000,1,89.02078000,0.8165
1622559911082000,0,156.40549000,0.8178
1622560041034000,0,319.38090000,0.8176
1622560613465000,0,161.18200000,0.8174
1622560746989000,1,340.44645000,0.8168
1622561282207000,0,289.23662000,0.8175
1622561347260000,0,287.42724000,0.8177
1622561429736000,1,100.00000000,0.8168
1622562042494000,0,1100.36697000,0.8175
1622562688358000,0,36.73814000,0.8175
1622562688358000,0,1312.21124000,0.8175
1622562688358000,0,1090.07062000,0.8175
1622563242377000,0,6155.10658000,0.8175
1622563292529000,0,6107.18385000,0.8175
1622563297061000,0,100.97614000,0.8175
1622563298191000,0,100.97614000,0.8175
1622563299294000,0,100.97614000,0.8175
1622563300412000,0,100.97614000,0.8175
1622563301541000,0,100.97614000,0.8175
1622563302670000,0,100.97614000,0.8175
1622563303810000,0,100.97614000,0.8175
1622563305020000,0,108.20096000,0.8175
1622563306113000,0,108.20096000,0.8175
1622563307292000,0,108.20096000,0.8175
1622563308379000,0,108.20096000,0.8175
1622563309512000,0,108.20096000,0.8175
1622563310763000,0,115.45874000,0.8175
1622563311480000,0,2815.03592000,0.8175
1622563312630000,0,115.45874000,0.8175
1622563313855000,0,115.45874000,0.8175
1622563315008000,0,115.45896000,0.8175
1622563316184000,0,115.45896000,0.8175
1622563317088000,0,88.80000000,0.8175
1622563317187000,0,115.45896000,0.8175
1622563318313000,0,115.45896000,0.8175
1622563319492000,0,115.45896000,0.8175
1622563320629000,0,122.66689000,0.8175
1622563321809000,0,122.66689000,0.8175
1622563322443000,0,9999.99999000,0.8175
1622563322496000,0,10000.00000000,0.8175
1622563323647000,0,129.83910000,0.8175
1622563326215000,0,129.83888000,0.8175
1622563327436000,0,129.83888000,0.8175
1622563328566000,0,129.83888000,0.8175
1622563330057000,0,129.83888000,0.8175
1622563331337000,0,129.83888000,0.8175
1622563333510000,0,137.07303000,0.8175
1622563334672000,0,107.52369000,0.8175
1622563335803000,0,117.79294000,0.8175
1622563336972000,0,103.51782000,0.8175
1622563341046000,1,9896.79800000,0.8173
1622563343168000,0,118.29508000,0.8175
1622563344388000,0,103.96468000,0.8175
1622563346317000,0,103.96468000,0.8175
1622563347518000,0,117.03173000,0.8175
1622563348648000,0,110.08598000,0.8175
1622563351127000,0,108.32581000,0.8175
1622563356469000,0,1351.25819000,0.8175
1622563358875000,0,112.07170000,0.8175
1622563360884000,0,133.21019000,0.8175
1622563362777000,0,117.06374000,0.8175
1622563363849000,0,117.06374000,0.8175
1622563372183000,0,100.21560000,0.8175
1622563373276000,0,100.21560000,0.8175
1622563374396000,0,100.21516000,0.8175
1622563668731000,0,6113.89741000,0.8175
1622563675160000,0,9999.99999000,0.8175
1622563675195000,0,8354.04585000,0.8175
1622563907136000,1,752.44661000,0.8177
1622564000803000,0,116.05617000,0.8182
1622564302559000,1,116.05617000,0.8176
1622566213024000,1,274.06646000,0.8176
1622566458609000,1,1140.00000000,0.8179
1622566458653000,1,433.27354000,0.8179
1622567282575000,0,873.68585000,0.8179
1622567362318000,0,3314.83679000,0.8179
1622567492933000,0,9999.99999000,0.8179
1622567493011000,0,10000.00000000,0.8179
1622567493574000,0,9999.99999000,0.8179
1622567515442000,0,9999.99999000,0.8179
1622567515466000,0,10000.00000000,0.8179
1622567515991000,0,9999.99999000,0.8179
1622567516525000,0,9999.99999000,0.8179
1622567517059000,0,10000.00000000,0.8179
1622567517164000,0,9999.99999000,0.8179
1622567603973000,1,8995.00000000,0.8179
1622567613489000,0,1221.87433000,0.8179
1622567686884000,0,2999.99998000,0.8179
1622567687090000,0,2999.99998000,0.8179
1622567696676000,0,96.53026000,0.8179
1622567712810000,0,430.33898000,0.8179
1622567713017000,0,954.13134000,0.8179
1622567748164000,0,6108.66193000,0.8179
1622567784468000,0,845.39207000,0.8179
1622567829288000,0,3225.11372000,0.8179
1622567852875000,0,4887.83055000,0.8179
1622567900895000,0,62.16591000,0.8179
1622567903040000,0,9999.99999000,0.8179
1622567903109000,0,10000.00000000,0.8179
1622567903623000,0,9999.99999000,0.8179
1622567958231000,0,9999.99999000,0.8179
1622567958249000,0,10000.00000000,0.8179
1622567958815000,0,9999.99999000,0.8179
1622567967821000,0,1499.57519000,0.8179
1622568038310000,0,635.41797000,0.8179
1622568128579000,0,16478.31884000,0.8179
1622568130229000,1,10000.00000000,0.8179
1622568130349000,0,3643.48284000,0.8179
1622568174549000,0,9999.99999000,0.8179
1622568174564000,0,10000.00000000,0.8179
1622568175035000,0,9999.99999000,0.8179
1622568175663000,0,9999.99999000,0.8179
1622568218366000,0,9999.99999000,0.8179
1622568218443000,0,10000.00000000,0.8179
1622568219013000,0,9999.99999000,0.8179
1622568219621000,0,9999.99999000,0.8179
1622568220057000,0,10000.00000000,0.8179
1622568220176000,0,9999.99999000,0.8179
1622568220696000,0,9999.99999000,0.8179
1622568269751000,0,8613.80188000,0.8179
1622568273268000,0,3248.04418000,0.8179
1622568510081000,0,109.92533000,0.8179
1622568557985000,0,103.78628000,0.8179
1622568579574000,0,105.64305000,0.8179
1622568596625000,0,100.05454000,0.8179
1622568601833000,1,896.28000000,0.8179
1622568661210000,0,233.34781000,0.8179
1622568662726000,0,233.34781000,0.8179
1622568663876000,0,205.05085000,0.8179
1622568664998000,0,205.05085000,0.8179
1622568666110000,0,180.18532000,0.8179
1622568667226000,0,180.18532000,0.8179
1622568668367000,0,158.33512000,0.8179
1622568669499000,0,158.33512000,0.8179
1622568670626000,0,158.33512000,0.8179
1622568717383000,0,9999.99999000,0.8179
1622568717423000,0,10000.00000000,0.8179
1622568718050000,0,9999.99999000,0.8179
1622568811872000,0,258.11241000,0.8179
1622568813693000,0,226.81082000,0.8179
1622568815155000,0,226.81082000,0.8179
1622568816338000,0,226.81082000,0.8179
1622568817484000,0,226.81082000,0.8179
1622568818598000,0,226.81082000,0.8179
1622568819701000,0,219.66213000,0.8179
1622568820810000,0,193.02348000,0.8179
1622568905436000,0,9999.99999000,0.8179
1622568905439000,0,10000.00000000,0.8179
1622568906059000,0,9999.99999000,0.8179
1622568980207000,0,1238.96454000,0.8179
1622569100272000,0,161.34033000,0.8179
1622569100921000,0,510.90655000,0.8179
1622569103423000,0,261.83520000,0.8179
1622569114377000,0,141.51414000,0.8179
1622569240230000,0,9999.99999000,0.8179
1622569240317000,0,4455.55248000,0.8179
1622569567343000,1,75.86543000,0.8180
1622570659538000,1,654.95415000,0.8180
1622573172948000,1,1140.00000000,0.8180
1622573172948000,1,1140.00000000,0.8180
1622573172948000,1,4889.49337000,0.8180
1622573173085000,0,10000.00000000,0.8180
1622573173088000,0,15897.31041000,0.8180
1622573947319000,1,1090.89978000,0.8178
1622573947319000,1,1090.89978000,0.8178
1622573947319000,1,184.04984000,0.8178
1622574045885000,0,2000.00000000,0.8184
1622574050866000,0,599.78660000,0.8183
1622574051039000,0,0.00001000,0.8183
1622574051039000,0,599.99999000,0.8184
1622575152448000,0,600.00000000,0.8189
1622575152448000,0,958.73698000,0.8193
1622575973270000,1,250.04250000,0.8185
1622576454218000,1,1140.00000000,0.8187
1622576454218000,1,857.50000000,0.8187
1622576483704000,1,178.53147000,0.8187
1622577002464000,0,600.00000000,0.8193
1622577619127000,1,309.74900000,0.8187
1622577771243000,1,1346.81056000,0.8185
1622578517065000,0,2000.00000000,0.8185
1622578517418000,0,432.78015000,0.8185
1622578518758000,0,9999.99999000,0.8185
1622578519052000,0,10000.00000000,0.8185
1622578519267000,0,9999.99999000,0.8185
1622578519825000,0,9999.99999000,0.8185
1622578519932000,0,6777.39917000,0.8185
1622578520361000,0,9999.99999000,0.8185
1622578520861000,0,2506.45268000,0.8185
1622579285072000,1,203.64713000,0.8188
1622579585704000,1,76.44048000,0.8188
1622581057572000,1,792.81541000,0.8188
1622581072998000,0,24.87775000,0.8196
1622581176425000,1,275.49697000,0.8189
1622581676703000,1,249.96248000,0.8185
1622581796959000,1,249.96248000,0.8185
1622582514994000,1,707.84023000,0.8185
1622582514994000,1,9192.15977000,0.8184
1622583663019000,1,47.23413000,0.8186
1622584080925000,0,1220.86706000,0.8196
1622584080925000,0,599.84390000,0.8196
1622585544149000,0,202.74643000,0.8196
1622585583107000,1,5600.00000000,0.8188
1622586264157000,0,600.00000000,0.8193
1622586264157000,0,2000.00000000,0.8193
1622586264157000,0,1220.65246000,0.8196
1622586264157000,0,3051.62371000,0.8196
1622586264157000,0,4139.49616000,0.8196
1622586641362000,1,2000.00000000,0.8188
1622586641362000,1,1100.83545000,0.8188
1622586641362000,1,4400.00000000,0.8188
1622586641362000,1,1221.48147000,0.8172
1622586641362000,1,1277.68308000,0.8171
