timestamp ms,type,amount,price
1622592081383000,0,98.79133076,0.8432
1622592254786000,1,87.16436765,0.8374
1622592255499000,1,5992.83563235,0.8374
1622592594962000,0,74.14233400,0.8440
1622592595485000,0,892.52197476,0.8450
1622592595485000,0,892.52197476,0.8450
1622592595485000,0,7889.12006677,0.8450
1622592595916000,0,176.87262522,0.8450
1622592596012000,0,1852.56386068,0.8450
1622592596012000,0,7825.07210449,0.8450
1622592596066000,0,471.32739332,0.8450
1622592671850000,0,204.00000000,0.8490
1622592752413000,0,29.88095238,0.8568
1622592758165000,0,24.47886083,0.8589
1622592758165000,0,103.68070014,0.8590
1622592758165000,0,99.99999999,0.8590
1622592758222000,0,0.00000001,0.8590
1622592761758000,0,111.63147439,0.8600
1622592770605000,0,188.36852561,0.8600
1622592831276000,0,24.28191780,0.8625
1622592837261000,1,25.00000000,0.8621
1622592838949000,0,328.42157192,0.8648
1622592845679000,1,796.18837000,0.8633
1622592845679000,1,40.00000000,0.8632
1622592845679000,1,150.10909457,0.8632
1622592856087000,0,97.77070092,0.8690
1622592856546000,0,402.22929908,0.8690
1622592856546000,0,100.00000000,0.8690
1622592858493000,0,9393.16458791,0.8700
1622592858997000,0,316.06604609,0.8700
1622592858997000,0,3249.33463239,0.8700
1622592858997000,0,5825.45350953,0.8700
1622592858998000,0,369.55780503,0.8700
1622592859321000,0,61.24452156,0.8700
1622592859519000,0,785.17889749,0.8700
1622592861378000,0,87.82201405,0.8710
1622592868246000,0,71.48129143,0.8740
1622592868454000,0,48.65422835,0.8740
1622592868454000,0,100.00000000,0.8740
1622592868454000,0,100.00000000,0.8740
1622592869452000,0,59.40870861,0.8756
1622592869867000,0,0.00000001,0.8756
1622592881399000,0,29.18604651,0.8772
1622592881399000,0,100.00000000,0.8777
1622592881399000,0,101.99999999,0.8777
1622592881610000,0,0.00000001,0.8777
1622592881959000,0,26.77532014,0.8790
1622592899760000,0,61.79235615,0.8830
1622592904976000,1,40.00000000,0.8815
1622592907529000,1,40.00000000,0.8769
1622592908953000,1,39.99999999,0.8709
1622592908959000,1,0.00000001,0.8709
1622592948349000,1,40.00000000,0.8629
1622592948349000,1,474.12499272,0.8629
1622593108934000,0,40.00000000,0.8688
1622593122082000,1,40.00000000,0.8694
1622593131696000,1,235.36352655,0.8658
1622593131709000,1,689.29513687,0.8658
1622593273435000,1,39.99999999,0.8651
1622593364704000,0,141.07498919,0.8830
1622593364863000,0,110.27091030,0.8830
1622593377826000,1,40.00000000,0.8832
1622593399691000,1,39.99999999,0.8781
1622593406506000,1,30.19323671,0.8737
1622593586466000,1,219.66680574,0.8791
1622593587059000,1,524.28291395,0.8791
1622593668622000,0,477.70110908,0.8872
1622593668623000,0,522.29889092,0.8872
1622593672644000,0,100.00000000,0.8890
1622593673157000,0,63.10089259,0.8891
1622593689919000,0,27.51946429,0.8924
1622593696155000,1,39.99999999,0.8905
1622593698510000,1,40.00000000,0.8894
1622593711984000,0,132.76979929,0.8925
1622593745092000,0,98.17463670,0.8934
1622593745599000,0,50.00000000,0.8942
1622593745966000,0,123.94391172,0.8949
1622593746062000,0,101.05608828,0.8949
1622593746561000,0,39.99999999,0.8960
1622593746633000,0,0.00000001,0.8960
1622593746858000,0,225.55087893,0.8980
1622593747124000,0,100.00000000,0.8990
1622593747124000,0,100.00000000,0.8990
1622593750021000,0,23.00000000,0.9000
1622593750021000,0,173.73754723,0.9000
1622593753974000,0,67.75373775,0.9033
1622593756918000,0,29.37554373,0.9057
1622593756956000,0,205.15787224,0.9063
1622593763513000,1,40.00000000,0.9059
1622593803090000,1,40.00000000,0.9038
1622593803400000,1,40.00000000,0.9028
1622593808957000,1,660.68644759,0.8967
1622593809068000,1,76.36354771,0.8967
1622593812712000,1,40.00000000,0.8960
1622593812712000,1,526.14862101,0.8960
1622593830167000,1,39.99999999,0.8968
1622593830191000,1,0.00000001,0.8968
1622593835804000,0,40.00000000,0.9015
1622593873897000,1,428.86427841,0.9005
1622594011642000,0,396.23772288,0.9076
1622594011642000,0,762.70251000,0.9076
1622594011642000,0,904.17198215,0.9078
1622594011642000,0,40.00000000,0.9086
1622594011642000,0,2259.87314541,0.9086
1622594011642000,0,3164.60193751,0.9091
1622594011642000,0,82.24786688,0.9092
1622594095706000,0,145.90730022,0.9100
1622594099839000,0,300.00000000,0.9120
1622594100826000,0,32.33647778,0.9177
1622594101533000,0,29.00000000,0.9200
1622594101533000,0,113.26430750,0.9200
1622594102415000,0,100.00000000,0.9222
1622594102415000,0,100.00000000,0.9233
1622594102531000,1,108.56556743,0.9239
1622594102628000,0,645.68098895,0.9266
1622594102630000,0,645.68098895,0.9266
1622594102635000,0,645.68098895,0.9266
1622594102650000,0,204.96357002,0.9266
1622594102650000,0,216.54080072,0.9280
1622594102958000,0,35.25937679,0.9287
1622594102958000,0,92.20737879,0.9292
1622594103635000,0,163.50074589,0.9300
1622594106327000,1,40.00000000,0.9217
1622594106415000,1,39.99999999,0.9217
1622594106415000,1,39.99999999,0.9217
1622594140509000,0,49.39681006,0.9322
1622594173723000,1,39.99999999,0.9337
1622594173729000,1,0.00000001,0.9337
1622594175100000,1,637.19146404,0.9318
1622594183087000,0,297.39827140,0.9315
1622594183087000,0,635.63797942,0.9315
1622594187273000,1,39.99999999,0.9298
1622594192461000,1,93.78711308,0.9269
1622594192543000,1,66.64605722,0.9269
1622594217228000,0,80.00000000,0.9360
1622594217228000,0,57.98170542,0.9374
1622594217796000,0,1000.00000000,0.9400
1622594217796000,0,3000.00000000,0.9400
1622594217796000,0,518.52585679,0.9400
1622594225566000,1,39.99999999,0.9384
1622594226072000,1,0.00000001,0.9384
1622594265254000,0,347.76254787,0.9403
1622594267500000,0,100.00000000,0.9440
1622594267609000,0,40.00000000,0.9443
1622594267609000,0,499.37881394,0.9446
1622594276305000,0,24.00000000,0.9500
1622594276305000,0,1169.74522292,0.9500
1622594276305000,0,1500.00000000,0.9500
1622594276305000,0,60.98837209,0.9500
1622594276305000,0,32.00000000,0.9500
1622594276305000,0,5812.60956436,0.9500
1622594276726000,0,723.27124000,0.9500
1622594276820000,0,8589.35348445,0.9500
1622594276869000,0,108.07280769,0.9500
1622594276946000,0,722.43481000,0.9500
1622594276958000,0,71.35256901,0.9500
1622594276960000,0,380.53892232,0.9500
1622594277060000,0,160.58772631,0.9500
1622594277132000,0,722.98207000,0.9500
1622594277235000,0,380.53892232,0.9500
1622594277319000,0,8574.19765968,0.9500
1622594277504000,0,2735.41950000,0.9500
1622594277780000,0,723.31692000,0.9500
1622594277841000,0,2141.13800586,0.9500
1622594277859000,0,857.58479425,0.9500
1622594277874000,0,6530.07159975,0.9500
1622594298394000,1,339.80679035,0.9448
1622594298685000,1,380.59056160,0.9448
1622594298687000,1,628.42534970,0.9448
1622594330074000,0,40.00000000,0.9385
1622594338364000,1,40.00000000,0.9403
1622594338364000,1,115.33278853,0.9402
1622594370039000,0,664.28449011,0.9439
1622594411459000,0,624.44909285,0.9548
1622594411526000,0,624.44909285,0.9548
1622594411557000,0,1737.07447591,0.9548
1622594412688000,0,100.00000000,0.9590
1622594412688000,0,99.99999999,0.9590
1622594412782000,0,0.00000001,0.9590
1622594415008000,0,53.84184864,0.9600
1622594415008000,0,1013.12500000,0.9600
1622594415008000,0,200.00000000,0.9600
1622594415008000,0,275.68604651,0.9600
1622594415008000,0,777.78878519,0.9600
1622594416696000,0,149.65563207,0.9629
1622594416743000,0,619.60806836,0.9629
1622594419379000,0,236.86417600,0.9629
1622594419569000,0,5264.41842922,0.9629
1622594444952000,1,40.00000000,0.9565
1622594444952000,1,852.30410333,0.9565
1622594444952000,1,104.12263183,0.9556
1622594452416000,1,40.00000000,0.9597
1622594452416000,1,37.66639427,0.9597
1622594462858000,1,620.86640611,0.9565
1622594462871000,1,232.18173453,0.9565
1622594463518000,1,621.33637486,0.9556
1622594463597000,1,451.25994106,0.9556
1622594463613000,1,67.29618072,0.9556
1622594463619000,1,32.58236322,0.9556
1622594464105000,1,40.00000000,0.9539
1622594478166000,0,762.70251000,0.9522
1622594478166000,0,54.03640384,0.9527
1622594478166000,0,862.80107977,0.9532
1622594478166000,0,300.41346141,0.9551
1622594517663000,0,40.00000000,0.9510
1622594555752000,0,39.99800000,0.9593
1622594556351000,0,99.99999999,0.9640
1622594556351000,0,0.00000001,0.9640
1622594556647000,0,319.81760947,0.9647
1622594556726000,0,187.83797182,0.9647
1622594556761000,0,620.14493232,0.9647
1622594556776000,0,27.72034626,0.9647
1622594561896000,1,498.21336758,0.9617
1622594647051000,1,40.00000000,0.9574
1622594647560000,1,39.99999999,0.9546
1622594647563000,1,0.00000001,0.9546
1622594648056000,1,624.65884835,0.9510
1622594648516000,1,625.61124066,0.9495
1622594648566000,1,224.58374770,0.9495
1622594648631000,1,131.64241606,0.9495
1622594648636000,1,227.95907114,0.9495
1622594648736000,1,358.60104730,0.9495
1622594648742000,1,68.55595665,0.9495
1622594675436000,1,40.00000000,0.9426
1622594675436000,1,458.21336759,0.9426
1622594675727000,1,406.21260756,0.9426
1622594675727000,1,232.67926786,0.9417
1622594689226000,0,40.00000000,0.9450
1622594702313000,0,40.00000000,0.9449
1622594702313000,0,721.48280000,0.9449
1622594737572000,1,39.99999999,0.9468
1622594737573000,1,0.00000001,0.9468
1622594746881000,1,40.00000000,0.9415
1622594746965000,1,100.00000000,0.9411
1622594934198000,1,39.99999999,0.9497
1622594934264000,1,0.00000001,0.9497
1622594934264000,1,36.68815835,0.9472
1622594984266000,0,633.11742278,0.9449
1622594984270000,0,88.36537722,0.9449
1622595008555000,1,39.99999999,0.9444
1622595008859000,1,0.00000001,0.9444
1622595009216000,1,631.82460638,0.9402
1622595009222000,1,631.82460638,0.9402
1622595009529000,1,40.00000000,0.9402
1622595089296000,0,40.00000000,0.9308
1622595393449000,1,592.34356095,0.9225
1622595393449000,1,147.83910905,0.9225
1622595412160000,1,582.47012825,0.9175
1622595412160000,1,312.45054588,0.9175
1622595412160000,1,914.65964433,0.9166
1622595412160000,1,890.13574079,0.9165
1622595412160000,1,40.00000000,0.9156
1622595412160000,1,2225.42394118,0.9156
1622595412160000,1,3113.58606712,0.9154
1622595412160000,1,57.25771829,0.9144
1622595502176000,0,39.99999999,0.9210
1622595502178000,0,0.00000001,0.9210
1622595503369000,0,40.00000000,0.9235
1622595544105000,0,631.96520205,0.9259
1622595544105000,0,294.17600457,0.9259
1622595607776000,0,40.00000000,0.9387
1622595607776000,0,879.73773839,0.9401
1622595616781000,0,740.18267000,0.9371
1622595616781000,0,108.07280769,0.9389
1622595616781000,0,3063.29552623,0.9389
1622595616781000,0,2187.50823436,0.9392
1622595616781000,0,1817.98331491,0.9396
1622595701699000,0,40.00000000,0.9266
1622595772146000,1,888.97457710,0.9183
1622595772146000,1,30.76316129,0.9182
1622595786713000,0,8886.51945307,0.9200
1622595787952000,0,8886.14676850,0.9200
1622595788952000,0,2227.33377843,0.9200
1622595855506000,0,643.31716371,0.9240
1622595855538000,0,643.31716371,0.9240
1622595855554000,0,179.90464598,0.9240
1622595912169000,1,36.58145854,0.9177
1622595943459000,1,413.32692752,0.9134
1622595968303000,1,293.97537376,0.9119
1622595968303000,1,916.42764965,0.9117
1622595968303000,1,601.64965249,0.9113
1622595968303000,1,896.22533178,0.9111
1622595968303000,1,2240.82158571,0.9105
1622595968303000,1,40.00000000,0.9101
1622595968303000,1,2210.64800000,0.9101
1622595968303000,1,717.29495980,0.9100
1622596140413000,1,560.84213446,0.9050
1622596262432000,0,24.30939226,0.9028
1622596275049000,0,607.77177674,0.9044
1622596372389000,1,903.05248969,0.9044
1622596372389000,1,7360.00000000,0.9034
1622596372389000,1,2436.44909141,0.9032
1622596384892000,1,904.13116164,0.9038
1622596384892000,1,727.10298155,0.9032
1622596384892000,1,1935.26638387,0.9032
1622596392304000,0,304.48168489,0.9070
1622596506885000,0,589.99941089,0.9092
1622596621051000,1,650.10153194,0.9070
1622596621058000,1,583.42858108,0.9070
1622596621059000,1,269.34720381,0.9070
1622596621191000,1,6575.43580334,0.9070
1622596681413000,0,325.07561191,0.9076
1622596865137000,1,118.50722808,0.9073
1622597126937000,1,630.28965585,0.9075
1622597190437000,0,39.99999999,0.9045
1622597190442000,0,0.00000001,0.9045
1622597259256000,1,40.00000000,0.9247
1622597259315000,1,37.68453904,0.9199
1622597293158000,0,40.00000000,0.9253
1622597437883000,1,40.00000000,0.9187
1622597438103000,1,37.46649926,0.9159
1622597680562000,0,108.07280768,0.9216
1622597680603000,0,0.00000001,0.9216
1622597684140000,0,638.56828248,0.9283
1622597684202000,0,40.00000000,0.9284
1622597684202000,0,598.93771532,0.9284
1622597684424000,1,645.07805442,0.9301
1622597684495000,0,94.56370672,0.9301
1622597684829000,0,382.04063466,0.9301
1622597687575000,1,40.00000000,0.9297
1622597775819000,1,40.00000000,0.9395
1622597775821000,1,627.63738394,0.9384
1622597776268000,1,627.63736348,0.9386
1622597862228000,1,24.30939226,0.9225
1622597886746000,0,40.00000000,0.9256
1622598635292000,0,40.00000000,0.9268
1622598750861000,0,40.00000000,0.9257
1622598758861000,1,293.37443059,0.9261
1622598758861000,1,596.63273624,0.9257
1622598758861000,1,40.00000000,0.9253
1622598758861000,1,2204.28814560,0.9253
1622598758861000,1,866.10250252,0.9253
1622598758861000,1,882.45070382,0.9252
1622598758861000,1,357.15148123,0.9248
1622598764264000,0,312.16480474,0.9260
1622598847586000,0,596.93992234,0.9287
1622598903139000,0,623.15285949,0.9323
1622599024921000,0,492.07120082,0.9362
1622599025503000,0,293.90828217,0.9364
1622599184825000,0,315.12900428,0.9335
1622599212860000,0,40.00000000,0.9326
1622599212860000,0,598.11064315,0.9326
1622599590607000,0,598.93192924,0.9505
1622599590607000,0,861.83462925,0.9511
1622599590607000,0,928.25308240,0.9514
1622599590607000,0,2153.84839212,0.9520
1622599590607000,0,287.69550644,0.9520
1622599590607000,0,5080.00000000,0.9521
1622599590607000,0,323.62110000,0.9526
1622599590607000,0,345.64221227,0.9527
1622599865107000,1,676.70603674,0.9413
1622600146962000,0,65.35049442,0.9500
1622600297412000,0,860.18398515,0.9670
1622600310091000,0,100.00000000,0.9690
1622600310954000,0,225.98870000,0.9720
1622600322361000,1,39.99999999,0.9722
1622600398395000,1,40.00000000,0.9698
1622600398601000,1,611.86606262,0.9698
1622600398608000,1,0.82926523,0.9698
1622600398759000,1,235.52295116,0.9677
1622600407009000,1,81.20744582,0.9636
1622600407105000,1,111.33571193,0.9636
1622600407109000,1,0.00000001,0.9636
1622600409895000,0,80.00000000,0.9626
1622600565726000,0,306.35100745,0.9700
1622600978043000,1,853.95351339,0.9570
1622600978043000,1,2134.88378347,0.9569
1622600978043000,1,2988.83729686,0.9564
1622600978043000,1,2210.64800000,0.9550
1622600978043000,1,2391.50425800,0.9550
1622601417085000,1,288.63183623,0.9587
1622601482744000,0,196.00000000,0.9618
1622601602648000,0,40.00000000,0.9760
1622601602648000,0,300.00000000,0.9760
1622601622734000,0,100.00000000,0.9777
1622601633549000,1,35.61206202,0.9775
1622601950619000,0,40.00000000,0.9723
1622601950619000,0,46.57999753,0.9723
1622602317338000,1,296.45746251,0.9574
1622602470045000,0,40.00000000,0.9645
1622602511385000,1,150.52522794,0.9642
1622602689973000,1,282.90659603,0.9545
1622602690454000,1,614.21211637,0.9540
1622602690454000,1,506.10561860,0.9535
1622602740055000,0,39.99999999,0.9492
1622602740055000,0,0.00000001,0.9492
1622602770683000,0,30.32878929,0.9514
1622602775246000,1,293.41648413,0.9489
1622602817027000,1,595.70983033,0.9486
1622602817027000,1,224.29016967,0.9478
1622602905375000,0,609.15328189,0.9542
1622603076556000,0,40.00000000,0.9492
1622603115021000,1,86.01451889,0.9461
1622603190334000,1,64.51088916,0.9504
1622603235866000,1,618.11807210,0.9522
1622603439692000,0,604.48264270,0.9519
1622603757355000,1,53.67536355,0.9412
1622603889857000,1,794.71824133,0.9364
1622604476654000,1,40.00000000,0.9308
1622604574583000,0,80.00000000,0.9332
1622604575033000,0,41.14697140,0.9374
1622604575039000,0,229.00231519,0.9374
1622604575112000,0,48.59519765,0.9374
1622604575229000,0,230.59614266,0.9374
1622604575251000,0,299.87559001,0.9374
1622604575261000,0,259.99171654,0.9374
1622604848087000,1,223.05898165,0.9341
1622604848626000,1,69.36797377,0.9329
1622604979044000,1,281.81222326,0.9336
1622605176273000,0,304.67753948,0.9364
1622605181805000,0,599.08266230,0.9369
1622605249765000,1,871.40070046,0.9377
1622605249765000,1,27.51587153,0.9377
1622605598273000,0,24.94917477,0.9301
1622605609640000,1,86.57999753,0.9280
1622605696407000,1,540.70190973,0.9299
1622605949784000,1,878.59019601,0.9303
1622606406958000,1,124.97459582,0.9372
1622606431970000,0,348.76048876,0.9402
1622606431970000,0,23.50469168,0.9407
1622606720826000,1,108.47946476,0.9291
1622607061218000,1,66.63113652,0.9312
1622607128935000,1,66.88974054,0.9313
1622607238040000,1,75.68854264,0.9300
1622607499924000,1,216.27986154,0.9266
1622607525963000,1,65.21479525,0.9264
1622607614594000,1,154.76108309,0.9267
1622607636318000,1,727.58250589,0.9267
1622607636442000,0,882.34358898,0.9267
1622607636524000,0,83.56657379,0.9267
1622607689846000,1,133.00000000,0.9276
1622607851421000,1,739.64525211,0.9284
1622607911561000,1,945.79944246,0.9284
1622607929737000,1,882.27773158,0.9271
1622608067238000,1,177.26677564,0.9271
1622608224514000,1,300.62997041,0.9269
1622608571022000,1,888.04630984,0.9214
1622608571022000,1,797.39838473,0.9213
1622608571127000,1,588.86744432,0.9213
1622609008454000,1,639.86198179,0.9177
1622609067080000,0,317.04273541,0.9180
1622609067557000,0,590.72875760,0.9185
1622609137686000,0,316.77001391,0.9215
1622610110684000,0,40.00000000,0.9408
1622610233946000,0,46.83556313,0.9381
1622610366153000,0,250.00000000,0.9381
1622610812640000,1,99.26842790,0.9271
1622610965354000,0,303.03459274,0.9293
1622611022330000,1,880.78820163,0.9295
1622611024957000,1,880.78820163,0.9295
1622611024957000,1,2201.97050407,0.9291
1622611164243000,1,393.70258751,0.9286
1622611188977000,1,202.61217763,0.9286
1622611188977000,1,881.80361008,0.9280
1622611188977000,1,338.78294252,0.9276
1622611189522000,1,881.80361008,0.9280
1622611189522000,1,338.78294252,0.9276
1622611230264000,0,793.34470676,0.9304
1622611230425000,1,6.65529324,0.9304
1622611528444000,0,312.17288516,0.9299
1622611919552000,1,889.83804234,0.9196
1622611919552000,1,610.16195766,0.9194
1622611919739000,1,588.86744432,0.9196
1622612200592000,0,889.60076490,0.9211
1622612200592000,0,64.31645150,0.9212
1622612295649000,0,253.35865487,0.9213
1622612296109000,0,311.86506675,0.9213
1622612296644000,0,630.96288437,0.9217
1622612765965000,1,63.31580012,0.9250
1622612767285000,0,179.38346708,0.9271
1622612835084000,0,40.71472412,0.9287
1622612922736000,0,327.73937201,0.9292
1622613099322000,0,267.66703872,0.9318
1622613154962000,0,879.97779350,0.9316
1622613154962000,0,108.39385715,0.9320
1622613160532000,0,58.95231654,0.9316
1622613240242000,1,302.96711666,0.9293
1622613269188000,1,27.00000000,0.9272
1622613381510000,1,170.97360470,0.9254
1622613473057000,1,884.82200890,0.9245
1622613473057000,1,3094.76053202,0.9242
1622613473057000,1,994.59338701,0.9241
1622613473664000,1,40.71472412,0.9245
1622613487318000,1,142.00000000,0.9245
1622613576159000,0,323.06904981,0.9266
1622613652924000,0,151.34264112,0.9311
1622613720308000,1,151.34264112,0.9291
1622613785472000,1,724.11318665,0.9304
1622613852799000,1,588.58057232,0.9291
1622614037820000,1,60.49918412,0.9251
1622614192549000,1,297.13119268,0.9231
1622614192549000,1,138.89163548,0.9229
1622614193023000,1,138.89163548,0.9229
1622614516949000,0,624.04063658,0.9277
1622614516949000,0,322.26034629,0.9277
1622614527174000,1,500.00000000,0.9286
1622614842554000,1,121.87143205,0.9267
1622614882349000,0,85.64416121,0.9290
1622615059056000,1,198.08820898,0.9267
1622615059056000,1,251.91179102,0.9262
1622615207988000,0,207.79763230,0.9290
1622615738641000,1,317.20042295,0.9259
1622616566725000,0,297.20231523,0.9277
1622617000641000,1,596.06922850,0.9284
1622617186939000,0,50.00000000,0.9268
1622617221001000,0,314.58089636,0.9278
1622617453277000,1,324.58419645,0.9261
1622617453808000,1,646.02377228,0.9258
1622617733094000,0,99.99999999,0.9143
1622617733098000,0,0.00000001,0.9143
1622618013581000,0,313.55154774,0.9187
1622618112747000,0,606.20913178,0.9191
1622618289718000,0,310.43035048,0.9251
1622618412623000,0,53.78512432,0.9250
1622618685936000,0,155.96756756,0.9203
1622618714395000,0,171.67580094,0.9203
1622618811653000,1,140.56530045,0.9213
1622618948487000,1,287.54951418,0.9190
1622619092261000,0,1579.94193801,0.9226
1622619169571000,0,887.44559789,0.9245
1622619169571000,0,67.54550480,0.9245
1622619169571000,0,123.97832526,0.9248
1622619311206000,1,61.85231129,0.9218
1622619311715000,1,34.25417716,0.9218
1622619325024000,1,0.00000001,0.9218
1622619555457000,1,517.22832260,0.9203
1622619563465000,0,889.33668234,0.9224
1622619563539000,1,650.06825716,0.9230
1622619563581000,1,889.33668234,0.9230
1622619563659000,1,1436.93269628,0.9230
1622619563671000,1,2074.55190563,0.9230
1622620142440000,1,889.19426105,0.9220
1622620143879000,1,52.03529000,0.9220
1622620208766000,1,3217.69669623,0.9220
1622620222753000,1,21.90000000,0.9213
1622620348531000,1,277.65751948,0.9213
1622620349506000,1,645.57948102,0.9209
1622620580762000,0,306.68285908,0.9186
1622621152288000,1,328.50709201,0.9181
1622621182086000,1,655.87186906,0.9176
1622622569815000,0,318.53918228,0.9103
1622623160585000,0,311.77619695,0.9114
1622623163479000,0,662.85809738,0.9119
1622623299490000,1,306.16356631,0.9133
1622623316304000,1,612.31067718,0.9119
1622623316304000,1,376.06097347,0.9110
1622623461708000,0,302.22170751,0.9147
1622623470087000,0,603.97459950,0.9152
1622623646901000,0,896.86996056,0.9158
1622623646901000,0,192.67306203,0.9159
1622623729182000,1,501.70166664,0.9138
1622623729182000,1,653.68070969,0.9138
1622624077340000,1,57.72582390,0.9112
1622624591856000,0,158.55318799,0.9123
1622624758913000,1,345.97895569,0.9105
1622624867384000,0,318.75953772,0.9106
1622625222359000,1,902.99570078,0.9082
1622625222359000,1,125.95110729,0.9079
1622625377162000,1,81.13953781,0.9050
1622625385036000,1,64.90067365,0.9050
1622625385119000,1,202.02608687,0.9050
1622625385210000,1,0.00000001,0.9050
1622625465234000,0,199.35411256,0.9037
1622625726273000,1,86.34808520,0.9061
1622625754893000,1,86.40128091,0.9056
1622625754893000,1,324.08773366,0.9054
1622625754893000,1,179.58151010,0.9052
1622626587134000,1,179.38346708,0.9063
1622626745114000,0,332.45283029,0.9071
1622627246714000,0,86.34808520,0.9080
1622627363827000,0,903.85012423,0.9096
1622627363923000,1,903.85012423,0.9096
1622627364041000,1,8472.39298034,0.9096
1622627878790000,1,162.58983166,0.9090
1622628343172000,1,328.30047980,0.9079
1622628698593000,1,320.20224346,0.9032
1622628800405000,0,335.67646647,0.9032
1622628976794000,0,337.29529571,0.9058
1622629046369000,1,327.30819217,0.9053
1622629482260000,1,305.69974295,0.9024
1622629574527000,0,665.61276568,0.9039
1622629610211000,0,334.43738356,0.9053
1622629629336000,0,672.69180783,0.9053
1622630058825000,1,100.00000000,0.9011
1622630079922000,1,100.00000000,0.9000
1622630079922000,1,300.00000000,0.9000
1622630079922000,1,333.96111111,0.9000
1622630080574000,1,59.89171577,0.8976
1622630167322000,0,27.85298082,0.9007
1622630469354000,1,271.61818690,0.8976
1622630487275000,1,27.85298082,0.8954
1622630611476000,0,311.13460314,0.8976
1622631261352000,1,339.06174791,0.8963
1622631493878000,0,322.86384942,0.8962
1622631674596000,0,322.86040212,0.8984
1622631903394000,0,378.26877048,0.9000
1622632283789000,1,337.70786516,0.8900
1622632433775000,0,51.94484000,0.8900
1622633067605000,1,378.26877048,0.8905
1622633238388000,0,87.35629615,0.8942
1622633423000000,1,615.60045686,0.8912
1622633647273000,0,320.20457776,0.8905
1622633914595000,0,318.25218164,0.8927
1622633943845000,0,71.58504146,0.8947
1622634185354000,1,324.44789789,0.8971
1622634681446000,1,317.39071439,0.8916
1622634779918000,1,831.05957211,0.8908
1622634782847000,1,9168.94042789,0.8908
1622634889428000,0,318.49787450,0.8915
1622634911644000,0,626.30555022,0.8920
1622635036773000,0,407.10737306,0.8983
1622635402373000,1,327.51518745,0.8953
1622635403913000,1,631.66591866,0.8949
1622635572135000,0,318.25746177,0.8982
1622635645610000,0,535.82663691,0.9000
1622635703171000,0,252.35290209,0.9031
1622635724542000,0,89.81257890,0.9029
1622635881967000,0,544.78707250,0.9055
1622635881967000,0,1362.78281877,0.9056
1622635882103000,1,6119.04158775,0.9060
1622635882234000,1,316.15830000,0.9042
1622635915950000,0,331.84393470,0.9066
1622635940854000,0,74.00000000,0.9080
1622636004720000,0,361.33322252,0.9103
1622636004720000,0,152.97219052,0.9103
1622636076932000,1,141.49267788,0.9092
1622636530434000,0,759.53700000,0.9087
1622636530434000,0,361.74548968,0.9091
1622636530434000,0,904.47281985,0.9094
1622636530434000,0,850.29672805,0.9095
1622637376048000,0,58.32092616,0.9035
1622638273346000,0,664.15130186,0.9063
1622638410490000,1,700.64017660,0.9060
1622638828185000,1,337.95770015,0.9024
1622638952239000,1,27.00000000,0.8929
1622639116473000,1,917.66509529,0.8940
1622639116558000,0,917.66509529,0.8940
1622639116662000,0,144.62326444,0.8940
1622639409784000,1,74.00000000,0.8911
1622639707354000,1,919.41089876,0.8926
1622639707464000,0,919.41089876,0.8926
1622639707464000,0,4101.40442623,0.8926
1622639758355000,0,643.66750640,0.8939
1622639758355000,0,462.49018988,0.8944
1622639791528000,0,626.29496479,0.8968
1622640234804000,0,635.27016708,0.9060
1622640328667000,1,40.00000000,0.9145
1622640378206000,0,100.00000000,0.9180
1622640401403000,1,40.00000000,0.9219
1622640507065000,0,40.00000000,0.9190
1622640677302000,0,40.00000000,0.9247
1622640677302000,0,403.97049120,0.9247
1622640677302000,0,749.03421000,0.9248
1622640677302000,0,469.45799722,0.9253
1622640754316000,0,1107.43438626,0.9247
1622640768014000,0,100.00000000,0.9280
1622640768567000,0,666.67422472,0.9285
1622640768624000,0,666.67422472,0.9285
1622640768657000,0,7305.80680519,0.9285
1622640780820000,1,40.00000000,0.9306
1622640780820000,1,468.42805635,0.9306
1622640784902000,0,100.00000000,0.9340
1622640795186000,1,39.99999999,0.9325
1622640795186000,1,0.00000001,0.9325
1622641418927000,0,101.79556321,0.9286
1622641571450000,1,100.00000000,0.9211
1622641925005000,0,318.16801325,0.9216
1622642622563000,0,27.00000000,0.9360
1622642624117000,0,40.00000000,0.9369
1622642626861000,0,100.21000000,0.9380
1622642637681000,0,21.50000000,0.9400
1622642637681000,0,1123.41467322,0.9400
1622642656519000,0,100.00000000,0.9440
1622642694712000,0,100.00000000,0.9490
1622642694712000,0,100.00000000,0.9490
1622642694712000,0,28.00000000,0.9500
1622642694712000,0,421.44318670,0.9500
1622642694787000,0,1241.01951172,0.9500
1622642704101000,0,257.19432627,0.9567
1622642704102000,0,0.00000001,0.9567
1622642712452000,0,200.00000000,0.9580
1622642712452000,0,99.99999999,0.9590
1622642712455000,0,0.00000001,0.9590
1622642719066000,0,514.30541304,0.9646
1622642719066000,0,192.54315776,0.9652
1622642719066000,0,1867.36730823,0.9653
1622642719066000,0,255.73822539,0.9661
1622642725170000,1,39.99999999,0.9622
1622642725233000,1,0.00000001,0.9622
1622642727814000,0,40.00000000,0.9657
1622642727814000,0,63.54753868,0.9657
1622642728241000,1,167.20026473,0.9591
1622642738693000,1,39.99999999,0.9603
1622642742587000,0,40.00000000,0.9658
1622642749667000,1,39.99999999,0.9649
1622642749669000,1,0.00000001,0.9649
1622642750290000,1,39.99999999,0.9617
1622642750330000,1,0.00000001,0.9617
1622642778916000,1,39.99999999,0.9572
1622642797641000,1,39.99999999,0.9559
1622642797643000,1,0.00000001,0.9559
1622642818347000,0,79.91854636,0.9585
1622642883257000,0,523.57648341,0.9535
1622642939012000,0,738.46661000,0.9513
1622642939012000,0,40.00000000,0.9513
1622642939012000,0,5760.00000000,0.9513
1622642939012000,0,401.25732237,0.9515
1622642939012000,0,409.90950000,0.9525
1622642939012000,0,585.92526090,0.9526
1622642939012000,0,294.32946725,0.9526
1622642939110000,1,83.27982162,0.9530
1622642939112000,1,40.00000000,0.9530
1622642939277000,1,1180.67492131,0.9530
1622642939280000,1,8647.17597164,0.9530
1622642939315000,1,259.55820000,0.9530
1622642939337000,1,2161.79399292,0.9530
1622642939337000,1,1080.89699646,0.9530
1622642939338000,1,432.35879859,0.9530
1622642939340000,1,1513.25579504,0.9530
1622642939535000,1,286.92417628,0.9530
1622642939646000,1,864.57200000,0.9530
1622642939675000,1,922.85187828,0.9530
1622642939707000,1,342.81005246,0.9530
1622642939779000,1,259.55823000,0.9530
1622642939792000,1,8641.33648160,0.9530
1622642939866000,1,286.95211962,0.9530
1622642940069000,1,102.44947296,0.9530
1622642940122000,1,663.29364828,0.9530
1622642940155000,1,260.06650600,0.9530
1622642940228000,1,1470.55838400,0.9530
1622642940292000,1,7290.00000000,0.9530
1622642940325000,1,8639.08621711,0.9530
1622642941068000,1,4460.88051739,0.9530
1622642941901000,1,8630.56371397,0.9530
1622642942414000,1,8629.75344429,0.9530
1622642955882000,1,86.28982408,0.9530
1622642957420000,1,86.27940660,0.9530
1622642957433000,1,21.92320258,0.9530
1622642957433000,1,193.87457377,0.9530
1622642958938000,1,86.27940660,0.9530
1622642958939000,1,215.78939010,0.9530
1622642960124000,1,86.38788288,0.9530
1622642960127000,1,302.28723190,0.9530
1622642960128000,1,215.78939010,0.9530
1622642960675000,1,323.01940668,0.9530
1622642960764000,1,71.29061001,0.9530
1622642960843000,1,323.01940668,0.9530
1622642961089000,1,1140.35843263,0.9530
1622642961527000,1,86.63059795,0.9530
1622642961533000,1,432.28701265,0.9530
1622642961533000,1,303.00218978,0.9530
1622642961534000,1,216.35559645,0.9530
1622642961535000,1,865.10769587,0.9530
1622642961850000,1,202.26857200,0.9530
1622642961886000,1,738.46661000,0.9530
1622642961950000,1,129.94954640,0.9530
1622642962063000,1,946.44000000,0.9530
1622642962137000,1,130.16135068,0.9530
1622642962806000,1,86.63059795,0.9530
1622642962813000,1,865.10769587,0.9530
1622642962814000,1,216.75600811,0.9530
1622642962816000,1,303.00218978,0.9530
1622642962817000,1,433.51201622,0.9530
1622642963411000,1,173.17225872,0.9530
1622642963887000,1,738.46661000,0.9530
1622642964279000,1,843.65456157,0.9530
1622642964891000,1,43.28138857,0.9530
1622642965792000,1,388.92138000,0.9530
1622642965896000,1,1289.91241343,0.9530
1622642966038000,1,286.56939117,0.9530
1622642966043000,1,7429.16876182,0.9530
1622642966048000,1,861.36338930,0.9530
1622642966176000,1,6070.46333600,0.9530
1622642966219000,1,3160.18716600,0.9530
1622642983776000,1,169.75412000,0.9530
1622642983958000,1,735.62305000,0.9530
1622642985671000,1,217.26400565,0.9530
1622642988221000,1,171.65737435,0.9530
1622642991665000,1,5815.00000000,0.9530
1622643001838000,1,143.38700200,0.9530
1622643008634000,1,246.29177120,0.9530
1622643012811000,1,389.67877320,0.9530
1622643012906000,1,2302.78352501,0.9530
1622643012957000,1,272.53770179,0.9530
1622643018897000,1,5815.00000000,0.9530
1622643023395000,1,738.45239000,0.9530
1622643024369000,1,391.45754808,0.9530
1622643034196000,1,391.45754808,0.9530
1622643034206000,1,202.26857200,0.9530
1622643034345000,1,502.22566632,0.9530
1622643034423000,1,1805.35766300,0.9530
1622643040252000,1,541.98451207,0.9530
1622643047430000,1,5815.00000000,0.9530
1622643050576000,1,439.02148800,0.9530
1622643112900000,0,312.23840119,0.9568
1622643112994000,0,0.15620722,0.9568
1622643113076000,0,247.63770991,0.9568
1622643128869000,0,40.00000000,0.9574
1622643128869000,0,293.56369704,0.9574
1622643128869000,0,181.98442085,0.9574
1622643142256000,0,298.34742930,0.9567
1622643142256000,0,40.00000000,0.9574
1622643142256000,0,453.89013979,0.9574
1622643142256000,0,249.68702920,0.9584
1622643215735000,0,31.49541027,0.9498
1622643215847000,0,263.72024542,0.9498
1622643263966000,1,5815.00000000,0.9490
1622643273088000,1,264.13573234,0.9490
1622643273348000,1,40.00000000,0.9490
1622643273348000,1,2368.53542700,0.9490
1622643276396000,1,556.46455195,0.9490
1622643277271000,1,265.15199393,0.9494
1622643281373000,1,392.99518824,0.9490
1622643281575000,1,545.99997893,0.9490
1622643292303000,1,5815.00000000,0.9490
1622643307063000,1,391.32995448,0.9490
1622643319269000,1,391.32995448,0.9490
1622643319343000,1,1446.67004552,0.9490
1622643319783000,1,5815.00000000,0.9490
1622643321547000,1,227.65704801,0.9490
1622643323891000,1,5815.00000000,0.9490
1622643327895000,1,5815.00000000,0.9490
1622643339934000,1,393.25263672,0.9490
1622643339940000,1,166.74736328,0.9490
1622643340037000,1,559.99997893,0.9490
1622643340234000,1,5815.00000000,0.9490
1622643340282000,1,321.00002107,0.9490
1622643354645000,1,559.99997893,0.9490
1622643354928000,1,417.64029505,0.9490
1622643358179000,1,5815.00000000,0.9490
1622643358800000,1,2302.78352501,0.9490
1622643358997000,1,589.99997893,0.9490
1622643359281000,1,1139.63080000,0.9490
1622643367773000,1,5815.00000000,0.9490
1622643369583000,0,40.00000000,0.9491
1622643369583000,0,470.69811420,0.9491
1622643383109000,1,40.00000000,0.9490
1622643383109000,1,176.77115036,0.9490
1622643398741000,1,5815.00000000,0.9490
1622643425813000,1,219.88000000,0.9490
1622643426879000,1,393.38148768,0.9490
1622643429676000,1,5815.00000000,0.9490
1622643439884000,1,8756.86912474,0.9490
1622643440124000,1,393.38148768,0.9490
1622643440404000,1,8756.26186226,0.9490
1622643440526000,1,1514.39499474,0.9490
1622643440554000,1,2262.22500000,0.9490
1622643440621000,1,485.18432034,0.9490
1622643440635000,1,395.32443216,0.9490
1622643440926000,1,8750.60063945,0.9490
1622643440969000,1,2189.06546557,0.9490
1622643440974000,1,875.06006395,0.9490
1622643440975000,1,3064.69165180,0.9490
1622643440977000,1,8756.26186227,0.9490
1622643440982000,1,4378.13093114,0.9490
1622643441264000,1,507.49763963,0.9490
1622643441288000,1,273.62942890,0.9490
1622643441339000,1,497.65632246,0.9490
1622643441468000,1,8749.64809748,0.9490
1622643441490000,1,233.74159114,0.9490
1622643441577000,1,263.91790000,0.9490
1622643441660000,1,273.30107000,0.9490
1622643441738000,1,1433.23580614,0.9490
1622643441995000,1,8751.23068895,0.9490
1622643442017000,1,556.00000000,0.9490
1622643442034000,1,564.97747700,0.9490
1622643442143000,1,2187.60644114,0.9490
1622643442313000,1,263.91790528,0.9490
1622643442536000,1,740.45429926,0.9490
1622643442618000,1,200.00200000,0.9490
1622643458369000,1,551.00000000,0.9490
1622643458691000,1,395.32443216,0.9490
1622643458755000,1,745.19149631,0.9490
1622643458864000,1,2103.42213800,0.9490
1622643458885000,1,5815.00000000,0.9490
1622643460969000,1,466.25340470,0.9490
1622643464639000,1,395.32443216,0.9490
1622643464666000,1,282.67732928,0.9490
1622643485857000,1,219.88000000,0.9490
1622643487422000,1,2472.00000000,0.9490
1622643488175000,1,680.64893572,0.9490
1622643488179000,1,2202.90400000,0.9490
1622643607898000,1,169.73112526,0.9503
1622643782796000,0,40.00000000,0.9520
1622643782796000,0,117.00000000,0.9520
1622643782796000,0,98.52784076,0.9530
1622643872116000,1,1106.15769628,0.9504
1622643897643000,0,717.14686000,0.9598
1622643899777000,0,46.29448650,0.9600
1622643901261000,0,716.31862000,0.9600
1622643901454000,0,557.72100000,0.9627
1622643902977000,1,716.93775000,0.9603
1622643903533000,1,166.82368715,0.9600
1622643908631000,1,718.99676000,0.9575
1622643909130000,1,40.00000000,0.9576
1622643927848000,0,40.00000000,0.9627
1622643927848000,0,466.56467272,0.9627
1622643943894000,0,40.00000000,0.9727
1622643943894000,0,348.04146751,0.9727
1622643944684000,0,210.84043713,0.9727
1622643948542000,0,100.00000000,0.9744
1622643949743000,0,75.00000000,0.9750
1622643968656000,0,526.79931821,0.9800
1622643968656000,0,100.00000000,0.9800
1622643968656000,0,4.00094239,0.9800
1622643968792000,0,95.99905761,0.9800
1622643968792000,0,267.66703872,0.9800
1622643968792000,0,243.58561644,0.9800
1622643968792000,0,23.54854783,0.9800
1622643968877000,0,317.88000975,0.9800
1622643971058000,0,27.00000000,0.9815
1622643971436000,0,21.44840360,0.9840
1622643971480000,0,78.55159640,0.9840
1622643979057000,1,39.99999999,0.9824
1622643979063000,1,0.00000001,0.9824
1622643986407000,1,216.07000000,0.9828
1622643988868000,0,40.00000000,0.9875
1622643988868000,0,586.80406447,0.9875
1622643989395000,0,148.43242607,0.9875
1622643993076000,0,515.54811789,0.9896
1622643993587000,0,22.00000000,0.9900
1622643993587000,0,420.00000000,0.9900
1622643993587000,0,1273.46850614,0.9900
1622643993587000,0,777.78878519,0.9900
1622643993587000,0,100.00000000,0.9900
1622644004994000,1,44.30753858,0.9881
1622644004999000,1,342.25892878,0.9881
1622644005084000,1,375.18259510,0.9883
1622644005090000,1,176.72791749,0.9883
1622644005094000,1,144.74402741,0.9883
1622644013999000,1,174.00000000,0.9846
1622644026288000,1,218.72000000,0.9911
1622644048959000,0,100.00000000,0.9940
1622644048959000,0,826.62130249,0.9940
1622644049043000,1,4888.37869751,0.9940
1622644051909000,1,160.47189257,0.9902
1622644052044000,1,285.21149648,0.9902
1622644052049000,1,99.88178154,0.9902
1622644052050000,1,624.68094477,0.9902
1622644052116000,1,530.30195735,0.9902
1622644052146000,1,270.94745791,0.9902
1622644052151000,1,346.33593852,0.9902
1622644052152000,1,532.51345036,0.9902
1622644052172000,1,2964.65508050,0.9902
1622644052172000,1,1709.00000000,0.9902
1622644052172000,1,40.00000000,0.9902
1622644054340000,1,1709.00000000,0.9872
1622644054340000,1,5815.00000000,0.9872
1622644054340000,1,40.00000000,0.9872
1622644077554000,0,581.93339907,0.9897
1622644077642000,1,5233.06660093,0.9897
1622644106518000,1,5815.00000000,0.9893
1622644110968000,1,5815.00000000,0.9873
1622644126343000,0,376.46304439,0.9950
1622644126346000,0,625.05004574,0.9950
1622644126358000,0,275.09370454,0.9950
1622644126367000,0,625.05004574,0.9950
1622644126370000,0,625.05004574,0.9950
1622644126378000,0,2473.29311385,0.9950
1622644126478000,0,105.65858297,0.9980
1622644126478000,0,206.58046364,0.9987
1622644126566000,0,312.23904661,0.9987
1622644126655000,0,81.18048975,0.9987
1622644126655000,0,100.00000000,0.9990
1622644126655000,0,50.00000000,1.0000
1622644126655000,0,30.30898876,1.0000
1622644126655000,0,66.88918960,1.0000
1622644129982000,0,433.11081040,1.0000
1622644129982000,0,313.00000000,1.0000
1622644129982000,0,200.00000000,1.0000
1622644129982000,0,20.00000000,1.0000
1622644129982000,0,100.00000000,1.0000
1622644129982000,0,20.00000000,1.0000
1622644129982000,0,112.00000000,1.0000
1622644129982000,0,20.00000000,1.0000
1622644129982000,0,20.00000000,1.0000
1622644143945000,1,35.04325258,0.9933
1622644143962000,1,123.88931244,0.9933
1622644145593000,1,219.79225644,0.9934
1622644145878000,1,40.00000000,0.9934
1622644147448000,1,375.30487656,0.9929
1622644147448000,1,76.86626573,0.9929
1622644180119000,1,125.51268227,0.9923
1622644180646000,1,1709.00000000,0.9916
1622644181145000,1,8304.46312896,0.9900
1622644181655000,1,8304.91354741,0.9900
1622644182180000,1,8305.83786800,0.9900
1622644185565000,1,2876.05203758,0.9900
1622644189673000,1,2254.22006520,0.9900
1622644190723000,1,8312.04565290,0.9900
1622644206937000,0,563.89526110,0.9979
1622644209842000,0,100.00000000,0.9990
1622644215122000,0,910.84280719,1.0010
1622644215153000,0,686.71947137,1.0010
1622644215523000,0,621.73153946,1.0010
1622644215541000,0,621.73153946,1.0010
1622644215576000,0,621.73153946,1.0010
1622644215578000,0,348.04926445,1.0010
1622644215967000,0,25.39231121,1.0042
1622644216555000,0,63.90035602,1.0055
1622644224154000,1,39.99999999,1.0031
1622644224157000,1,39.99999999,1.0031
1622644224421000,1,294.95324802,1.0031
1622644224421000,1,39.99999999,1.0030
1622644224867000,1,181.21970476,1.0031
1622644225146000,1,193.73354323,1.0031
1622644232283000,0,727.97548000,1.0055
1622644232283000,0,40.00000000,1.0058
1622644232283000,0,214.00003541,1.0058
1622644234386000,0,36.40171116,1.0055
1622644245554000,1,0.00000001,1.0031
1622644249078000,1,39.99999999,0.9991
1622644249216000,1,0.00000001,0.9991
1622644249216000,1,49.01243341,0.9988
1622644250975000,1,86.21654808,0.9954
1622644251421000,1,287.68575648,0.9954
1622644251421000,1,40.00000000,0.9954
1622644256328000,1,99.99999999,0.9911
1622644322569000,1,0.00000001,0.9911
1622644333708000,1,1808.50429414,0.9900
1622644337551000,1,83.10910916,0.9900
1622644338733000,1,1092.33659366,0.9900
1622644338764000,1,83.20841455,0.9900
1622644338771000,1,207.88945583,0.9900
1622644343774000,1,83.11751807,0.9900
1622644344971000,1,83.11449036,0.9900
1622644346066000,1,83.19344767,0.9900
1622644348874000,1,83.12044089,0.9900
1622644350363000,1,83.12044089,0.9900
1622644351591000,1,83.12044089,0.9900
1622644353598000,1,207.88303439,0.9900
1622644353607000,1,83.12044089,0.9900
1622644355438000,1,368.84430000,0.9900
1622644355619000,1,207.88303439,0.9900
1622644359643000,1,207.92976720,0.9900
1622644359669000,1,83.20247047,0.9900
1622644361275000,1,121.80480604,0.9900
1622644366439000,1,73.57010285,0.9900
1622644371660000,1,44.43634212,0.9900
1622644376932000,1,40.25932597,0.9900
1622644389597000,1,46.29448650,0.9900
1622644438461000,0,80.00000000,0.9923
1622644476744000,0,698.83372000,0.9950
1622644476744000,0,294.77692925,0.9951
1622644476744000,0,572.82863971,0.9951
1622644481373000,1,210.62000000,0.9951
1622644516764000,1,40.49369559,0.9951
1622644551755000,1,698.83372000,0.9951
1622644553262000,1,85.61271000,0.9951
1622644553477000,1,695.76762000,0.9951
1622644555216000,1,191.54500236,0.9951
1622644556075000,1,698.83372000,0.9951
1622644558413000,1,140.61123789,0.9951
1622644558500000,1,63.11075115,0.9951
1622644558639000,1,88.26419239,0.9951
1622644558685000,1,320.28752908,0.9951
1622644558712000,1,126.70418603,0.9951
1622644558717000,1,72.87634655,0.9951
1622644585912000,0,697.60938000,0.9870
1622644586090000,0,697.72246000,0.9870
1622644586093000,0,557.42280016,0.9870
1622644590174000,0,200.49354368,0.9951
1622644627008000,0,144.46667460,0.9951
1622644654998000,1,40.00000000,0.9952
1622644654998000,1,42.57544329,0.9952
1622644657291000,1,40.00000000,0.9950
1622644657291000,1,42.76917132,0.9950
1622644658629000,1,82.76917132,0.9950
1622644659828000,1,82.76917132,0.9950
1622644686190000,1,697.07030000,0.9950
1622644695806000,1,494.67939699,0.9950
1622644696008000,1,698.83372000,0.9950
1622644753218000,0,40.00000000,0.9894
1622644753218000,0,599.48996613,0.9894
1622644753218000,0,290.68115878,0.9906
1622644753560000,1,567.00000000,0.9910
1622644810767000,1,4325.71285756,0.9910
1622644810794000,1,2262.22500000,0.9910
1622644810855000,1,605.44904137,0.9910
1622644816577000,1,247.66523566,0.9910
1622644821631000,1,149.58980234,0.9910
1622644827149000,1,36.68300969,0.9910
1622644832377000,1,22.15653785,0.9910
1622644873283000,0,650.00000000,0.9911
1622644981031000,1,216.87411415,0.9910
1622645190928000,1,290.00000000,0.9910
1622645191618000,1,697.40281000,0.9910
1622645191723000,1,104.90736629,0.9910
1622645191763000,1,380.29784616,0.9910
1622645191778000,1,221.26880000,0.9910
1622645191831000,1,221.26880930,0.9910
1622645192054000,1,351.73117054,0.9910
1622645192083000,1,551.00000000,0.9910
1622645192176000,1,233.82385387,0.9910
1622645192269000,1,54.72455095,0.9910
1622645192322000,1,1015.09262363,0.9910
1622645193320000,1,271.45163108,0.9910
1622645193427000,1,271.45160000,0.9910
1622645194358000,1,380.29784616,0.9910
1622645194445000,1,822.48601414,0.9910
1622645194668000,1,1491.33220990,0.9910
1622645195610000,1,68.51590088,0.9910
1622645196357000,1,80.69274000,0.9910
1622645201723000,1,5782.00000000,0.9910
1622645202980000,1,380.29784616,0.9910
1622645203064000,1,2115.87514305,0.9910
1622645203136000,1,77.83395607,0.9910
1622645203185000,1,558.00000000,0.9910
1622645203289000,1,442.16602422,0.9910
1622645213962000,1,541.00000000,0.9910
1622645214307000,1,550.00000000,0.9910
1622645214512000,1,238.00002018,0.9910
1622645219521000,1,382.96660296,0.9910
1622645219555000,1,1240.44041372,0.9910
1622645229164000,1,5782.00000000,0.9910
1622645236233000,1,382.96660296,0.9910
1622645236233000,1,733.22674689,0.9910
1622645236290000,1,1241.06602422,0.9910
1622645243356000,1,5782.00000000,0.9910
1622645244316000,1,382.96660296,0.9910
1622645244364000,1,1418.09945091,0.9910
1622645244367000,1,677.07710394,0.9910
1622645246818000,1,110.89880220,0.9910
1622645246878000,1,581.07100000,0.9910
1622645246886000,1,2372.92240806,0.9910
1622645247057000,1,2806.10118063,0.9910
1622645247292000,1,5782.00000000,0.9910
1622645260643000,1,153.65831484,0.9910
1622645263240000,1,381.74890296,0.9910
1622645263324000,1,1240.50141271,0.9910
1622645263411000,1,799.84160000,0.9910
1622645271363000,1,5782.00000000,0.9910
1622645273339000,1,381.74890296,0.9910
1622645273421000,1,605.44904137,0.9910
1622645276824000,1,494.90806257,0.9910
1622645276960000,1,381.74890296,0.9910
1622645277000000,1,2262.22500000,0.9910
1622645277046000,1,273.02609704,0.9910
1622645277589000,1,87.11611366,0.9910
1622645277630000,1,654.03300100,0.9910
1622645277907000,1,1881.21807874,0.9910
1622645279475000,1,5782.00000000,0.9910
1622645281041000,1,383.21107560,0.9910
1622645281194000,1,723.17499495,0.9910
1622645285397000,1,383.21107560,0.9910
1622645285460000,1,581.07100000,0.9910
1622645289131000,1,383.21107560,0.9910
1622645289227000,1,857.48194752,0.9910
1622645291668000,1,5782.00000000,0.9910
1622645291985000,1,383.21107560,0.9910
1622645292603000,1,2464.64693000,0.9910
1622645298680000,1,383.21107560,0.9910
1622645299059000,1,217.34016146,0.9910
1622645299681000,1,2048.00000000,0.9910
1622645317351000,1,382.60047816,0.9910
1622645317439000,1,257.23331987,0.9910
1622645330986000,1,1241.12704340,0.9910
1622645344043000,1,382.60047816,0.9910
1622645344051000,1,2533.78890011,0.9910
1622645344183000,1,1390.69584800,0.9910
1622645344248000,1,549.99998000,0.9910
1622645344265000,1,976.82645813,0.9910
1622645344382000,1,292.62119000,0.9910
1622645344587000,1,1091.42607935,0.9910
1622645346252000,1,862.99997982,0.9910
1622645346946000,1,259.69556003,0.9910
1622645377136000,1,382.60047816,0.9910
1622645377402000,1,1117.63899100,0.9910
1622645377405000,1,538.99997983,0.9910
1622645377407000,1,538.99998000,0.9910
1622645379561000,1,552.99998000,0.9910
1622645383691000,1,310.03916229,0.9910
1622645383815000,1,272.96081700,0.9910
1622645410670000,1,383.45586072,0.9910
1622645411008000,1,126.83625500,0.9910
1622645412490000,1,200.28200000,0.9910
1622645434820000,1,39.99999999,0.9910
1622645460536000,1,40.00000000,0.9910
1622645460536000,1,367.10737306,0.9910
1622645483221000,1,378.38440000,0.9910
1622645495399000,1,39.99999999,0.9910
1622645495978000,1,80.01590551,0.9910
1622645553911000,1,290.00000000,0.9910
1622645557233000,1,384.19209600,0.9910
1622645571002000,1,239.90664138,0.9910
1622645613867000,1,342.21604301,0.9910
1622645614150000,1,40.08395699,0.9910
1622645614805000,1,200.00000000,0.9910
1622645649274000,1,40.00000000,0.9910
1622645649274000,1,171.50000000,0.9910
1622645684191000,1,211.87000000,0.9910
1622645711752000,1,387.16552728,0.9910
1622645711910000,1,8493.74708626,0.9910
1622645711940000,1,153.20290782,0.9910
1622645712010000,1,809.46144000,0.9910
1622645712030000,1,538.99995956,0.9910
1622645712033000,1,582.99997982,0.9910
1622645712118000,1,387.16552728,0.9910
1622645712374000,1,8495.65190991,0.9910
1622645712886000,1,8499.24523383,0.9910
1622645714054000,1,2743.70956538,0.9910
1622645714124000,1,387.16552728,0.9910
1622645717955000,1,466.41349143,0.9910
1622645718214000,1,555.00000000,0.9910
1622645718480000,1,1109.76337100,0.9910
1622645718672000,1,4525.62060479,0.9910
1622645718685000,1,1109.76337100,0.9910
1622645718761000,1,119.03582017,0.9910
1622645718784000,1,213.96420000,0.9910
1622645718884000,1,554.99997900,0.9910
1622645718955000,1,380.00002018,0.9910
1622645719090000,1,261.22649865,0.9910
1622645719093000,1,27.43709565,0.9910
1622645720368000,1,297.25136954,0.9910
1622645720370000,1,424.64481362,0.9910
1622645720371000,1,849.28962724,0.9910
1622645720372000,1,84.92896273,0.9910
1622645720372000,1,212.32240681,0.9910
1622645720557000,1,133.35156487,0.9910
1622645720749000,1,42.44305356,0.9910
1622645720797000,1,806.82514589,0.9910
1622645721558000,1,849.28962724,0.9910
1622645721559000,1,84.84628100,0.9910
1622645721560000,1,424.64481362,0.9910
1622645721562000,1,212.32240681,0.9910
1622645721563000,1,297.25136954,0.9910
1622645722898000,1,42.43136535,0.9910
1622645723101000,1,127.31514154,0.9910
1622645723418000,1,214.13443395,0.9910
1622645724599000,1,84.84628100,0.9910
1622645725692000,1,127.25261002,0.9910
1622645725968000,1,345.25916000,0.9910
1622645726566000,1,98.89430877,0.9910
1622645726760000,1,156.00000000,0.9910
1622645727091000,1,863.00002148,0.9910
1622645727100000,1,1109.76337100,0.9910
1622645727301000,1,560.00000000,0.9910
1622645727301000,1,410.99997900,0.9910
1622645727637000,1,155.90749800,0.9910
1622645727760000,1,5491.97211650,0.9910
1622645734146000,1,133.35154390,0.9910
1622645755150000,1,40.68647998,0.9910
1622645760902000,1,106.60634660,0.9910
1622645790062000,1,171.15000000,0.9910
1622645812278000,1,22.57040797,0.9910
1622645812278000,1,363.22660355,0.9910
1622645813363000,1,200.00000000,0.9910
1622645825044000,1,211.50000000,0.9910
1622645844115000,1,205.72068068,0.9910
1622645853432000,1,27.00000000,0.9910
1622645938209000,1,25.00000000,0.9910
1622645946528000,1,383.21107560,0.9910
1622645946623000,1,206.91056509,0.9910
1622645946695000,1,206.79958627,0.9910
1622645947052000,1,977.21044000,0.9910
1622645951301000,1,25.00000000,0.9910
1622645959721000,1,25.00000000,0.9910
1622645964057000,1,207.52915784,0.9910
1622645966088000,1,1041.92459829,0.9910
1622645976779000,1,384.43813656,0.9910
1622645979226000,1,25.00000000,0.9910
1622645994349000,1,25.00000000,0.9910
1622646006162000,1,25.00000000,0.9910
1622646023558000,1,384.68449224,0.9910
1622646023642000,1,102.36404642,0.9910
1622646027962000,1,571.00000000,0.9910
1622646029432000,1,372.26518044,0.9910
1622646045274000,1,25.00000000,0.9910
1622646058209000,1,382.84448352,0.9910
1622646058397000,1,562.00000000,0.9910
1622646058570000,1,561.99997982,0.9910
1622646058965000,1,382.84448352,0.9910
1622646059266000,1,626.08661270,0.9910
1622646060939000,1,227.00000000,0.9910
1622646084184000,1,207.45854978,0.9910
1622646128027000,1,25.00000000,0.9910
1622646155746000,1,50.00000000,0.9910
1622646165127000,1,3782.86637096,0.9910
1622646170953000,1,382.35678360,0.9910
1622646171117000,1,102.36402624,0.9910
1622646171261000,1,934.58712006,0.9910
1622646176324000,1,50.00000000,0.9910
1622646193478000,1,100.00000000,0.9910
1622646203660000,1,22.57040797,0.9910
1622646204222000,1,207.12853568,0.9910
1622646272075000,1,379.09703184,0.9910
1622646288788000,1,381.14295240,0.9910
1622646307549000,1,379.93680384,0.9910
1622646310327000,1,200.00000000,0.9910
1622646324442000,1,207.59809009,0.9910
1622646329656000,1,201.54405651,0.9910
1622646411674000,1,380.65957512,0.9910
1622646442336000,1,381.62755896,0.9910
1622646444409000,1,208.15466724,0.9910
1622646450937000,1,381.62755896,0.9910
1622646457408000,1,381.02199312,0.9910
1622646489878000,1,382.84448352,0.9910
1622646489957000,1,422.84446015,0.9910
1622646499371000,1,382.84448352,0.9910
1622646499425000,1,422.84446015,0.9910
1622646499507000,1,582.99997982,0.9910
1622646499551000,1,582.99997982,0.9910
1622646499631000,1,39.00000000,0.9910
1622646499869000,1,544.00000000,0.9910
1622646501896000,1,334.39658745,0.9910
1622646501903000,1,581.00000000,0.9910
1622646502124000,1,205.60341255,0.9910
1622646502354000,1,863.00000000,0.9910
1622646502405000,1,793.35014418,0.9910
1622646502521000,1,40.00000000,0.9811
1622646502521000,1,753.35014418,0.9811
1622646539591000,0,293.73019191,0.9900
1622646625422000,1,100.00000000,0.9811
1622646625422000,1,40.00000000,0.9764
1622646625422000,1,2210.64800000,0.9764
1622646625422000,1,1772.00000000,0.9764
1622646625422000,1,4287.46514960,0.9763
1622646626049000,1,309.13970304,0.9758
1622646626049000,1,591.79972051,0.9753
1622646626049000,1,908.98919838,0.9743
1622646626049000,1,841.03954242,0.9735
1622646626049000,1,688.57978211,0.9733
1622646626083000,1,261.78824170,0.9733
1622646626491000,1,5782.00000000,0.9766
1622646626491000,1,1772.00000000,0.9766
1622646626687000,1,42.00000000,0.9758
1622646652562000,0,84.09233043,0.9776
1622646652562000,0,210.23082608,0.9777
1622646652562000,0,294.32315651,0.9780
1622646652658000,1,1091.36360862,0.9780
1622646652660000,1,4101.99007836,0.9780
1622646688794000,1,27.04468531,0.9763
1622646787466000,1,5782.00000000,0.9849
1622646801863000,0,700.66992000,0.9862
1622646813613000,0,209.79666507,0.9836
1622646814993000,0,83.34814089,0.9858
1622646814993000,0,40.00000000,0.9860
1622646814993000,0,292.00106902,0.9860
1622646814993000,0,208.36344636,0.9863
1622646815109000,1,83.34814089,0.9863
1622646993695000,1,83.93119054,0.9786
1622646993718000,1,209.80232748,0.9786
1622647164856000,1,209.97816227,0.9758
1622647256347000,1,265.15199393,0.9719
1622647277768000,1,288.44141245,0.9730
1622647301056000,0,96.96207777,0.9749
1622647405022000,1,210.59370577,0.9720
1622647446139000,1,100.00000000,0.9711
1622647446139000,1,100.00000000,0.9711
1622647446139000,1,99.99998971,0.9711
1622647446859000,1,0.00001029,0.9711
1622647450974000,1,84.64728515,0.9720
1622647462718000,1,15.35271485,0.9720
1622647525140000,1,210.59370577,0.9696
1622647525644000,1,261.78824171,0.9684
1622647557237000,1,5782.00000000,0.9664
1622647568558000,1,1772.00000000,0.9657
1622647621971000,0,25.88742078,0.9667
1622647645237000,1,211.72983273,0.9657
1622647701342000,1,981.97551541,0.9643
1622647703540000,1,306.25834645,0.9642
1622647704354000,1,1772.00000000,0.9635
1622647704883000,1,633.56606879,0.9631
1622647765496000,1,212.02072714,0.9628
1622647802398000,1,5782.00000000,0.9619
1622647802873000,1,1772.00000000,0.9612
1622647802873000,1,100.00000000,0.9611
1622647835493000,1,21.44840360,0.9556
1622647835493000,1,78.55159640,0.9556
1622647835829000,1,1173.39811393,0.9540
1622647867394000,1,1613.22275023,0.9540
1622647910974000,1,56.70355365,0.9570
1622647914520000,1,244.23044969,0.9570
1622648009049000,1,125.12184100,0.9569
1622648044427000,0,26.12466691,0.9610
1622648082523000,0,216.95430943,0.9610
1622648101676000,1,605.73754484,0.9591
1622648119900000,1,8538.44176614,0.9610
1622648120450000,1,8538.66646462,0.9610
1622648120974000,1,8539.04456769,0.9610
1622648125634000,1,100.00000000,0.9620
1622648131501000,1,8539.22651922,0.9610
1622648132620000,1,3270.40634072,0.9610
1622648140394000,1,85.43038423,0.9610
1622648142596000,1,85.41177578,0.9610
1622648144067000,1,200.00000000,0.9611
1622648144067000,1,2831.86887450,0.9610
1622648144592000,1,85.41177578,0.9610
1622648146603000,1,85.41177578,0.9610
1622648148595000,1,85.41177578,0.9610
1622648150598000,1,85.41177578,0.9610
1622648152619000,1,85.41177578,0.9610
1622648154604000,1,85.41177578,0.9610
1622648156594000,1,85.41177578,0.9610
1622648162766000,1,71.85457610,0.9610
1622648196276000,0,25.00000000,0.9632
1622648215975000,0,25.00000000,0.9632
1622648261472000,1,100.00000000,0.9611
1622648261472000,1,1731.24880019,0.9610
1622648268483000,0,25.00000000,0.9628
1622648298714000,1,1106.07427532,0.9610
1622648346894000,1,242.62920000,0.9610
1622648365760000,1,213.26145000,0.9610
1622648485899000,1,27.00000000,0.9611
1622648485899000,1,186.26145000,0.9610
1622648504258000,1,571.98769909,0.9610
1622648504927000,1,180.51516862,0.9610
1622648509372000,1,85.48115325,0.9610
1622648509378000,1,345.48057025,0.9610
1622648509531000,1,559.99997919,0.9610
1622648509661000,1,560.00000000,0.9610
1622648511053000,1,85.54726342,0.9610
1622648511194000,1,304.25802890,0.9610
1622648511294000,1,255.74197110,0.9610
1622648511317000,1,578.99997919,0.9610
1622648511345000,1,1083.11568159,0.9610
1622648511566000,1,544.00000000,0.9610
1622648511789000,1,557.00000000,0.9610
1622648512377000,1,289.16210000,0.9610
1622648512528000,1,574.00000000,0.9610
1622648513446000,1,85.55915847,0.9610
1622648513664000,1,270.00000000,0.9610
1622648513847000,1,283.83790000,0.9610
1622648514470000,1,112.91940000,0.9610
1622648514689000,1,85.55915847,0.9610
1622648516755000,1,85.55915847,0.9610
1622648518965000,1,85.51390275,0.9610
1622648524517000,1,171.06928200,0.9610
1622648525296000,1,163.95418203,0.9610
1622648526748000,1,85.53907678,0.9610
1622648528746000,1,85.53907678,0.9610
1622648530800000,1,85.53900000,0.9610
1622648531087000,1,99.02832595,0.9610
1622648531428000,1,213.87890000,0.9610
1622648532718000,1,85.53907678,0.9610
1622648533002000,1,213.87889948,0.9610
1622648534587000,1,85.53907678,0.9610
1622648534808000,1,213.87889896,0.9610
1622648535772000,1,171.07814800,0.9610
1622648535778000,1,85.53900000,0.9610
1622648536224000,1,213.87889844,0.9610
1622648536825000,1,59.81310887,0.9610
1622648537808000,1,85.53907678,0.9610
1622648539687000,1,85.62702038,0.9610
1622648539698000,1,214.03379800,0.9610
1622648539763000,1,214.03380330,0.9610
1622648539907000,1,513.68112200,0.9610
1622648539976000,1,299.64730000,0.9610
1622648540928000,1,85.62702038,0.9610
1622648540946000,1,547.00000000,0.9610
1622648541066000,1,546.99999500,0.9610
1622648541104000,1,299.64732462,0.9610
1622648541190000,1,214.14834140,0.9610
1622648542304000,1,80.46326725,0.9610
1622648542539000,1,299.64732462,0.9610
1622648542765000,1,428.30999311,0.9610
1622648543718000,1,85.65283204,0.9610
1622648543921000,1,214.13982002,0.9610
1622648544142000,1,299.64732462,0.9610
1622648544321000,1,717.76207000,0.9610
1622648544480000,1,428.30999311,0.9610
1622648545710000,1,85.65283204,0.9610
1622648545758000,1,36.12711776,0.9610
1622648545873000,1,214.13982002,0.9610
1622648546089000,1,299.64732462,0.9610
1622648546277000,1,320.22147857,0.9610
1622648551201000,1,21.82077913,0.9610
1622648559426000,1,717.76206500,0.9610
1622648561297000,1,24.93337902,0.9610
1622648562666000,1,717.76200000,0.9610
1622648568242000,1,717.76207000,0.9610
1622648568510000,1,175.88365000,0.9610
1622648605937000,1,213.28146328,0.9610
1622648640861000,1,146.33255940,0.9610
1622648662329000,1,222.02855230,0.9610
1622648673666000,1,716.09466000,0.9610
1622648676987000,1,307.48554659,0.9610
1622648679631000,1,5023.09527576,0.9610
1622648691656000,1,5782.00000000,0.9610
1622648726177000,1,213.46904271,0.9610
1622648846305000,1,213.40342352,0.9610
1622648882246000,1,8584.87752054,0.9610
1622648882865000,1,8585.11609487,0.9610
1622648883153000,1,391.45754808,0.9610
1622648883220000,1,307.48554100,0.9610
1622648883334000,1,4147.85350679,0.9610
1622648883451000,1,8585.13480516,0.9610
1622648884040000,1,8584.11724097,0.9610
1622648884632000,1,8584.19981252,0.9610
1622648885161000,1,8584.17034068,0.9610
1622648886407000,1,295.17166385,0.9610
1622648890382000,1,85.82744166,0.9610
1622648890386000,1,214.56860415,0.9610
1622648890388000,1,858.27441659,0.9610
1622648890390000,1,429.13720830,0.9610
1622648890391000,1,300.39604581,0.9610
1622648890699000,1,42.89206728,0.9610
1622648890954000,1,128.69804971,0.9610
1622648891611000,1,214.56860415,0.9610
1622648891613000,1,85.82744166,0.9610
1622648892880000,1,42.89813655,0.9610
1622648893087000,1,128.71530425,0.9610
1622648893319000,1,214.55532319,0.9610
1622648893554000,1,214.49061906,0.9610
1622648895096000,1,200.36712000,0.9610
1622648896233000,1,1038.76064565,0.9610
1622648899417000,1,544.00000000,0.9610
1622648899708000,1,539.00000000,0.9610
1622648899834000,1,559.99997919,0.9610
1622648899842000,1,560.00000000,0.9610
1622648900369000,1,549.00000000,0.9610
1622648901787000,1,721.39330000,0.9610
1622648966217000,1,213.41800209,0.9610
1622649380428000,1,39.99999999,0.9544
1622649431305000,1,722.38525000,0.9522
1622649431305000,1,100.00000000,0.9511
1622649431305000,1,100.00000000,0.9511
1622649431305000,1,31.53196640,0.9507
1622649431620000,1,723.37285000,0.9509
1622649431620000,1,8.46803360,0.9507
1622649431620000,1,1768.15911640,0.9507
1622649479895000,1,364.15770144,0.9505
1622649574245000,0,40.00000000,0.9521
1622649580213000,0,297.55213847,0.9550
1622649580213000,0,604.94138395,0.9555
1622649580213000,0,192.45885859,0.9565
1622649632022000,0,320.18469418,0.9590
1622649632022000,0,44.05337182,0.9595
1622649788231000,0,222.81932556,0.9522
1622649823860000,1,25.00000000,0.9468
1622649823860000,1,1694.00000000,0.9468
1622649823860000,1,302.26490745,0.9468
1622649824160000,0,25.00000000,0.9482
1622649856559000,1,318.49619756,0.9457
1622649859996000,1,599.44334142,0.9448
1622649931356000,1,1694.00000000,0.9438
1622649931880000,1,305.96247304,0.9436
1622649935161000,1,25.00000000,0.9424
1622650341524000,0,216.60398170,0.9460
1622650408999000,1,1694.00000000,0.9458
1622650408999000,1,312.47117065,0.9458
1622650615724000,0,325.13061045,0.9480
1622650615724000,0,40.00000000,0.9485
1622650615724000,0,134.49117135,0.9485
1622650657391000,1,313.61297198,0.9458
1622650828541000,1,316.54178802,0.9426
1622650984112000,1,600.00393340,0.9438
1622650984638000,1,324.40491467,0.9431
1622651006132000,1,93.26221163,0.9411
1622651006132000,1,0.00000001,0.9411
1622651247627000,1,217.80037625,0.9409
1622651260701000,0,316.57771603,0.9429
1622651344198000,0,609.50646193,0.9439
1622651409064000,0,217.56534378,0.9465
1622651409291000,1,50.00784924,0.9465
1622651487804000,1,216.99127069,0.9428
1622651552323000,1,321.39611836,0.9426
1622651656362000,0,214.50940619,0.9446
1622651744494000,1,1694.00000000,0.9401
1622651753570000,0,145.73537859,0.9397
1622651753936000,0,222.32623450,0.9397
1622651812746000,1,25.00000000,0.9372
1622651812746000,1,368.49741182,0.9367
1622651830300000,0,328.90950275,0.9392
1622651847974000,1,218.19195944,0.9387
1622652053108000,1,100.00000000,0.9390
1622652054311000,1,154.60311737,0.9376
1622652267529000,0,217.19486444,0.9433
1622652375553000,1,889.57544828,0.9428
1622652741745000,0,40.00000000,0.9396
1622652866053000,0,436.87276398,0.9385
1622652866053000,0,463.12723602,0.9389
1622652975953000,1,1694.00000000,0.9367
1622653033140000,0,2319.30573951,0.9367
1622653287706000,1,24.94917477,0.9402
1622653459861000,0,434.90360868,0.9427
1622653459951000,1,434.90360868,0.9427
1622653460048000,1,1844.76793910,0.9427
1622653460165000,1,870.38610000,0.9401
1622653610261000,1,100.00000000,0.9400
1622653662020000,0,100.00000000,0.9404
1622653742715000,0,2714.57515646,0.9400
1622653804785000,1,328.95888623,0.9394
1622654047609000,0,104.85639464,0.9387
1622654193260000,1,51.59523810,0.9375
1622654392686000,0,304.74461999,0.9413
1622654392686000,0,649.25442475,0.9413
1622654510648000,1,322.96728229,0.9378
1622654810523000,1,1059.08722343,0.9360
1622654862477000,1,1694.00000000,0.9353
1622655169074000,0,93.26221163,0.9478
1622655169074000,0,0.00000001,0.9478
1622655236275000,0,64.74395463,0.9487
1622655335353000,0,346.44377768,0.9468
1622655335353000,0,299.61534664,0.9470
1622655335353000,0,412.28866810,0.9483
1622655335353000,0,55.61071441,0.9484
1622655487870000,0,346.26488390,0.9476
1622655487870000,0,103.07216703,0.9480
1622655487870000,0,865.63466764,0.9481
1622655487870000,0,1547.19241553,0.9485
1622655600381000,1,326.42244084,0.9469
1622655626139000,0,260.09993796,0.9460
1622655626139000,0,650.24984488,0.9463
1622655626139000,0,308.89522290,0.9467
1622655626202000,1,867.03704519,0.9472
1622655626276000,1,1872.51185525,0.9472
1622655751673000,1,320.96931024,0.9437
1622656004190000,0,86.84681301,0.9443
1622656004256000,1,831.62275736,0.9443
1622656109736000,0,86.84761650,0.9441
1622656109823000,1,86.84761650,0.9441
1622656111107000,1,1854.17228243,0.9441
1622656641144000,1,313.00898420,0.9471
1622657077628000,0,104.00059127,0.9517
1622657172761000,0,912.98188771,0.9554
1622657227357000,1,792.23179913,0.9554
1622657398705000,1,27.00000000,0.9549
1622657565604000,0,303.41897107,0.9551
1622657565604000,0,608.02372914,0.9556
1622657565604000,0,40.00000000,0.9563
1622657565604000,0,275.39449638,0.9563
1622657565604000,0,1923.44294285,0.9583
1622657565604000,0,958.64052842,0.9583
1622657565604000,0,1661.04272558,0.9622
1622657695896000,0,145.73537859,0.9627
1622657713071000,1,321.02303164,0.9604
1622657859516000,0,85.24049512,0.9637
1622657859516000,0,222.32623450,0.9637
1622657859516000,0,210.36399743,0.9643
1622657936013000,1,320.26443797,0.9589
1622657936702000,1,625.34948091,0.9584
1622658099861000,0,309.21650107,0.9616
1622658099861000,0,218.70233999,0.9616
1622658420899000,0,44.04775523,0.9664
1622658432583000,1,850.54447403,0.9629
1622658432712000,0,67.92509634,0.9629
1622658451735000,1,1694.00000000,0.9629
1622658696427000,1,293.42015121,0.9601
1622658696487000,1,618.78426350,0.9596
1622658696487000,1,934.90111104,0.9586
1622658696487000,1,2988.55617945,0.9574
1622658696487000,1,40.00000000,0.9569
1622658696487000,1,3389.85809170,0.9569
1622658784119000,1,283.64489835,0.9544
1622659044495000,0,295.89292421,0.9560
1622659713434000,0,100.00000000,0.9599
1622659713931000,0,301.07749337,0.9607
1622659849012000,0,851.57471625,0.9635
1622659849012000,0,2129.12119250,0.9638
1622659852440000,0,286.79838315,0.9639
1622659852618000,0,564.28283088,0.9639
1622659852618000,0,29.36952055,0.9643
1622659853408000,0,239.20054347,0.9639
1622659904202000,0,25.00000000,0.9688
1622659904716000,0,100.00000000,0.9695
1622659905231000,0,1000.00000000,0.9700
1622659905231000,0,1000.00000000,0.9700
1622660031949000,0,287.40316291,0.9668
1622660147380000,1,40.00000000,0.9621
1622660148437000,1,40.00000000,0.9612
1622660148683000,1,530.86327577,0.9602
1622660148691000,1,9.13672423,0.9602
1622660355443000,1,164.13636668,0.9590
1622660554181000,1,1694.00000000,0.9587
1622660598352000,0,26.07752326,0.9573
1622660756511000,1,100.00000000,0.9556
1622660928563000,1,50.00000000,0.9500
1622661175965000,0,2000.00000000,0.9480
1622661547488000,0,866.34846628,0.9467
1622661547488000,0,2165.87116570,0.9471
1622661547488000,0,412.28866810,0.9477
1622661547488000,0,5359.35953748,0.9477
1622661547488000,0,3031.36966414,0.9477
1622661547614000,1,632.90471619,0.9480
1622661547615000,1,866.34846628,0.9480
1622661547660000,1,3032.81583529,0.9480
1622661547671000,1,1632.69348054,0.9480
1622661596860000,1,26.07752326,0.9506
1622661599426000,0,2000.00000000,0.9519
1622661620781000,0,859.88445100,0.9541
1622661620891000,1,730.84788520,0.9541
1622661706661000,0,117.73665487,0.9530
1622661756836000,1,40.00000000,0.9502
1622661757394000,1,40.00000000,0.9493
1622661757394000,1,642.68595977,0.9492
1622661792533000,0,40.00000000,0.9511
1622661842047000,1,40.00000000,0.9487
1622661842047000,1,625.65628701,0.9487
1622661842047000,1,317.27027734,0.9487
1622661842047000,1,863.00228322,0.9485
1622662371148000,0,297.24044187,0.9431
1622662563404000,0,100.00000000,0.9457
1622662563611000,0,511.46360584,0.9457
1622663070625000,1,600.79416746,0.9428
1622663070625000,1,119.48077090,0.9425
1622663285265000,0,100.00000000,0.9441
1622663451125000,1,219.75028239,0.9419
1622663477201000,1,326.45536577,0.9418
1622663479743000,1,1235.96188423,0.9405
1622663479899000,1,458.03811577,0.9405
1622663479899000,1,606.18873692,0.9405
1622663479899000,1,870.26751594,0.9404
1622663479899000,1,100.00000000,0.9403
1622663479899000,1,40.00000000,0.9400
1622663479899000,1,2175.69483876,0.9399
1622663479899000,1,1519.77418605,0.9398
1622663482653000,1,411.10275000,0.9404
1622663487236000,1,413.52911380,0.9404
1622663496648000,0,870.43570256,0.9420
1622663496648000,0,311.83084334,0.9423
1622663496648000,0,2176.09493574,0.9424
1622663496648000,0,600.25122724,0.9428
1622663496648000,0,73.11693261,0.9435
1622663505417000,0,127.18600954,0.9420
1622663506082000,0,172.76099629,0.9420
1622663567823000,1,356.94413514,0.9388
1622663713810000,0,315.27568073,0.9428
1622663971801000,1,590.83760398,0.9423
1622664122199000,1,104.00059127,0.9376
1622664174061000,0,305.86553731,0.9400
1622664174061000,0,597.42375121,0.9405
1622664174061000,0,872.05080613,0.9407
1622664174061000,0,2180.12701532,0.9412
1622664174061000,0,451.32498094,0.9412
1622664565745000,1,548.87271500,0.9376
1622664579339000,1,300.38994913,0.9367
1622664622245000,1,654.06161692,0.9350
1622664636471000,1,279.74046620,0.9326
1622664636665000,1,71.53787351,0.9326
1622664636763000,1,131.98163753,0.9326
1622664640988000,1,66.27964497,0.9326
1622664647572000,1,25.00000000,0.9300
1622664647572000,1,300.00000000,0.9300
1622664652024000,0,193.07336241,0.9276
1622664652054000,0,549.99998239,0.9276
1622664652761000,0,193.59737448,0.9276
1622664742245000,1,878.79491963,0.9315
1622664776241000,1,879.19975221,0.9310
1622664776241000,1,108.60401553,0.9310
1622664851857000,1,700.17791209,0.9322
1622664961415000,1,325.65034489,0.9331
1622664968697000,1,139.58456429,0.9314
1622665002911000,1,39.99999999,0.9288
1622665003071000,1,0.00000001,0.9288
1622665003183000,1,69.72366370,0.9286
1622665321432000,1,44.00000000,0.9271
1622665361658000,1,33.00000000,0.9271
1622665368142000,1,741.88381000,0.9272
1622665368142000,1,258.11619000,0.9272
1622665484072000,0,318.41048944,0.9292
1622665670054000,0,314.55579354,0.9324
1622665710669000,0,53.38368583,0.9343
1622665780794000,1,617.63400774,0.9322
1622666014747000,1,200.44350106,0.9316
1622667107125000,0,312.64151603,0.9375
1622667689727000,1,167.01326039,0.9335
1622667837603000,0,714.96692946,0.9348
1622667986770000,0,878.71668274,0.9348
1622668033580000,0,121.28331726,0.9348
1622668039039000,0,325.06180352,0.9350
1622668162441000,0,320.29524693,0.9370
1622668177195000,0,556.04954648,0.9393
1622669638757000,0,362.66524520,0.9380
1622669651564000,0,101.52860341,0.9380
1622669654708000,1,1573.74302272,0.9370
1622669659136000,1,59.67213133,0.9355
1622669749901000,1,877.87732775,0.9323
1622669750002000,0,877.87732775,0.9323
1622669750084000,0,1994.24534450,0.9323
1622669846155000,1,100.00000000,0.9307
1622669918006000,0,328.25501974,0.9340
1622669951466000,1,875.95961155,0.9343
1622669951466000,1,992.34725293,0.9342
1622671855161000,1,50.00000000,0.9340
1622671856980000,1,303.05261091,0.9337
1622672426904000,0,36.92141281,0.9304
1622672783333000,1,1069.83421421,0.9271
1622672784374000,1,149.96278437,0.9270
1622672799459000,1,100.21000000,0.9256
1622672800037000,1,200.00000000,0.9255
1622673030636000,0,503.00000000,0.9298
1622673060016000,1,738.57322000,0.9313
1622673060016000,1,873.27528141,0.9313
1622673541952000,1,884.11474758,0.9254
1622673541952000,1,40.00000000,0.9250
1622673541952000,1,1694.00000000,0.9250
1622673541952000,1,1000.00000000,0.9250
1622673541952000,1,788.67734333,0.9249
1622673622560000,1,2860.00000000,0.9230
1622673627061000,1,637.46830053,0.9204
1622673936265000,1,450.00000000,0.9200
1622673936265000,1,217.39130000,0.9200
1622673936265000,1,1000.00000000,0.9200
1622673936360000,1,1573.74302272,0.9177
1622674209607000,1,48.38316688,0.9208
1622674504800000,1,36.28737516,0.9288
1622674658130000,0,40.00000000,0.9324
1622674675037000,0,149.96278437,0.9370
1622674933932000,1,54.43106273,0.9334
1622675024776000,1,883.61068618,0.9261
1622675024776000,1,1198.07565097,0.9260
1622675161981000,0,40.00000000,0.9322
1622675161981000,0,620.12080763,0.9328
1622675247042000,0,40.00000000,0.9388
1622675503246000,0,40.00000000,0.9403
1622675534377000,0,40.00000000,0.9435
1622675534377000,0,295.27265914,0.9440
1622676337318000,0,40.00000000,0.9513
1622677091873000,1,297.76121045,0.9486
1622677355284000,0,100.00000000,0.9540
1622677463270000,0,301.20621228,0.9556
