timestamp ms,type,amount,price
1626566776337000,0,38.47263079,0.5354
1626566892032000,1,40.00000000,0.5333
1626567915440000,0,15811.77121542,0.5353
1626569165635000,0,99.99999999,0.5430
1626569165635000,0,0.00000001,0.5430
1626569586680000,1,470.50000000,0.5427
1626569660494000,0,60.00000000,0.5440
1626569660494000,0,40.00000000,0.5440
1626570317508000,0,250.00000000,0.5441
1626572612107000,0,99.99999999,0.5490
1626572612107000,0,0.00000001,0.5490
1626572879408000,0,15468.69250250,0.5469
1626575075855000,0,42.97780103,0.5508
1626577772165000,1,40.00000000,0.5474
1626577795548000,0,40.00000000,0.5473
1626583096865000,1,1000.00000000,0.5471
1626589176026000,1,1568.23118150,0.5394
1626589176026000,1,3919.32612144,0.5393
1626589176026000,1,3045.16704608,0.5393
1626589193282000,0,96.33695985,0.5401
1626589193282000,0,3.66304015,0.5401
1626592557795000,1,38.00000000,0.5372
1626601314077000,0,38.00000000,0.5416
1626601550668000,0,1565.65274596,0.5416
1626601550668000,0,572.27599785,0.5418
1626606509583000,1,1439.04614150,0.5421
1626606509782000,0,879.65452469,0.5430
1626607183246000,0,921.14296563,0.5399
1626610254012000,1,188.66400690,0.5405
1626619109046000,0,13250.00000000,0.5318
1626619143640000,1,100.00000000,0.5300
1626619143640000,1,150.00000000,0.5300
1626619144942000,1,611.00000000,0.5300
1626619259295000,1,167.02242072,0.5253
1626619261575000,1,417.79061342,0.5251
1626619279680000,0,41.89757946,0.5248
1626619280067000,1,136.25133348,0.5231
1626619280067000,1,98.95114727,0.5229
1626619280067000,1,764.79751925,0.5228
1626619292993000,0,39.00000000,0.5221
1626619301321000,1,250.00000000,0.5201
1626619302051000,1,653.00546273,0.5201
1626619351430000,0,80.00000000,0.5228
1626619799062000,0,11250.00000000,0.5211
1626619862546000,0,15100.00000000,0.5212
1626619862546000,0,1628.58542445,0.5213
1626619862546000,0,4072.16005286,0.5215
1626619862546000,0,96.49263262,0.5216
1626619862546000,0,1918.18077104,0.5217
1626619862546000,0,3853.75721188,0.5217
1626622793732000,1,40.00000000,0.5230
1626626119445000,1,71.77649782,0.5226
1626630554949000,0,1601.30449581,0.5299
1626630554949000,0,349.86871085,0.5299
1626630555436000,0,349.86705575,0.5299
1626632916332000,0,226.35871106,0.5288
1626634434848000,1,85.00000000,0.5272
1626637895362000,1,16195.85186026,0.5240
1626637895583000,1,670.66721525,0.5240
1626637895583000,1,948.91797078,0.5240
1626637895864000,1,10079.38517634,0.5240
1626639261036000,1,40.00000000,0.5230
1626639261036000,1,105.00921502,0.5230
1626641746398000,0,1026.38206665,0.5237
1626641746399000,0,1026.38206665,0.5237
1626641747589000,0,481.22059152,0.5253
1626641748096000,0,667.93252747,0.5256
1626646969196000,0,56.22360059,0.5250
1626650728130000,1,154.21612010,0.5242
1626650728768000,1,260.95368249,0.5242
1626650728796000,1,60.06409359,0.5242
