timestamp ms,type,amount,price
1622160111641000,1,300.00000000,0.8950
1622160133684000,1,1448.12791660,0.8924
1622160134212000,1,918.81286474,0.8927
1622160134212000,1,194.84206080,0.8924
1622160287008000,0,72.83974136,0.8923
1622160295842000,0,38.10249571,0.8918
1622160404273000,0,2805.73315086,0.8933
1622160971570000,0,72.83974136,0.9102
1622160980214000,0,38.10249571,0.9131
1622162367958000,0,40.00000000,0.8985
1622162837832000,0,40.06454844,0.8978
1622163353513000,1,267.54818866,0.8855
1622163353883000,1,225.98870000,0.8850
1622163357176000,0,73.44632768,0.8850
1622163358359000,1,27.00000000,0.8840
1622163359816000,0,38.41807910,0.8844
1622163482757000,0,152.54235029,0.8850
1622163606704000,1,46.25797893,0.8820
1622163612958000,1,1294.98939321,0.8812
1622163649453000,1,100.00000000,0.8802
1622163649453000,1,100.00000000,0.8802
1622163649453000,1,100.00000000,0.8802
1622163649453000,1,1013.12500000,0.8800
1622163649703000,1,100.00000000,0.8778
1622163649703000,1,141.58365514,0.8770
1622164742123000,0,318.16906905,0.8887
1622164747314000,0,100.00000000,0.8890
1622164814771000,0,40.00000000,0.8891
1622164814771000,0,1128.45435372,0.8891
1622164814771000,0,332.88400036,0.8891
1622164814771000,0,498.66164592,0.8896
1622164913256000,0,2000.00000000,0.8905
1622165117394000,0,1124.47189773,0.8906
1622165117394000,0,40.00000000,0.8906
1622165117394000,0,74.31206553,0.8906
1622165140048000,0,306.74391969,0.8913
1622165150993000,0,76.42792232,0.8913
1622165490491000,0,100.00000000,0.8940
1622165820934000,1,348.95582627,0.8957
1622166011650000,1,336.64078119,0.8978
1622166161721000,1,346.00664305,0.8927
1622166308498000,1,318.15165316,0.8900
1622166504249000,0,320.41017602,0.8898
1622167124722000,0,635.30218747,0.8907
1622167706366000,0,80.00000000,0.9008
1622167706366000,0,1111.00128866,0.9008
1622167706366000,0,1111.02879891,0.9008
1622167711104000,0,73.44632768,0.9027
1622167780609000,0,38.41807910,0.9056
1622169647656000,0,40.06454844,0.9195
1622172722412000,0,2742.96577116,0.9123
1622173098205000,0,45.19362221,0.9220
1622173132486000,1,42.00000000,0.9212
1622173887758000,1,327.52403848,0.9088
1622173887758000,1,329.62664766,0.9087
1622173910681000,0,90.34955046,0.9098
1622173910681000,0,100.14830411,0.9102
1622175129726000,0,50.07990174,0.9119
1622175449498000,1,1812.49724536,0.9076
1622175490427000,0,35.25937679,0.9075
1622175606251000,0,53.84492487,0.9038
1622175783623000,1,117.17777777,0.9000
1622175924288000,0,28.46600000,0.8984
1622176265336000,0,7435.61864711,0.8968
1622176332761000,0,32.33647778,0.8966
1622176940339000,0,47.35515737,0.8918
1622177017127000,1,77.66171219,0.8856
1622177043325000,0,67.75373775,0.8851
1622177055172000,0,29.37554373,0.8840
1622177097474000,1,933.17302133,0.8799
1622177097474000,1,214.26303026,0.8795
1622177415928000,0,78.42414062,0.8841
1622177687286000,0,46.33099407,0.8787
1622178310973000,0,56.99099119,0.8802
1622178583911000,0,5551.17737869,0.8819
1622178745213000,0,93.28497746,0.8813
1622178745213000,0,233.21244365,0.8818
1622178745213000,0,326.57149876,0.8820
1622178745213000,0,1133.50901268,0.8832
1622178745213000,0,1799.38963431,0.8832
1622178790630000,0,93.12805226,0.8829
1622178790630000,0,20.13625526,0.8829
1622178931286000,1,123.17686373,0.8797
1622178943554000,1,683.77779896,0.8801
1622179114569000,1,100.00000000,0.8767
1622179356283000,1,37.00000000,0.8750
1622179356283000,1,90.00000000,0.8750
1622179399217000,1,27.00000000,0.8740
1622179399411000,1,42.00000000,0.8722
1622179399474000,1,280.15526577,0.8722
1622179437755000,0,331.80821284,0.8746
1622179699968000,0,45.94706560,0.8760
1622179702009000,0,98.17463670,0.8760
1622179720480000,1,100.00000000,0.8721
1622179746288000,0,27.51946429,0.8716
1622179748513000,0,66.84530381,0.8716
1622179748513000,0,235.91192025,0.8721
1622179748513000,0,386.72911900,0.8734
1622179749342000,0,63.10089259,0.8716
1622180035164000,1,144.10211086,0.8716
1622180394107000,1,100.00000000,0.8701
1622180394107000,1,15.79079160,0.8701
1622180394107000,1,84.20920840,0.8701
1622180400894000,1,380.79310344,0.8700
1622180400894000,1,29.00000000,0.8700
1622180400894000,1,200.00000000,0.8700
1622180469454000,1,200.00000000,0.8719
1622180484445000,1,54.00000000,0.8677
1622180484769000,1,57.61766132,0.8671
1622180486339000,1,42.38233868,0.8671
1622180486932000,1,120.13551978,0.8678
1622180486932000,1,100.00000000,0.8670
1622180489912000,1,500.00000000,0.8658
1622180490433000,1,100.00000000,0.8651
1622180490433000,1,88.66177101,0.8650
1622180492417000,1,489.37291109,0.8650
1622180516350000,1,1678.51391897,0.8632
1622180550341000,1,49.81704914,0.8611
1622180628469000,1,100.00000000,0.8611
1622180637727000,1,29.18604651,0.8600
1622180637727000,1,275.68604651,0.8600
1622180639174000,1,53.99999999,0.8590
1622180639540000,1,0.00000001,0.8590
1622180644951000,0,26.77532014,0.8585
1622180733777000,0,59.40870862,0.8578
1622180739419000,1,100.00000000,0.8540
1622180763456000,0,87.82201405,0.8534
1622180867225000,1,244.29417612,0.8565
1622181042897000,1,100.00000000,0.8502
1622181094802000,1,707.84147660,0.8512
1622181094810000,1,256.54290075,0.8512
1622181094810000,1,451.29857585,0.8507
1622181094810000,1,707.84147660,0.8507
1622181094815000,1,707.84147660,0.8507
1622181094823000,1,543.97941431,0.8507
1622181094823000,1,163.86206229,0.8506
1622181096589000,1,150.00000000,0.8500
1622181096589000,1,75.00000000,0.8500
1622181096589000,1,132.76979930,0.8500
1622181096589000,1,24.00000000,0.8500
1622181097073000,1,600.00000000,0.8499
1622181105902000,1,395.94082435,0.8470
1622181106184000,1,150.00000000,0.8450
1622181106184000,1,653.52048000,0.8428
1622181106902000,1,529.06934587,0.8428
1622181106902000,1,100.00000000,0.8424
1622181112665000,1,100.00000000,0.8411
1622181112665000,1,100.00000000,0.8410
1622181112665000,1,29.88095238,0.8400
1622181112665000,1,5000.00000000,0.8400
1622181112665000,1,1007.16666666,0.8400
1622181112665000,1,40.00000000,0.8363
1622181112861000,1,922.23876475,0.8329
1622181112861000,1,350.09453381,0.8325
1622181112861000,1,644.86840315,0.8325
1622181112861000,1,345.02329829,0.8320
1622181113194000,1,827.57958000,0.8333
1622181113194000,1,709.25453890,0.8320
1622181113194000,1,100.00000000,0.8311
1622181113194000,1,100.00000000,0.8302
1622181113194000,1,5949.00000000,0.8297
1622181113194000,1,402.26587923,0.8297
1622181113194000,1,40.00000000,0.8280
1622181113194000,1,2964.76856871,0.8258
1622181113194000,1,1182.38175042,0.8258
1622181113194000,1,495.92402824,0.8256
1622181113194000,1,100.00000000,0.8256
1622181113194000,1,7815.47019270,0.8230
1622181113194000,1,250.00000000,0.8230
1622181113194000,1,28545.00000000,0.8224
1622181113194000,1,19303.77860670,0.8221
1622181159141000,1,355.87665555,0.8338
1622181183842000,0,41.71751236,0.8350
1622181184175000,0,560.11275314,0.8350
1622181189353000,1,826.32728000,0.8347
1622181189643000,0,1370.30089133,0.8347
1622181213674000,1,978.99151632,0.8385
1622181252390000,0,5949.00000000,0.8393
1622181298808000,1,325.86897825,0.8399
1622181325853000,0,1063.34890021,0.8408
1622181332421000,0,23.79876308,0.8408
1622181373053000,0,53.52109326,0.8406
1622181384622000,1,820.57654000,0.8406
1622181435993000,0,83.27484267,0.8402
1622181467476000,1,100.00000000,0.8375
1622181527458000,0,5949.00000000,0.8378
1622181693761000,0,100.00000000,0.8440
1622181775250000,0,29.53023305,0.8466
1622181817630000,1,340.89608463,0.8423
1622181817875000,1,0.00001699,0.8423
1622181817875000,1,695.22682070,0.8420
1622181844415000,0,5949.00000000,0.8441
1622181844415000,0,564.97009431,0.8441
1622181871069000,1,216.54080072,0.8430
1622181871069000,1,339.09513890,0.8429
1622181871069000,1,664.54944076,0.8425
1622182008466000,1,106.49400438,0.8353
1622182032943000,1,987.01252149,0.8311
1622182032943000,1,2467.56866027,0.8306
1622182032943000,1,344.59405007,0.8304
1622182032943000,1,9857.89532034,0.8303
1622182032943000,1,3453.55247202,0.8303
1622182032943000,1,718.99005899,0.8299
1622182032943000,1,4721.97960899,0.8295
1622182047930000,0,351.63836452,0.8341
1622182049964000,0,708.47965896,0.8347
1622182074990000,1,75.47350640,0.8337
1622182111299000,0,40.00000000,0.8355
1622182111299000,0,492.27665972,0.8357
1622182111299000,0,4250.54406782,0.8364
1622182152825000,1,1500.00000000,0.8350
1622182364285000,1,987.60349050,0.8316
1622182367254000,1,987.04788763,0.8320
1622182367254000,1,3454.66760668,0.8312
1622182367254000,1,1621.45357069,0.8312
1622182370186000,1,987.41082494,0.8316
1622182370186000,1,1033.10449506,0.8312
1622182475829000,1,110.63388889,0.8292
1622182516881000,1,985.00851362,0.8320
1622182597151000,1,337.84044232,0.8350
1622182664494000,1,926.77108433,0.8300
1622182670702000,0,24.10843373,0.8291
1622182672915000,0,41.57922667,0.8291
1622182676761000,0,75.98234315,0.8291
1622182706943000,0,50.94490672,0.8235
1622182711961000,1,100.00000000,0.8211
1622182711961000,1,100.00000000,0.8211
1622182714392000,1,199.13600650,0.8211
1622182714720000,1,0.86397350,0.8211
1622182714720000,1,100.00000000,0.8200
1622182717443000,0,81.59869511,0.8200
1622182717897000,0,0.00001139,0.8200
1622182769550000,1,843.42651000,0.8182
1622182769550000,1,346.65021865,0.8176
1622182779086000,0,542.47509481,0.8201
1622182833714000,0,300.00000000,0.8217
1622182844084000,1,102.84655877,0.8206
1622182846186000,1,0.00000001,0.8206
1622182868393000,1,1001.66957609,0.8195
1622182871388000,1,1001.66957609,0.8195
1622182871388000,1,1489.12108798,0.8191
1622182875569000,1,1000.24665586,0.8205
1622182875569000,1,812.25058950,0.8201
1622182875663000,0,1740.00000000,0.8223
1622182912262000,1,998.88780636,0.8211
1622182912262000,1,3495.82489411,0.8209
1622182912262000,1,2497.69004854,0.8207
1622182912262000,1,336.07033593,0.8206
1622182914643000,1,240.00000686,0.8219
1622182916272000,1,758.66707628,0.8219
1622182916272000,1,254.94791617,0.8218
1622182919133000,1,997.26052841,0.8229
1622182919133000,1,1259.11842105,0.8227
1622182919624000,1,1015.29959600,0.8227
1622182922286000,1,997.26052841,0.8229
1622182922286000,1,218.22571372,0.8227
1622182922286000,1,35.97988632,0.8223
1622182937668000,0,95.39550398,0.8216
1622183047091000,1,264.24745516,0.8190
1622183109500000,0,352.10017076,0.8263
1622183441283000,0,151.80588278,0.8234
1622183480886000,1,1097.99998000,0.8195
1622183480886000,1,1536.35912878,0.8195
1622183495216000,0,24.41732764,0.8179
1622183500336000,0,69.68811512,0.8179
1622183505456000,1,721.78024042,0.8151
1622183505456000,1,1005.56591656,0.8150
1622183505456000,1,852.34663280,0.8145
1622183550270000,0,359.87044057,0.8196
1622183577869000,1,39.99999999,0.8198
1622183601183000,1,348.69153472,0.8185
1622183604302000,1,1002.58775056,0.8179
1622183604302000,1,2506.59992222,0.8174
1622183605745000,1,1002.58773067,0.8174
1622183618829000,1,593.00408536,0.8156
1622183688794000,1,467.51202841,0.8152
1622183690920000,1,538.74495915,0.8152
1622183713721000,1,40.00000000,0.8185
1622183713721000,1,643.34342246,0.8185
1622183726935000,1,1001.93164949,0.8183
1622183729747000,1,286.05146899,0.8183
1622183738869000,0,371.39762883,0.8210
1622183746915000,1,998.93279017,0.8206
1622183768232000,0,145.90730022,0.8224
1622183771746000,1,39.99999999,0.8192
1622183771770000,1,0.00000001,0.8192
1622183775248000,1,357.03973167,0.8175
1622183781591000,0,40.00000000,0.8210
1622183791659000,0,337.84076721,0.8231
1622183925853000,0,100.00000000,0.8290
1622183977964000,1,40.00000000,0.8303
1622183977964000,1,677.56137949,0.8301
1622184007865000,1,79.88785506,0.8305
1622184116215000,1,40.00000000,0.8273
1622184116215000,1,150.49785457,0.8273
1622184310124000,1,984.49911321,0.8324
1622184310124000,1,694.01480576,0.8320
1622184359248000,0,100.00000000,0.8340
1622184359248000,0,69.68811512,0.8342
1622184359248000,0,984.21084430,0.8346
1622184359248000,0,1242.52087708,0.8347
1622184368956000,0,983.98684339,0.8349
1622184368956000,0,689.04329511,0.8351
1622184385856000,0,329.88679926,0.8351
1622184386462000,0,656.27707517,0.8355
1622184421349000,1,117.71428086,0.8377
1622184438694000,0,24.41732764,0.8386
1622184480352000,0,102.00000000,0.8390
1622184516591000,0,977.64838966,0.8405
1622184516591000,0,296.29362529,0.8407
1622184527407000,0,977.64838966,0.8405
1622184527407000,0,296.33941680,0.8405
1622184527407000,0,0.00598224,0.8407
1622184567127000,0,50.94490672,0.8409
1622184567127000,0,136.39811553,0.8414
1622184669421000,1,151.80588278,0.8341
1622184902216000,0,152.54686521,0.8300
1622184951813000,1,509.27133851,0.8316
1622185298760000,1,350.36604178,0.8299
1622185304636000,1,728.16162295,0.8307
1622185312446000,0,251.55690206,0.8318
1622185466853000,1,102.00000000,0.8255
1622185494595000,0,49.66626691,0.8254
1622185495823000,0,24.23956100,0.8254
1622185961503000,0,301.40851806,0.8363
1622186060324000,0,231.00514325,0.8380
1622186108187000,1,689.48634306,0.8360
1622186171692000,0,49.66626691,0.8420
1622186178007000,0,24.23956100,0.8447
1622186188295000,0,26.00000000,0.8456
1622186189216000,0,49.98234315,0.8456
1622186189216000,0,971.62858147,0.8462
1622186189216000,0,1740.00000000,0.8469
1622186189216000,0,354.74339269,0.8469
1622186189216000,0,16.01958432,0.8476
1622186271246000,0,2547.93580365,0.8471
1622186359569000,0,100.00000000,0.8490
1622186359569000,0,24.10843373,0.8493
1622186359569000,0,1177.59961188,0.8495
1622186359569000,0,329.39034715,0.8495
1622186359569000,0,24.00000000,0.8500
1622186359569000,0,967.17391529,0.8500
1622186359569000,0,2942.59680440,0.8505
1622186359569000,0,967.66684357,0.8505
1622186431117000,0,128.09721959,0.8459
1622186529299000,0,152.39296194,0.8478
1622186691483000,0,35.45344962,0.8462
1622186738848000,1,39.13146998,0.8431
1622186763352000,0,118.80153016,0.8417
1622186943572000,0,982.77908303,0.8368
1622186943572000,0,1427.49472649,0.8369
1622187139375000,1,638.89187542,0.8371
1622187361314000,1,45.00000000,0.8399
1622187499840000,1,100.00000000,0.8356
1622187502315000,1,1292.07873374,0.8352
1622187503950000,1,100.00000000,0.8350
1622187504010000,1,100.00000000,0.8334
1622187578258000,0,29.95303364,0.8346
1622187580127000,0,76.67976613,0.8346
1622187584265000,0,23.97440813,0.8346
1622187654573000,1,984.12240105,0.8340
1622187654573000,1,2148.25150058,0.8336
1622187711643000,1,3724.58398369,0.8324
1622187979393000,0,40.00000000,0.8325
1622188156392000,1,1299.98554460,0.8301
1622188196226000,0,40.00000000,0.8273
1622188196226000,0,20.43732095,0.8273
1622188197254000,1,38.32684825,0.8243
1622188294870000,0,1018.41969476,0.8330
1622188504533000,0,567.74717919,0.8366
1622188916941000,1,25.00000000,0.8250
1622188955675000,0,24.25454545,0.8248
1622188968647000,0,52.13511482,0.8246
1622189234017000,0,363.31307217,0.8352
1622189386928000,0,691.00935027,0.8342
1622189967913000,0,47.23087988,0.8335
1622190009567000,1,2080.54086538,0.8320
1622190068568000,0,287.54951418,0.8306
1622190316263000,0,3028.12852095,0.8261
1622190482348000,0,59.61531478,0.8260
1622190534209000,1,997.49214379,0.8230
1622190534725000,1,502.50785621,0.8230
1622190537369000,0,74.11907655,0.8229
1622190799734000,0,100.00000000,0.8303
1622190898576000,1,100.00000000,0.8272
1622192016311000,1,100.00000000,0.8175
1622192030415000,1,2074.10342717,0.8170
1622192031207000,1,3033.33170062,0.8166
1622192057914000,1,200.00000000,0.8160
1622192119464000,1,100.00000000,0.8111
1622192119464000,1,99.99999999,0.8111
1622192119681000,1,0.00000001,0.8111
1622192131499000,0,81.36997448,0.8104
1622192132324000,0,24.66989681,0.8104
1622192137756000,0,69.10167818,0.8090
1622192186272000,1,99.99999999,0.8051
1622192187305000,1,0.00000001,0.8051
1622192201940000,1,100.00000000,0.8011
1622192202159000,1,30.00000000,0.8000
1622192202159000,1,50.00000000,0.8000
1622192202159000,1,100.00000000,0.8000
1622192202159000,1,100.00000000,0.8000
1622192202159000,1,25.00000000,0.8000
1622192202159000,1,156.51901707,0.8000
1622192202159000,1,354.57495705,0.7995
1622192202159000,1,1024.76370585,0.7993
1622192202159000,1,688.63945168,0.7991
1622192202159000,1,1056.47043521,0.7986
1622192206919000,1,2592.06427834,0.7960
1622192223991000,1,52.39296194,0.7945
1622192242598000,1,312.64023908,0.7960
1622192257583000,0,75.37499058,0.7950
1622192260344000,0,25.17012793,0.7950
1622192345318000,0,362.74222678,0.8047
1622192349842000,1,875.00000000,0.8047
1622192397621000,1,859.97663000,0.8010
1622192397621000,1,3580.19942878,0.8010
1622192397621000,1,334.71333946,0.8007
1622192397621000,1,225.11060176,0.8006
1622192414249000,1,70.86827348,0.7971
1622192414404000,1,154.76604836,0.7971
1622192468950000,0,61.47438149,0.7962
1622192475085000,1,100.00000000,0.7911
1622192475085000,1,28.09721959,0.7910
1622192584532000,0,347.66437498,0.7948
1622192690831000,1,93.36578419,0.7934
1622192704814000,0,357.78110360,0.7972
1622192728387000,0,100.00000000,0.7990
1622193027154000,1,48.03711992,0.7925
1622193083408000,1,460.53932897,0.7918
1622193087256000,1,251.55690206,0.7916
1622193281114000,1,101.16741371,0.7898
1622193288356000,0,43.65139659,0.7906
1622193394359000,1,356.25853925,0.7916
1622193394359000,1,143.74146075,0.7906
1622193407105000,0,200.00000000,0.7942
1622193694026000,0,303.78186324,0.7910
1622193827843000,1,1047.06084206,0.7825
1622193827843000,1,178.85892396,0.7823
1622193828040000,1,97.78888692,0.7825
1622193938358000,0,200.14941247,0.7891
1622193985091000,1,112.87446102,0.7831
1622194033256000,1,155.78507038,0.7846
1622194033395000,1,0.00000001,0.7846
1622194048489000,0,40.00000000,0.7832
1622194048489000,0,13.53319058,0.7832
1622194049476000,0,67.67109295,0.7832
1622194080263000,1,32.09718670,0.7820
1622194104985000,1,99.99999999,0.7800
1622194105748000,1,0.00000001,0.7800
1622194105748000,1,65.47730474,0.7784
1622194107625000,1,346.93154686,0.7779
1622194107625000,1,100.00000000,0.7778
1622194107625000,1,1053.36351309,0.7778
1622194107625000,1,100.16499999,0.7777
1622194107625000,1,0.00000001,0.7777
1622194107625000,1,600.10534994,0.7775
1622194110744000,0,741.11308494,0.7794
1622194210717000,0,2500.00000000,0.7824
1622194377842000,1,1039.40011390,0.7883
1622194377842000,1,40.00000000,0.7869
1622194377842000,1,328.68893962,0.7869
1622194543339000,1,691.00935027,0.7871
1622194696504000,1,342.15040732,0.7848
1622194696504000,1,1044.43981744,0.7845
1622194696504000,1,40.00000000,0.7844
1622194696504000,1,687.41768076,0.7844
1622194696504000,1,2611.09954360,0.7840
1622194696504000,1,615.83203344,0.7837
1622194712503000,0,704.52341858,0.7893
1622194718986000,0,337.50688991,0.7905
1622194718986000,0,218.45391713,0.7906
1622194753972000,0,154.63758271,0.7905
1622195162310000,0,32.09718670,0.7976
1622195162917000,0,32.09717415,0.7989
1622195164016000,0,35.57391880,0.7989
1622195164571000,0,100.00000000,0.7990
1622195172948000,0,40.00000000,0.8002
1622195172948000,0,13.53319058,0.8002
1622195247364000,1,200.00000000,0.8016
1622195371656000,0,600.00000000,0.8039
1622195445859000,1,726.64439561,0.8049
1622195465198000,0,305.34578326,0.8059
1622195682959000,1,40.00000000,0.8023
1622195682959000,1,135.15404690,0.8023
1622195718537000,0,1025.59957329,0.8012
1622195718537000,0,765.48536750,0.8020
1622195839950000,1,590.41837855,0.8011
1622195875747000,0,609.90307598,0.8016
1622195885561000,0,363.14012589,0.8026
1622196002609000,0,735.62746901,0.8044
1622196002615000,0,508.88646349,0.8044
1622196002615000,0,226.74100552,0.8044
1622196002617000,0,735.62746901,0.8044
1622196002696000,0,735.68783562,0.8044
1622196003920000,0,40.00000000,0.8044
1622196020480000,0,713.54980125,0.8102
1622196081136000,1,39.99999999,0.8011
1622196081251000,1,0.00000001,0.8011
1622196100482000,0,455.02843460,0.8018
1622196122962000,1,412.50942581,0.8000
1622196122982000,1,735.22489575,0.8000
1622196123274000,1,124.83068555,0.8000
1622196123553000,1,38.90627681,0.8000
1622196124040000,1,7462.09784346,0.8000
1622196167737000,0,348.03214144,0.8014
1622196220198000,1,305.34578326,0.8009
1622196399214000,0,1028.85392827,0.7993
1622196399292000,1,225.06527300,0.7993
1622196636348000,0,225.06524704,0.7993
1622196667600000,0,1024.95303788,0.8023
1622196667600000,0,975.04696212,0.8032
1622197161521000,1,100.00000000,0.8074
1622197323026000,0,27.00000000,0.8082
1622197383306000,1,304.60396039,0.8080
1622197490630000,0,312.73366510,0.8078
1622197565037000,1,27.00000000,0.8055
1622197640168000,0,304.60393565,0.8080
1622197969331000,0,344.29369647,0.8089
1622198123323000,0,918.31738937,0.8056
1622198123323000,0,1755.02739462,0.8059
1622198173828000,1,312.73366510,0.8038
1622198292331000,0,248.34231504,0.8053
1622198965935000,1,40.00000000,0.7993
1622198965935000,1,89.96685428,0.7990
1622199182285000,0,636.17575509,0.8031
1622199223645000,1,39.99999999,0.8029
1622199223688000,1,0.00000001,0.8029
1622199306928000,1,1394.43222522,0.7956
1622199313699000,0,40.00000000,0.7957
1622199515743000,1,1033.16965845,0.7950
1622199515743000,1,2210.64800000,0.7946
1622199515743000,1,527.27944492,0.7946
1622199608960000,1,150.71447726,0.7940
1622199609247000,1,449.28552274,0.7940
1622199701228000,0,326.28205128,0.7956
1622200259715000,1,100.00000000,0.7911
1622200262178000,1,100.00000000,0.7901
1622200262719000,1,27.00000000,0.7900
1622200276206000,0,56.96202532,0.7899
1622200313068000,1,555.96080704,0.7866
1622200323292000,0,8962.53510266,0.7895
1622200328867000,1,40.00000000,0.7895
1622200328867000,1,338.94090711,0.7895
1622200328867000,1,1825.86690000,0.7893
1622200328867000,1,176.69551223,0.7893
1622200392261000,1,1038.61432211,0.7903
1622200392261000,1,634.41581639,0.7899
1622200446674000,1,1036.94640231,0.7917
1622200446793000,0,216.97279306,0.7917
1622200446804000,0,0.00000590,0.7917
1622200577289000,0,100.00000000,0.7990
1622200733619000,0,56.96202154,0.8057
1622200837545000,1,40.00000000,0.7956
1622200862625000,1,8949.95843802,0.7924
1622200871567000,0,40.00000000,0.7920
1622201232645000,1,1169.74522292,0.7850
1622201261509000,0,692.45263801,0.7854
1622201271533000,0,72.57078835,0.7847
1622201550717000,1,798.20670358,0.7909
1622201581945000,0,127.22045771,0.7966
1622201592650000,1,692.45263801,0.7931
1622201701787000,1,1035.08588731,0.7935
1622201701787000,1,367.14327191,0.7931
1622201701787000,1,452.57164249,0.7929
1622201786040000,0,928.47756252,0.7976
1622201791487000,0,545.86800000,0.7980
1622201905185000,0,119.92829550,0.7921
1622201978503000,0,40.00000000,0.7876
1622201978503000,0,657.29942484,0.7876
1622201980272000,0,646.05008367,0.7864
1622202020976000,1,39.99999999,0.7897
1622202174156000,1,1049.80149728,0.7826
1622202174156000,1,340.48291011,0.7823
1622202174156000,1,1283.06037660,0.7822
1622202179721000,1,32.09718670,0.7820
1622202179721000,1,276.61406004,0.7817
1622202202142000,1,105.10683513,0.7811
1622202204117000,1,0.00000001,0.7811
1622202314669000,0,364.12261622,0.7834
1622202314698000,0,8.87852039,0.7834
1622202322722000,1,355.24409776,0.7834
1622202466668000,0,35.71244043,0.7819
1622202517564000,0,977.66800452,0.7774
1622202521374000,0,50.16980550,0.7771
1622202578128000,1,100.00000000,0.7751
1622202580827000,1,1706.50195562,0.7747
1622202582127000,1,1242.00653687,0.7741
1622202587814000,1,84.97490629,0.7711
1622202625872000,0,45.88601464,0.7743
1622202630499000,0,25.84236288,0.7743
1622202640890000,1,0.00000001,0.7711
1622202664197000,1,99.99999999,0.7700
1622202665923000,1,0.00000001,0.7700
1622202666671000,0,64.84159199,0.7704
1622202906357000,0,1327.41028577,0.7772
1622202908639000,0,4708.43969232,0.7772
1622202971593000,1,39.99999999,0.7745
1622202971626000,1,0.00000001,0.7745
1622203022261000,1,40.00000000,0.7724
1622203022296000,1,854.96600375,0.7724
1622203022297000,1,440.68049607,0.7724
1622203034104000,0,183.07857430,0.7724
1622203034104000,0,180.51994459,0.7724
1622203202895000,1,39.99999999,0.7759
1622203202930000,1,0.00000001,0.7759
1622203203490000,1,40.00000000,0.7744
1622203210541000,1,100.00000000,0.7702
1622203210541000,1,26.99999999,0.7700
1622203220546000,1,0.00000001,0.7700
1622203233151000,1,407.54066674,0.7665
1622203299227000,1,132.88736511,0.7734
1622203317903000,1,127.22045771,0.7754
1622203502681000,1,1053.93099547,0.7802
1622203502681000,1,340.50122975,0.7797
1622203503744000,1,727.78420781,0.7797
1622203591596000,0,64.84159199,0.7865
1622203739164000,0,105.10683513,0.7890
1622203739164000,0,0.00000001,0.7890
1622203739164000,0,67.32307142,0.7890
1622203744372000,0,17.65183487,0.7890
1622203744372000,0,0.00000001,0.7890
1622203745111000,0,2663.05678559,0.7899
1622203807985000,1,38.74973310,0.7882
1622203808010000,1,17.25026690,0.7882
1622203808575000,1,40.00000000,0.7877
1622203942213000,0,216.29484928,0.7925
1622203961731000,0,50.16980550,0.7928
1622204002022000,0,32.09718670,0.7976
1622204008621000,0,72.57078834,0.8012
1622204009868000,0,0.00000001,0.8012
1622204045406000,1,682.17189553,0.7995
1622204052084000,1,693.97133631,0.7987
1622204052084000,1,3.32808853,0.7986
1622204104844000,1,39.99999999,0.8030
1622204160133000,1,626.66202369,0.8004
1622204160157000,1,400.39506151,0.8004
1622204160157000,1,296.66587873,0.8003
1622204160164000,1,120.10358604,0.8003
1622204160165000,1,748.23971935,0.8003
1622204160174000,1,69.42832624,0.8003
1622204189461000,1,1080.14973167,0.8027
1622204236000000,1,704.94135721,0.7996
1622204236542000,1,348.93209106,0.7994
1622204340817000,1,100.00000000,0.7972
1622204472883000,0,115.30047665,0.8005
1622204532597000,0,40.00000000,0.8011
1622204535101000,0,372.14058872,0.8021
1622204546469000,1,449.94375696,0.8012
1622204546469000,1,150.05624304,0.8012
1622204679252000,0,0.00000378,0.8057
1622204691244000,0,25.84236288,0.8104
1622204729302000,0,75.37499058,0.8119
1622204905182000,0,61.47438149,0.8129
1622204919956000,0,25.17012793,0.8135
1622204921225000,0,100.00000000,0.8140
1622204931221000,0,100.00000000,0.8190
1622205093556000,1,39.99999999,0.8158
1622205122633000,0,40.00000000,0.8154
1622205122633000,0,1010.35005416,0.8154
1622205122633000,0,3537.14704369,0.8160
1622205122633000,0,2524.95227551,0.8161
1622205122633000,0,5053.55140605,0.8164
1622205122633000,0,3216.32697029,0.8165
1622205123721000,0,129.41955580,0.8154
1622205128062000,0,880.93049836,0.8154
1622205128062000,0,40.00000000,0.8160
1622205128062000,0,2948.18135948,0.8160
1622205131525000,0,965.54187464,0.8148
1622205169651000,0,40.00000000,0.8108
1622205170259000,0,359.05319142,0.8111
1622205446856000,0,303.80468126,0.8149
1622205446856000,0,232.82751012,0.8149
1622205474317000,0,232.83034126,0.8149
1622205486710000,0,349.16682173,0.8160
1622205866088000,0,363.59123224,0.8156
1622205866145000,0,252.48302497,0.8160
1622205866264000,1,443.45898000,0.8156
1622206088415000,0,202.39139750,0.8147
1622206335375000,0,100.00000000,0.8230
1622206445034000,0,201.38926709,0.8196
1622206445034000,0,440.52863448,0.8202
1622206445034000,0,1219.41572060,0.8207
1622206445034000,0,3047.48596902,0.8209
1622206445034000,0,654.50119138,0.8209
1622206647726000,0,845.60090000,0.8249
1622206647726000,0,154.39910000,0.8249
1622206726441000,0,69.10167818,0.8265
1622206836694000,0,81.36997448,0.8273
1622206845902000,0,24.66989681,0.8300
1622206863034000,0,198.43764219,0.8319
1622206863034000,0,1108.31328359,0.8325
1622206950261000,0,198.27559704,0.8329
1622206950261000,0,495.74077022,0.8329
1622206950261000,0,100.00000000,0.8333
1622206950261000,0,100.00000000,0.8340
1622206950261000,0,693.52926114,0.8344
1622206950261000,0,612.45437160,0.8346
1622206987506000,0,96.72401174,0.8320
1622207310735000,0,74.11907655,0.8394
1622207339286000,0,40.00000000,0.8377
1622207352077000,0,439.23865296,0.8396
1622207352077000,0,829.41371000,0.8396
1622207352077000,0,21.08952943,0.8396
1622207356222000,0,439.23865296,0.8395
1622207356222000,0,751.92343059,0.8395
1622207434273000,0,291.77247636,0.8386
1622207876423000,1,183.00000000,0.8320
1622207893357000,1,985.05252547,0.8352
1622207893357000,1,828.36291000,0.8350
1622207893357000,1,349.79743377,0.8350
1622207893357000,1,2463.25406779,0.8349
1622207893357000,1,655.60538578,0.8348
1622207893357000,1,281.24845976,0.8337
1622207921513000,0,80.00000000,0.8368
1622207966662000,0,98.50287324,0.8379
1622207966662000,0,128.17672074,0.8384
1622208093576000,0,308.98889845,0.8359
1622208093594000,0,18.87718930,0.8359
1622208116955000,1,290.04232002,0.8359
1622208378281000,1,39.99999999,0.8328
1622208378559000,1,0.00000001,0.8328
1622208523735000,1,228.89194089,0.8315
1622208605184000,0,40.00000000,0.8362
1622208605494000,0,94.56784551,0.8395
1622208778462000,1,984.24428062,0.8368
1622208778462000,1,322.50664516,0.8364
1622208834020000,0,436.36363632,0.8387
1622208834020000,0,828.67257000,0.8387
1622208834020000,0,38.62474140,0.8387
1622208834749000,0,117.60638107,0.8387
1622208957577000,0,156.51901706,0.8400
1622208957629000,0,435.57168792,0.8411
1622208976116000,0,337.24603127,0.8411
1622208976116000,0,52.13511482,0.8413
1622208976116000,0,272.49642628,0.8419
1622208998347000,0,1740.00000000,0.8434
1622208998347000,0,1186.58278580,0.8434
1622208998347000,0,1829.41265303,0.8435
1622209000545000,0,1740.00000000,0.8434
1622209000545000,0,435.57168792,0.8434
1622209000545000,0,1186.58278580,0.8435
1622209000545000,0,342.54805109,0.8435
1622209000545000,0,1801.18263809,0.8440
1622209013654000,0,435.88812216,0.8433
1622209013654000,0,1740.00000000,0.8433
1622209013654000,0,1186.58278580,0.8433
1622209013746000,1,35.42572594,0.8434
1622209037317000,0,97.93608636,0.8421
1622209037317000,0,1187.41525074,0.8424
1622209037317000,0,244.84021588,0.8424
1622209037317000,0,342.77630223,0.8429
1622209037317000,0,2967.24800945,0.8433
1622209037317000,0,1740.00000000,0.8433
1622209037317000,0,489.68043176,0.8433
1622209037317000,0,7712.30246666,0.8438
1622209037317000,0,979.36086351,0.8438
1622209037317000,0,102.00000000,0.8440
1622209037317000,0,24.25454545,0.8442
1622209037317000,0,355.92287325,0.8443
1622209037317000,0,2060.23205805,0.8447
1622209267969000,1,975.43193117,0.8437
1622209270462000,1,221.68513081,0.8432
1622209272989000,1,443.07970000,0.8432
1622209308756000,0,31.55305359,0.8456
1622209324787000,0,210.82513364,0.8459
1622209631671000,1,158.71090498,0.8409
1622209671702000,1,435.88812216,0.8397
1622209671702000,1,979.89987312,0.8397
1622209671702000,1,2449.82996492,0.8393
1622209671702000,1,1191.18363289,0.8391
1622209671702000,1,449.08356981,0.8391
1622209801081000,1,150.00000000,0.8449
1622210048314000,0,434.94019584,0.8444
1622210048314000,0,40.00000000,0.8444
1622210048314000,0,1185.27132635,0.8444
1622210048314000,0,1774.10972223,0.8472
1622210359038000,0,97.63152783,0.8438
1622210359038000,0,138.28994091,0.8442
1622210469826000,0,58.36691159,0.8409
1622210848099000,1,973.95077089,0.8443
1622210848099000,1,1426.04922911,0.8439
1622211478363000,1,355.48831287,0.8334
1622211478363000,1,986.45541245,0.8330
1622211478363000,1,2466.10947874,0.8327
1622211478363000,1,191.94679594,0.8323
1622211712689000,1,146.95056392,0.8327
1622211909884000,1,291.77247636,0.8331
1622212403735000,0,59.89171577,0.8348
1622212527635000,1,350.20252165,0.8290
1622212527795000,1,304.60396039,0.8286
1622212589526000,0,77.23498745,0.8285
1622212690174000,0,89.31373259,0.8284
1622212881801000,0,41.80388910,0.8336
1622212881802000,0,437.31778416,0.8336
1622212886713000,0,329.96741029,0.8344
1622212886713000,0,98.52455743,0.8345
1622212886713000,0,685.66960423,0.8349
1622212886713000,0,246.30343359,0.8349
1622212886713000,0,806.29714228,0.8356
1622212886714000,0,391.70810606,0.8356
1622212886714000,0,45.60967810,0.8356
1622212933523000,1,237.76120727,0.8327
1622213033092000,1,328.51704726,0.8330
1622213058801000,1,350.75255544,0.8304
1622213142072000,1,990.84963031,0.8279
1622213461624000,1,7600.00000000,0.8319
1622213462181000,1,695.37820835,0.8317
1622213565777000,0,724.94129498,0.8377
1622213566875000,1,2261.03136663,0.8377
1622213670766000,1,340.94752526,0.8355
1622213700890000,1,357.44794304,0.8331
1622213825217000,1,340.35263180,0.8347
1622213878973000,1,559.29267741,0.8297
1622214044229000,0,1740.00000000,0.8302
1622214044570000,0,724.20786542,0.8316
1622214044573000,0,724.20786542,0.8316
1622214044589000,0,724.20786542,0.8316
1622214044718000,0,724.20786542,0.8316
1622214044727000,0,4927.37946379,0.8316
1622214051102000,1,335.40120402,0.8316
1622214058368000,1,26.84570570,0.8316
1622214058368000,1,383.63484823,0.8297
1622214061502000,1,168.95695327,0.8278
1622214073449000,1,40.00000000,0.8271
1622214082959000,1,726.22367289,0.8254
1622214082964000,1,267.61189732,0.8254
1622214172937000,1,500.00000000,0.8243
1622214195509000,1,112.57962490,0.8241
1622214277635000,0,24.28191780,0.8230
1622214288169000,1,102.00000000,0.8211
1622214355105000,0,336.70558095,0.8227
1622214407791000,0,438.59649120,0.8249
1622214407791000,0,1213.26254830,0.8250
1622214407791000,0,896.21324261,0.8266
1622214411679000,0,1249.94629979,0.8249
1622214449899000,0,330.50823055,0.8271
1622214449899000,0,683.51365206,0.8275
1622214812879000,1,350.81815465,0.8248
1622214984848000,0,4119.25406841,0.8268
1622215581125000,1,27.00000000,0.8333
1622215858049000,1,361.13049070,0.8297
1622216168518000,0,41.55116307,0.8322
1622216249175000,0,345.10893629,0.8312
1622216249175000,0,1203.22202495,0.8324
1622216249175000,0,2451.66903876,0.8324
1622216567780000,0,29.94262992,0.8349
1622216586586000,0,5880.00000000,0.8351
1622216762142000,1,348.90471402,0.8350
1622216874059000,0,27.52052111,0.8321
1622216890202000,0,71.12943354,0.8321
1622216890202000,0,75.46019753,0.8324
1622217586884000,0,40.00000000,0.8298
1622217587108000,1,100.00000000,0.8286
1622217734702000,0,707.55181688,0.8240
1622217899099000,1,120.71879867,0.8262
1622218312270000,1,100.00000000,0.8174
1622218358044000,0,40.00000000,0.8172
1622218358044000,0,33.39988256,0.8172
1622218358392000,1,1760.00000000,0.8120
1622218358392000,1,1231.98500273,0.8113
1622218358392000,1,40.00000000,0.8113
1622218358392000,1,2521.67117535,0.8113
1622218358392000,1,3527.54499248,0.8112
1622218358392000,1,5036.63045594,0.8111
1622218358392000,1,3219.98490000,0.8103
1622218358392000,1,2879.16495570,0.8103
1622218359041000,1,1007.71877457,0.8128
1622218359041000,1,3775.10195297,0.8111
1622218427797000,0,83.83366415,0.8105
1622218726874000,1,2782.01460142,0.8109
1622218762664000,1,99.99999999,0.8068
1622218762898000,1,0.00000001,0.8068
1622218764733000,1,100.00000000,0.8051
1622218764835000,0,66.92859710,0.8061
1622218800710000,0,354.55053851,0.8066
1622218960550000,1,101.66002725,0.8069
1622218961121000,1,442.80442800,0.8068
1622219100867000,1,1019.48535389,0.8035
1622219100867000,1,672.80175665,0.8025
1622219100867000,1,5100.36674263,0.8018
1622219100867000,1,40.00000000,0.8014
1622219100867000,1,3113.73298262,0.8014
1622219100867000,1,1036.77421873,0.8014
1622219100867000,1,7320.80804878,0.8008
1622219109175000,0,725.01274375,0.8058
1622219174511000,1,224.45386843,0.8050
1622219396493000,0,190.92278498,0.8092
1622219404080000,0,172.88281205,0.8092
1622219444186000,1,369.16262975,0.8063
1622219444186000,1,191.03003807,0.8063
1622219766147000,0,10151.59253563,0.8070
1622219766535000,0,544.03830235,0.8070
1622219766616000,0,10151.22060927,0.8070
1622219767584000,0,581.00000000,0.8070
1622219767810000,0,581.11952912,0.8070
1622219767908000,0,10150.96313871,0.8070
1622219768084000,0,508.80477075,0.8070
1622219768148000,0,570.00000000,0.8070
1622220020684000,1,166.22751593,0.8051
1622220036592000,0,192.62225646,0.8070
1622220036592000,0,9957.21137958,0.8070
1622220037150000,0,10147.80498467,0.8070
1622220037576000,0,1014.78049847,0.8070
1622220037637000,0,10147.62884156,0.8070
1622220038507000,0,10148.09760076,0.8070
1622220256472000,0,10145.17085145,0.8070
1622220256531000,0,1014.51708515,0.8070
1622220257015000,0,10143.93467255,0.8070
1622220257743000,0,10143.75265661,0.8070
1622220257931000,0,43.12650557,0.8070
1622220258176000,0,43.12509293,0.8070
1622220258219000,0,1014.28323313,0.8070
1622220258293000,0,10142.83233129,0.8070
1622220258318000,0,462.63144981,0.8070
1622220258377000,0,43.08936802,0.8070
1622220258637000,0,422.53064436,0.8070
1622220258769000,0,10142.67765400,0.8070
1622220259946000,0,43.08936802,0.8070
1622220260059000,0,752.36597273,0.8070
1622220321641000,0,10140.35171678,0.8070
1622220322587000,0,1013.34384652,0.8070
1622220322703000,0,10133.06241935,0.8070
1622220323204000,0,10130.70325477,0.8070
1622220323722000,0,10127.82530825,0.8070
1622220323825000,0,1013.23205573,0.8070
1622220323887000,0,43.11864931,0.8070
1622220324046000,0,562.03338289,0.8070
1622220324234000,0,10129.92262431,0.8070
1622220324763000,0,10126.02876189,0.8070
1622220324797000,0,760.67205699,0.8070
1622220324807000,0,852.75866000,0.8070
1622220324926000,0,289.23783147,0.8070
1622220325079000,0,502.88136307,0.8070
1622220325246000,0,10128.28790000,0.8070
1622220325255000,0,580.09200000,0.8070
1622220325305000,0,448.27734820,0.8070
1622220325623000,0,1363.71923172,0.8070
1622220325640000,0,1309.38162329,0.8070
1622220325831000,0,10128.68693537,0.8070
1622220326441000,0,737.62897360,0.8070
1622220326461000,0,682.57564403,0.8070
1622220327694000,0,43.11221809,0.8070
1622220327789000,0,743.49441140,0.8070
1622220331775000,0,7298.18270648,0.8070
1622220770084000,1,1010.54023847,0.8096
1622220781394000,1,429.64079830,0.8102
1622220792872000,1,441.98895024,0.8105
1622220792872000,1,767.67993068,0.8105
1622220793425000,1,441.98895024,0.8105
1622220793425000,1,45.69098044,0.8105
1622220859300000,1,225.55087893,0.8078
1622220945374000,1,39.99999999,0.8010
1622220962112000,0,24.98127341,0.8009
1622221020837000,1,8780.51864675,0.7966
1622221021088000,1,129.41955580,0.7939
1622221021161000,1,3397.89663390,0.7939
1622221021250000,1,158.71090498,0.7939
1622221033872000,1,469.94882496,0.7960
1622221034301000,1,285.15117460,0.7960
1622221062204000,1,39.99999999,0.7939
1622221068093000,1,200.55200846,0.7925
1622221136093000,0,40.00000000,0.7922
1622221136093000,0,38.23047708,0.7922
1622221139675000,1,98.34387800,0.7903
1622221143360000,0,40.00000000,0.7926
1622221143360000,0,366.98116472,0.7926
1622221197298000,0,63.07954330,0.7920
1622221282997000,1,99.99999999,0.7902
1622221285353000,1,0.00000001,0.7902
1622221323846000,0,345.00312868,0.7905
1622221388840000,0,1257.41886089,0.7958
1622221388840000,0,1257.41886089,0.7958
1622221388840000,0,3144.17523388,0.7958
1622221390247000,0,99.49282705,0.7971
1622221390340000,0,720.28508775,0.7971
1622221390450000,0,7348.37345120,0.7971
1622221393640000,1,39.99999999,0.7973
1622221469476000,0,99.99999999,0.7990
1622221469476000,0,0.00000001,0.7990
1622221620105000,0,27.00000000,0.8043
1622221631354000,0,40.00000000,0.8053
1622221631354000,0,354.41464403,0.8053
1622221682503000,0,337.15432066,0.8062
1622221751682000,0,40.00000000,0.8084
1622221751682000,0,38.23047708,0.8084
1622221751682000,0,63.07954330,0.8084
1622221810547000,0,346.82574806,0.8107
1622222263145000,1,334.31124409,0.8036
1622222477416000,0,124.17269939,0.8053
1622222695848000,0,148.46340377,0.8083
1622223197842000,0,119.21103631,0.8075
1622223371266000,0,1015.35115123,0.8076
1622223371266000,0,2538.37787807,0.8080
1622223371266000,0,1237.97812776,0.8084
1622223371266000,0,1237.28597479,0.8087
1622223371266000,0,157.85492502,0.8089
1622223603737000,1,45.88601464,0.8010
1622223962017000,1,735.17726701,0.8044
1622224020874000,0,163.50074589,0.8044
1622224032716000,0,334.09873706,0.8057
1622224032746000,0,334.01033970,0.8057
1622224156181000,1,1015.31677554,0.8064
1622224156181000,1,343.86227495,0.8061
1622224156181000,1,2538.12842218,0.8060
1622224156181000,1,3554.00166511,0.8053
1622224156181000,1,1241.55747642,0.8051
1622224156181000,1,5075.91048432,0.8051
1622224156181000,1,40.00000000,0.8049
1622224156181000,1,1240.77275205,0.8049
1622224156181000,1,7537.43168976,0.8048
1622224470553000,1,334.09873738,0.8052
1622224470553000,1,333.38334041,0.8052
1622224738099000,0,353.25582687,0.7987
1622224995199000,0,361.80466084,0.8020
1622225002817000,0,1021.71828345,0.8037
1622225013672000,0,1023.56582196,0.8024
1622225013893000,0,1023.56582196,0.8024
1622225013893000,0,343.26677655,0.8029
1622225596345000,1,1025.39242949,0.7991
1622225601203000,1,1025.39242949,0.7991
1622225601203000,1,2563.62150046,0.7988
1622225601203000,1,1384.75959005,0.7986
1622225601735000,1,1025.39242949,0.7991
1622225601735000,1,1177.83427990,0.7986
1622225707564000,0,257.07205215,0.7988
1622226166291000,0,345.30129327,0.8033
1622226186925000,0,512.22004279,0.8040
1622226483854000,0,41.20477000,0.8063
1622226844823000,0,440.69041488,0.8101
1622226844823000,0,1013.35299939,0.8101
1622226844823000,0,2534.60031673,0.8101
1622226844823000,0,2601.17903094,0.8105
1622227323775000,0,170.57653467,0.8169
1622227442320000,1,326.50745024,0.8154
1622228004909000,0,173.73754723,0.8151
1622228081430000,1,440.37276658,0.8166
1622228217160000,1,100.00000000,0.8166
1622228512582000,1,1003.77065827,0.8163
1622228512802000,0,1003.77065827,0.8162
1622228512904000,0,1155.41937412,0.8162
1622228779008000,1,339.23512929,0.8156
1622228779076000,1,339.23512928,0.8148
1622228833752000,0,339.23511164,0.8158
1622229310047000,0,66.92859710,0.8229
1622229678295000,0,30.75787401,0.8128
1622229912056000,0,362.54644820,0.8129
1622231142855000,1,850.18620000,0.8103
1622231142855000,1,1011.75303564,0.8102
1622231142855000,1,2529.38258910,0.8098
1622231142855000,1,40.00000000,0.8090
1622231142855000,1,2158.50093720,0.8090
1622231222887000,0,352.73607578,0.8142
1622231300017000,0,40.00000000,0.8144
1622231885820000,0,1760.00000000,0.8160
1622232567389000,0,99.99999999,0.8230
1622232567389000,0,0.00000001,0.8230
1622232629997000,0,998.40254270,0.8230
1622232629997000,0,6751.66045992,0.8234
1622232808098000,0,59.81224420,0.8237
1622232949517000,1,828.36207272,0.8250
1622232949588000,1,996.10835152,0.8250
1622232949709000,1,167.95511457,0.8250
1622232950014000,1,167.93798788,0.8250
1622232950094000,1,167.95511457,0.8250
1622232950364000,1,941.96014661,0.8250
1622233186785000,0,247.51619870,0.8250
1622233186785000,0,167.95510188,0.8250
1622233535504000,1,39.99999999,0.8220
1622233633916000,0,67.14980391,0.8232
1622233633942000,0,121.41668994,0.8232
1622233633957000,0,308.85304660,0.8232
1622234196070000,1,72.67524770,0.8090
1622234210949000,1,179.73513548,0.8090
1622234222933000,0,325.32331091,0.8103
1622234350650000,0,40.00000000,0.8126
1622234350650000,0,2.54492053,0.8127
1622234375540000,1,720.21575658,0.8083
1622234391292000,0,65.57133667,0.8069
1622234653196000,1,101.96538720,0.8009
1622234825918000,0,6960.00000000,0.8015
1622234870232000,0,40.00000000,0.8036
1622234870232000,0,1023.78629865,0.8036
1622234870232000,0,971.42750835,0.8042
1622234942315000,1,157.57575759,0.8000
1622234977684000,1,691.52127606,0.7985
1622235380057000,1,54.50643578,0.7905
1622235380360000,1,983.16146916,0.7905
1622235380360000,1,2287.11731871,0.7901
1622235407293000,1,195.31892808,0.7900
1622235408402000,0,58.22121530,0.7900
1622235411624000,0,65.81945218,0.7900
1622235437835000,1,94.67199551,0.7857
1622235461887000,1,918.43086815,0.7829
1622235739385000,1,3161.07407040,0.7820
1622235739385000,1,32.09718670,0.7820
1622235790330000,1,81.75965367,0.7811
1622235895673000,1,1046.00756222,0.7845
1622235895673000,1,878.73072000,0.7839
1622235895673000,1,75.26171778,0.7838
1622236001940000,0,1042.73122001,0.7885
1622236001940000,0,1077.82768163,0.7892
1622236105780000,1,164.21872235,0.7821
1622236178806000,1,18.24034633,0.7811
1622236183519000,1,100.00000000,0.7802
1622236187447000,0,25.64661249,0.7799
1622236197045000,1,27.00000000,0.7781
1622236198780000,1,100.00000000,0.7778
1622236271739000,1,104.00000000,0.7770
1622236274491000,0,51.48005148,0.7770
1622236278694000,0,61.77606178,0.7770
1622236292981000,0,2564.75848816,0.7770
1622236667623000,1,300.67000000,0.7748
1622236807300000,1,366.67834462,0.7786
1622236807835000,1,692.72304347,0.7783
1622236819331000,1,10120.00000000,0.7769
1622236824910000,1,362.73867777,0.7764
1622236923724000,1,9880.00000000,0.7738
1622236924319000,1,40.00000000,0.7734
1622237035661000,1,100.00000000,0.7702
1622237037962000,1,663.62337662,0.7700
1622237040962000,1,368.67931606,0.7697
1622237169940000,0,857.77259108,0.7658
1622237169940000,0,421.85578914,0.7661
1622237273808000,1,400.00000000,0.7629
1622237278423000,1,32.93963254,0.7620
1622237278423000,1,9.14119942,0.7620
1622237278429000,1,24.21775041,0.7620
1622237351909000,0,231.30000000,0.7639
1622237356161000,0,45.82051450,0.7639
1622237359963000,0,52.36630228,0.7639
1622237436730000,0,265.17814096,0.7691
1622237518252000,1,104.66106867,0.7683
1622237537896000,0,64.99668516,0.7693
1622238021924000,0,361.12138766,0.7677
1622238041213000,1,38.73849801,0.7659
1622238041265000,1,1.26150199,0.7659
1622238046031000,1,73.88984390,0.7646
1622238072906000,1,39.99999999,0.7621
1622238073068000,1,268.50711824,0.7622
1622238073128000,1,0.00000001,0.7622
1622238089495000,1,265.17848931,0.7611
1622238092820000,1,105.54839388,0.7602
1622238094295000,0,26.29054933,0.7610
1622238131496000,0,80.00000000,0.7637
1622238268306000,0,1076.21746534,0.7630
1622238268306000,0,234.34869706,0.7633
1622238428480000,1,1074.42394152,0.7628
1622238428480000,1,632.07801410,0.7625
1622238476208000,0,261.20913709,0.7657
1622238713888000,1,733.39788998,0.7647
1622238713888000,1,1072.49164124,0.7643
1622238713888000,1,39.91434566,0.7640
1622238907642000,0,685.26330216,0.7643
1622238908085000,0,339.26878492,0.7647
1622238908085000,0,40.00000000,0.7650
1622239292365000,0,167.67936433,0.7702
1622239653546000,0,265.17848931,0.7740
1622239653546000,0,105.54839388,0.7740
1622239694241000,0,1061.89960990,0.7742
1622239694241000,0,900.89791000,0.7745
1622239694306000,1,774.43337291,0.7748
1622239694360000,1,60.29350184,0.7748
1622239905055000,0,32.93963254,0.7772
1622239986499000,0,45.82051450,0.7791
1622239987037000,0,52.36630228,0.7791
1622240503372000,1,39.99999999,0.7692
1622240503387000,1,0.00000001,0.7692
1622240503387000,1,607.38540740,0.7687
1622240503465000,1,197.79175001,0.7687
1622240645404000,0,80.00000000,0.7649
1622240656195000,0,40.00000000,0.7667
1622240756314000,0,46.95693006,0.7663
1622240761641000,0,53.50245328,0.7663
1622240825242000,0,612.28455913,0.7643
1622240943658000,1,167.67936433,0.7628
1622242334820000,1,4203.73526482,0.7700
1622242950999000,0,44.77389023,0.7753
1622242951055000,0,1016.22668251,0.7753
1622242951055000,0,1563.16406150,0.7754
1622243260232000,0,446.59471536,0.7794
1622243260232000,0,194.94659433,0.7794
1622243263523000,0,194.94906143,0.7794
1622244066881000,0,50.55365231,0.7816
1622244315682000,0,2.94880097,0.7816
1622244316710000,0,46.95693006,0.7819
1622244445439000,1,250.00000000,0.7839
1622244595441000,0,100.00000000,0.7840
1622244833691000,0,100.00000000,0.7890
1622244882827000,0,51.48004946,0.7925
1622244883300000,0,0.00000202,0.7925
1622244883300000,0,43.89186463,0.7925
1622244886777000,0,17.88419715,0.7925
1622244968672000,1,668.92186394,0.7929
1622245053680000,1,40.00000000,0.7913
1622245278266000,1,343.41519251,0.7893
1622245312421000,1,1040.85466518,0.7880
1622245312421000,1,363.61108609,0.7874
1622245312421000,1,1143.60653084,0.7873
1622246449815000,1,528.87884809,0.7914
1622246478367000,0,26.29054933,0.7966
1622246482128000,0,32.09718670,0.7976
1622246523561000,0,33.35894983,0.8001
1622247334797000,0,58.22121530,0.8058
1622247334797000,0,65.81945218,0.8058
1622247376222000,0,101.96538720,0.8090
1622247708383000,1,348.66238043,0.8064
1622247782052000,1,100.00000000,0.8055
1622249126349000,0,94.67199551,0.8130
1622249163747000,0,25.64661249,0.8166
1622249181143000,0,2120.00000000,0.8200
1622249183193000,0,195.31892808,0.8233
1622249183769000,0,65.57133667,0.8244
1622250233661000,1,368.52039240,0.8226
1622253649597000,0,40.00000000,0.8226
1622253649597000,0,352.85151643,0.8227
1622253650161000,0,682.55958924,0.8231
1622253666307000,0,362.96323182,0.8265
1622254823867000,0,40.00000000,0.8181
1622255788923000,0,156.19442434,0.8153
1622255980958000,1,156.19442434,0.8137
1622256162538000,0,40.00000000,0.8165
1622256162538000,0,115.17543752,0.8165
1622257343368000,1,1005.89438818,0.8162
1622257343368000,1,356.90063845,0.8162
1622257343368000,1,693.89695078,0.8158
1622257406326000,1,1225.88059523,0.8153
1622257410429000,1,331.65582792,0.8139
1622257578505000,0,333.07324708,0.8133
1622257578505000,0,693.53220212,0.8137
1622258779528000,1,959.11770233,0.8224
1622258963061000,1,4461.47201946,0.8220
1622259058189000,1,4458.64588525,0.8215
1622259064085000,1,964.32842676,0.8206
1622259064611000,1,7504.08257775,0.8206
1622259071560000,1,7507.82783637,0.8202
1622260993830000,0,1217.02828267,0.8221
1622260995786000,0,3041.27580162,0.8225
1622261014438000,0,361.30234077,0.8240
1622261710376000,0,76.28371009,0.8195
1622261721934000,0,970.54300412,0.8194
1622262461955000,1,548.00000000,0.8150
1622262462009000,1,1663.27984051,0.8150
1622262462064000,1,2524.59370366,0.8150
1622262462065000,1,10098.37481463,0.8150
1622262462066000,1,1009.83748147,0.8150
1622262462225000,1,1510.48698159,0.8150
1622262462298000,1,548.00000000,0.8150
1622262462389000,1,383.04675036,0.8150
1622262462530000,1,383.04672393,0.8150
1622262462656000,1,1331.33370385,0.8150
1622264404731000,0,40.00000000,0.7934
1622264599148000,0,4172.85105753,0.7978
1622264650479000,0,25.08178844,0.7977
1622264953361000,1,411.70923021,0.8014
1622265115433000,0,617.46679731,0.8001
1622265115433000,0,1226.27384360,0.8005
1622265209485000,0,618.38567476,0.7987
1622265209485000,0,1545.96418690,0.7990
1622265209485000,0,2836.57770000,0.7995
1622265209485000,0,40.00000000,0.7998
1622265209485000,0,1251.12664012,0.7998
1622265209485000,0,382.37502808,0.7998
1622265410822000,0,605.86684016,0.8145
1622265410822000,0,80.82241443,0.8155
1622265412464000,0,149.59780262,0.8155
1622265475575000,1,358.58329469,0.8074
1622265475659000,0,328.10595990,0.8074
1622265739898000,1,27.00000000,0.8120
1622265934736000,0,27.00000000,0.8142
1622266212956000,1,357.31222117,0.8179
1622266403007000,1,733.90904420,0.8175
1622266403076000,1,493.44374588,0.8175
1622266407088000,0,1227.35276562,0.8175
1622266572337000,0,138.19181438,0.8197
1622266670594000,0,61.16000000,0.8183
1622266863171000,0,603.13443852,0.8169
1622266863171000,0,989.92560551,0.8170
1622268164234000,0,401.50933763,0.8187
1622268164245000,0,0.00000001,0.8187
1622268164337000,0,6920.00000000,0.8201
1622268767001000,1,996.13968583,0.8232
1622269626641000,1,27.00000000,0.8250
1622269878006000,0,440.85231456,0.8257
1622269878006000,0,774.30028246,0.8258
1622269878229000,0,187.13064328,0.8258
1622270136473000,0,333.66829103,0.8256
1622270849798000,1,200.00000000,0.8200
1622270868366000,0,500.00000000,0.8199
1622271094355000,1,152.54937981,0.8156
1622271106458000,1,1006.97245638,0.8150
1622271106458000,1,1760.00000000,0.8146
1622271106458000,1,30.55193827,0.8146
1622271140942000,0,500.00000000,0.8164
1622271369718000,1,130.25126038,0.8122
1622271838076000,0,606.71525012,0.8136
1622271838076000,0,1393.28474988,0.8137
1622271998224000,1,210.04429479,0.8136
1622272831812000,0,40.00000000,0.8119
1622272831812000,0,5920.00000000,0.8119
1622273948710000,1,200.00000000,0.8063
1622274278095000,0,40.00000000,0.8002
1622274278609000,1,187.13064328,0.7987
1622274297404000,0,353.82379988,0.8020
1622274795119000,1,1023.60677115,0.8024
1622274795119000,1,4921.88084537,0.8013
1622275150828000,0,94.84705912,0.7997
1622275325059000,0,351.64950706,0.8021
1622276721559000,1,27.00000000,0.7926
1622276727244000,0,85.79467316,0.7925
1622277381853000,1,937.81280686,0.7893
1622277421974000,1,1040.54409327,0.7883
1622277427513000,1,1039.83974752,0.7889
1622277835504000,0,62.42948954,0.7842
1622277842828000,0,66.30707828,0.7832
1622277853937000,1,32.09718670,0.7820
1622278044125000,0,837.83432934,0.7852
1622278044125000,0,2094.58582334,0.7854
1622278044125000,0,1135.81596372,0.7859
1622278529078000,1,238.87500000,0.7820
1622278908727000,0,62.98356672,0.7844
1622279294713000,1,40.00000000,0.7794
1622279332836000,0,121.87143205,0.7795
1622279337494000,0,40.00000000,0.7795
1622279337494000,0,27.99143051,0.7795
1622280397548000,1,2899.57295100,0.7798
1622280558426000,1,1061.38635131,0.7739
1622280558426000,1,1381.11903579,0.7731
1622280785948000,0,25.88213990,0.7729
1622280787256000,0,200.00000000,0.7729
1622280789090000,1,27.00000000,0.7718
1622281010814000,0,7640.00000000,0.7722
1622281019650000,0,3237.02132345,0.7733
1622281650012000,0,66.11887333,0.7814
1622281799193000,0,64.00327696,0.7812
1622281882638000,0,263.42508612,0.7808
1622282002776000,0,263.41496555,0.7809
1622282234530000,0,1054.53182813,0.7808
1622282234530000,0,110.08391071,0.7809
1622282421761000,1,263.33980234,0.7779
1622283378691000,0,356.56248839,0.7804
1622284209771000,0,95.43007290,0.7764
1622285584517000,0,710.09834289,0.7768
1622286308069000,1,1000.00000000,0.7700
1622286905126000,1,267.20349509,0.7699
1622287032800000,1,2000.00000000,0.7677
1622287055351000,0,58.61435661,0.7673
1622287059009000,0,62.55620284,0.7663
1622287084217000,0,40.00000000,0.7660
1622287240259000,0,970.69260868,0.7642
1622287243745000,0,970.69260868,0.7642
1622287243745000,0,40.00000000,0.7646
1622287265060000,0,495.24933951,0.7652
1622287299214000,1,1077.86868087,0.7628
1622287299214000,1,515.19136316,0.7624
1622287364236000,1,32.93963254,0.7620
1622287364236000,1,33.35894983,0.7620
1622287364642000,1,77.64798530,0.7619
1622287397793000,1,100.00000000,0.7600
1622287397793000,1,1082.72088243,0.7596
1622287397793000,1,120.94006529,0.7594
1622287541631000,0,371.44888249,0.7651
1622287640306000,0,549.00000000,0.7670
1622287640363000,0,1451.00000000,0.7670
1622287738893000,0,40.00000000,0.7716
1622287855053000,0,32.93963254,0.7772
1622288946970000,0,949.86192223,0.7802
1622288947041000,1,9050.13807777,0.7802
1622289207075000,0,632.24163834,0.7817
1622289207075000,0,86.51235445,0.7820
1622289267198000,0,62.55620284,0.7827
1622289267808000,0,58.61435661,0.7830
1622289666261000,1,356.27568179,0.7772
1622289666349000,0,360.16449442,0.7772
1622289673064000,1,360.16448705,0.7772
1622289702293000,1,40.00000000,0.7760
1622289762716000,1,40.00000000,0.7750
1622290008211000,0,40.00000000,0.7760
1622290125450000,0,40.00000000,0.7770
1622290128392000,0,446.76098280,0.7779
1622290128392000,0,40.00000000,0.7779
1622290128392000,0,635.84442163,0.7779
1622290128392000,0,40.00000000,0.7780
1622290128392000,0,1222.18265149,0.7780
1622290441463000,0,447.42729312,0.7779
1622290441463000,0,529.96637778,0.7779
1622290441463000,0,40.00000000,0.7785
1622290441463000,0,544.05981212,0.7785
1622290832110000,0,332.50301638,0.7708
1622290835580000,0,63.57114130,0.7708
1622291027734000,1,31.19315458,0.7695
1622291860185000,0,115.64236868,0.7714
1622291874193000,0,427.58424991,0.7707
1622291874691000,0,219.64477932,0.7707
1622292018962000,1,100.00000000,0.7670
1622292030250000,0,40.00000000,0.7661
1622292030250000,0,19.97392438,0.7661
1622292073146000,1,1077.74945449,0.7631
1622292073146000,1,483.70402853,0.7627
1622292228877000,1,115.67872815,0.7643
1622292883760000,1,500.00000000,0.7630
1622292898568000,1,32.93963254,0.7620
1622292963927000,0,678.36847946,0.7600
1622293058103000,0,40.00000000,0.7634
1622293058103000,0,19.82210549,0.7634
1622293213682000,1,1087.01024018,0.7564
1622293213682000,1,1175.21475982,0.7560
1622293239400000,1,694.86429203,0.7573
1622293383260000,0,40.00000000,0.7643
1622293383260000,0,581.83233902,0.7643
1622293385215000,0,40.00000000,0.7652
1622293755367000,1,86.70566127,0.7557
1622293755367000,1,100.00000000,0.7556
1622293755919000,1,100.00000000,0.7556
1622293755919000,1,91.00000000,0.7556
1622293830235000,0,55.58790831,0.7554
1622293830460000,1,200.00000000,0.7543
1622293830460000,1,300.00000000,0.7535
1622293934802000,1,44.17899134,0.7527
1622293934811000,1,13.82100866,0.7527
1622293987126000,0,26.58288386,0.7526
1622294003936000,1,27.02000000,0.7508
1622294006077000,1,100.00000000,0.7507
1622294006077000,1,96.35937208,0.7504
1622294014567000,1,96.37093012,0.7503
1622294015072000,1,100.00000000,0.7501
1622294036680000,1,750.00000000,0.7500
1622294036680000,1,27.00000000,0.7500
1622294036680000,1,30.00000000,0.7500
1622294036680000,1,100.00000000,0.7500
1622294036680000,1,1000.00000000,0.7500
1622294036680000,1,45.00000000,0.7500
1622294036680000,1,85.52000000,0.7500
1622294036680000,1,181.63183228,0.7500
1622294036875000,1,1098.53551505,0.7487
1622294036875000,1,1297.88432145,0.7484
1622294037480000,1,977.66800452,0.7487
1622294067006000,0,40.00000000,0.7495
1622294067006000,0,550.17670527,0.7495
1622294067081000,1,1100.77916388,0.7499
1622294067252000,1,3309.04413085,0.7499
1622294076614000,0,54.67249840,0.7485
1622294184303000,0,364.94995188,0.7528
1622294218492000,0,95.42913981,0.7540
1622294272878000,1,1099.26447256,0.7484
1622294272878000,1,2747.32495350,0.7482
1622294272878000,1,1335.05838090,0.7481
1622294272878000,1,2568.41519566,0.7480
1622294297367000,0,330.05529578,0.7494
1622294297367000,0,1375.29473802,0.7496
1622294309048000,0,330.05528135,0.7496
1622294396201000,0,29.08000000,0.7496
1622294401867000,0,2282.76869813,0.7500
1622294450263000,0,1289.74189239,0.7508
1622294561924000,1,197.07022268,0.7481
1622294593217000,0,658.14775432,0.7516
1622294654752000,1,1000.00000000,0.7479
1622294685729000,0,550.56093981,0.7486
1622294685729000,0,649.43906019,0.7489
1622294691386000,1,117.60638107,0.7480
1622294874215000,1,200.00000000,0.7469
1622294924433000,1,100.00000000,0.7450
1622294924833000,1,458.19014880,0.7434
1622294924833000,1,41.80985120,0.7434
1622294985302000,0,40.00000000,0.7428
1622294985302000,0,11.11717941,0.7428
1622294992471000,1,100.76683602,0.7420
1622294992471000,1,33.82749326,0.7420
1622294993878000,1,100.95654402,0.7412
1622295036598000,1,101.09968792,0.7402
1622295041026000,1,137.09198011,0.7402
1622295042718000,1,95.95870884,0.7401
1622295042718000,1,100.00000000,0.7400
1622295224508000,1,50.00000000,0.7398
1622295345366000,0,95.95870884,0.7440
1622295367042000,0,100.76683602,0.7477
1622295367534000,0,100.95654402,0.7480
1622295368993000,0,101.09968792,0.7490
1622295677734000,0,40.00000000,0.7419
1622295677734000,0,732.94142030,0.7420
1622295933418000,0,5201.12080677,0.7464
1622296090572000,1,605.20794668,0.7477
1622296213090000,1,600.00000000,0.7490
1622296472271000,0,40.00000000,0.7493
1622296472271000,0,16.36007686,0.7493
1622296581520000,0,659.04476942,0.7505
1622296581520000,0,1553.86832672,0.7508
1622296592676000,0,659.68991042,0.7498
1622296592676000,0,207.12556765,0.7501
1622296653156000,0,137.09197612,0.7540
1622296653251000,0,0.00000399,0.7540
1622296708816000,1,458.01526728,0.7534
1622296708816000,1,1091.08141219,0.7534
1622296708816000,1,1030.29406454,0.7530
1622296886068000,0,33.82749326,0.7568
1622297064295000,0,45.55123936,0.7582
1622297097810000,0,40.00000000,0.7583
1622297097810000,0,11.11717941,0.7583
1622297098130000,0,45.95725740,0.7590
1622297098322000,0,50.41367272,0.7590
1622297109609000,0,51.67548269,0.7619
1622297115009000,0,40.00000000,0.7619
1622297115009000,0,596.81604820,0.7619
1622297115009000,0,759.26934686,0.7624
1622298089980000,1,90.00000000,0.7487
1622298180748000,0,458.71559640,0.7489
1622298180748000,0,1011.41001229,0.7489
1622298180748000,0,660.01271207,0.7490
1622298180748000,0,540.01507200,0.7493
1622298197584000,0,1322.82928132,0.7484
1622298330166000,0,126.32474768,0.7520
1622298537033000,0,600.00000000,0.7524
1622298537033000,0,547.10810950,0.7527
1622298537033000,0,1129.91670000,0.7530
1622298537033000,0,1368.23279866,0.7530
1622298537033000,0,3318.80165227,0.7542
1622298537033000,0,1327.46497904,0.7542
1622298537033000,0,996.53516160,0.7542
1622299666229000,0,331.09282701,0.7465
1622299666229000,0,827.77032562,0.7467
1622299666229000,0,1657.02550964,0.7471
1622299666229000,0,221.91400593,0.7473
1622299816130000,0,329.38487723,0.7510
1622299852895000,0,300.00000000,0.7480
1622299863558000,0,579.70681998,0.7498
1622299937120000,1,116.94491705,0.7523
1622300084701000,1,1336.70638421,0.7476
1622300392331000,1,287.60425654,0.7483
1622300814097000,1,33.82749326,0.7420
1622300840012000,0,48.51752022,0.7401
1622301050686000,1,460.29919440,0.7398
1622301050686000,1,862.53008692,0.7398
1622301128971000,0,214.54580300,0.7372
1622301156192000,1,90.00000000,0.7357
1622301164382000,1,106.84115302,0.7351
1622301176326000,0,27.22041599,0.7344
1622301484747000,0,1332.86128623,0.7344
1622301508415000,1,39.16960440,0.7311
1622301508415000,1,60.83039242,0.7311
1622301508415000,1,0.00000318,0.7311
1622301511917000,1,1000.00000000,0.7300
1622301511917000,1,243.58561644,0.7300
1622301511917000,1,100.00000000,0.7300
1622301535679000,0,40.00000000,0.7298
1622301535679000,0,7.94520548,0.7298
1622301613237000,1,28.91968203,0.7279
1622301613380000,1,5.90461185,0.7279
1622301613380000,1,690.86544052,0.7260
1622301613380000,1,102.00000000,0.7256
1622301613380000,1,363.16541290,0.7250
1622301613380000,1,88.06453473,0.7235
1622301614001000,1,462.60601392,0.7235
1622301614001000,1,37.39398608,0.7235
1622301788563000,0,40.00000000,0.7334
1622301788563000,0,1364.53347316,0.7334
1622301788563000,0,281.02305746,0.7334
1622301788563000,0,889.19405781,0.7343
1622302090748000,1,27.70000000,0.7227
1622302092380000,1,34.76454293,0.7220
1622302198461000,0,40.00000000,0.7345
1622302198461000,0,1332.86128623,0.7346
1622302659396000,0,80.00000000,0.7310
1622302659396000,0,157.22172218,0.7310
1622303477697000,1,524.49548917,0.7272
1622303503922000,0,42.62984915,0.7261
1622303718184000,0,40.00000000,0.7256
1622303743220000,1,154.00000000,0.7251
1622303992118000,0,40.00000000,0.7301
1622304084948000,1,83.82066276,0.7211
1622304085102000,1,16.17933724,0.7211
1622304088666000,1,100.00000000,0.7202
1622304100608000,1,51.67548269,0.7200
1622304112650000,1,48.32451731,0.7200
1622304112650000,1,58.25000000,0.7200
1622304248787000,0,83.82066276,0.7340
1622304248787000,0,16.17933724,0.7340
1622304852126000,1,343.33791134,0.7197
1622304997933000,1,284.86132950,0.7231
1622305238027000,1,186.41247853,0.7305
1622305579622000,1,200.00000000,0.7252
1622305772949000,0,35.00000000,0.7270
1622306252281000,1,782.01338206,0.7341
1622306254657000,1,338.03655763,0.7341
1622306254657000,1,61.96344237,0.7340
1622306352066000,0,34.76454293,0.7364
1622306475254000,0,106.84115302,0.7390
1622306711429000,0,144.50312698,0.7402
1622306950746000,0,3457.58292503,0.7401
1622307006522000,0,27.00403710,0.7406
1622307298087000,0,42.62984915,0.7417
1622307303959000,0,40.00000000,0.7445
1622307303959000,0,7.94520548,0.7445
1622307425834000,0,133.81327695,0.7473
1622308085226000,1,212.04410517,0.7358
1622308454739000,1,536.63219138,0.7291
1622308478823000,0,465.47711400,0.7328
1622308478823000,0,870.62378365,0.7328
1622308694344000,1,155.17543752,0.7282
1622308814615000,1,77.77875630,0.7263
1622308941090000,1,77.77875631,0.7251
1622309380564000,0,41.37474486,0.7250
1622309382923000,0,48.27652795,0.7250
1622309614391000,1,34.76454293,0.7220
1622309614391000,1,1139.77920484,0.7213
1622309614391000,1,221.54164729,0.7208
1622309748878000,1,144.50312698,0.7219
1622309960588000,0,100.96539514,0.7230
1622310071575000,1,50.00000000,0.7182
1622310071799000,1,40.00000000,0.7158
1622310071799000,1,10.00000000,0.7156
1622310288672000,1,743.44467656,0.7170
1622310434649000,1,190.00000000,0.7156
1622310439866000,1,100.00000000,0.7152
1622310439866000,1,100.00000000,0.7152
1622310439866000,1,96.88112977,0.7152
1622310440989000,1,3.11887023,0.7152
1622310510939000,1,851.50747881,0.7123
1622310568876000,0,80.00000000,0.7131
1622310568876000,0,168.51343500,0.7131
1622310595375000,1,2000.09829935,0.7131
1622310615465000,0,28.05979358,0.7131
1622310617531000,0,37.86179044,0.7131
1622310633210000,1,100.00000000,0.7111
1622310642895000,0,42.18756592,0.7111
1622310673737000,1,100.00000000,0.7102
1622310881992000,1,129.91438549,0.7102
1622310881992000,1,72.70143151,0.7100
1622310886345000,1,927.29856849,0.7100
1622310886345000,1,100.00000000,0.7100
1622310963757000,1,244.63142369,0.7085
1622310963757000,1,755.52861458,0.7085
1622311151035000,0,40.00000000,0.7118
1622311290552000,0,11626.10983576,0.7080
1622311291205000,0,8373.89016424,0.7080
1622311493568000,1,1412.56878838,0.7071
1622311493568000,1,3531.06724262,0.7071
1622311493568000,1,974.16794000,0.7071
1622311493568000,1,307.09761995,0.7071
1622311493568000,1,449.52763891,0.7071
1622311573163000,1,1159.96228104,0.7096
1622311573163000,1,176.13861661,0.7090
1622311756937000,0,40.00000000,0.7077
1622311756937000,0,160.00000000,0.7077
1622311764513000,1,235.92146874,0.7056
1622312063330000,0,40.00000000,0.7043
1622312162037000,0,40.00000000,0.7054
1622312215782000,0,746.79354945,0.7084
1622312225051000,1,4040.22950217,0.7084
1622312331442000,1,744.91493077,0.7049
1622312462304000,0,40.00000000,0.7061
1622312462304000,0,29.86608409,0.7061
1622312568584000,0,70.68336679,0.7074
1622312613762000,1,583.63337930,0.7049
1622312704583000,1,50.48269757,0.7059
1622313773757000,0,31.85800000,0.7159
1622313775760000,1,655.30358840,0.7168
1622313917748000,0,40.00000000,0.7181
1622313962541000,1,426.28682954,0.7166
1622313963527000,1,141.42300195,0.7166
1622313963527000,1,284.86382759,0.7165
1622314043564000,1,111.60091512,0.7141
1622314647500000,1,3508.44685056,0.7121
1622314648965000,1,969.56097000,0.7105
1622314648965000,1,471.32757264,0.7104
1622314650399000,1,187.59729878,0.7109
1622315058467000,0,252.41038318,0.7140
1622315065846000,1,156.25000000,0.7128
1622315090854000,0,1399.02076183,0.7158
1622315367260000,0,40.00000000,0.7124
1622315367260000,0,471.88360200,0.7124
1622315367260000,0,1160.41959255,0.7124
1622315729691000,1,118.46174250,0.7065
1622315767423000,1,72.95063430,0.7065
1622315852761000,1,1162.16452587,0.7076
1622315852761000,1,125.21076835,0.7072
1622315904117000,1,255.99431818,0.7040
1622315904583000,1,30.00000000,0.7038
1622315947122000,1,1170.80570865,0.7024
1622315947122000,1,116.56958556,0.7021
1622316050543000,1,35.75498575,0.7020
1622316054726000,0,31.33903134,0.7018
1622316059239000,1,289.85432734,0.7002
1622316166688000,1,117.11108600,0.7002
1622316167629000,1,307.11627761,0.7002
1622316167629000,1,139.93515304,0.7001
1622316167629000,1,100.00000000,0.7000
1622316167629000,1,100.20000000,0.7000
1622316167629000,1,29.00000000,0.7000
1622316167629000,1,248.27142857,0.7000
1622316167629000,1,500.00000000,0.7000
1622316167629000,1,491.61317513,0.7000
1622316167629000,1,212.79010383,0.7000
1622316168276000,1,40.00000000,0.6973
1622316168276000,1,77.01517686,0.6973
1622316508668000,1,101.22337629,0.7038
1622316910032000,0,139.93515304,0.7090
1622317562689000,0,30.00000000,0.7117
1622318044598000,1,200.93948367,0.7130
1622318367410000,1,957.10808708,0.7101
1622318656196000,0,31.33903134,0.7160
1622318656196000,0,35.75498575,0.7160
1622318989696000,0,114.74346819,0.7175
1622318989696000,0,40.67826197,0.7178
1622319357491000,1,35.75498575,0.7020
1622319357785000,1,750.00000000,0.7011
1622319365539000,1,750.00000000,0.7011
1622319379477000,1,430.00000000,0.7000
1622319477597000,0,32.85714286,0.6995
1622319748281000,0,2899.57295100,0.6990
1622320531947000,1,847.17417317,0.7082
1622320572891000,1,254.78979635,0.7046
1622320753876000,0,32.85714286,0.7140
1622320851612000,0,40.00000000,0.7117
1622322024054000,0,155.85509688,0.7122
1622322534879000,1,235.00083806,0.7133
1622322646879000,0,193.85788503,0.7158
1622322711296000,1,1153.85913406,0.7120
1622322711296000,1,518.44406049,0.7118
1622322837421000,0,35.75498575,0.7160
1622323445857000,0,472.62701856,0.7175
1622323445857000,0,114.84269427,0.7176
1622323445857000,0,287.22691613,0.7176
1622323445857000,0,1393.21504221,0.7181
1622323445857000,0,402.11768258,0.7181
1622323445857000,0,115.78700806,0.7184
1622323659461000,0,115.50378484,0.7132
1622323659461000,0,158.71288809,0.7133
1622323838376000,0,8997.53977118,0.7145
1622324571586000,0,100.00000000,0.7199
1622324571586000,0,442.44574406,0.7216
1622324645376000,0,138.15016923,0.7238
1622324675848000,0,114.13662421,0.7225
1622324675948000,1,29.99380455,0.7225
1622324855930000,0,96.88112977,0.7240
1622324855930000,0,3.11887023,0.7240
1622324858329000,0,42.18756592,0.7253
1622324880876000,1,193.85788503,0.7246
1622324981405000,0,37.86179044,0.7274
1622325480815000,0,100.00000000,0.7290
1622325618725000,0,471.14252064,0.7290
1622325618725000,0,471.14252064,0.7290
1622325618725000,0,155.06536934,0.7290
1622326789653000,1,1097.35041062,0.7224
1622326857131000,1,283.37600331,0.7251
1622327348940000,0,40.00000000,0.7295
1622327353575000,1,400.00000000,0.7285
1622327516384000,1,398.74013354,0.7324
1622327581954000,0,212.79010383,0.7350
1622327622118000,0,34.76454293,0.7364
1622327644183000,1,287.02190048,0.7356
1622327765426000,1,408.06934746,0.7304
1622327894604000,0,40.00000000,0.7302
1622328323124000,0,112.26999473,0.7337
1622328323124000,0,280.79576333,0.7337
1622328323124000,0,40.00000000,0.7346
1622328323124000,0,392.89273471,0.7346
1622328323124000,0,253.58081493,0.7347
1622328548304000,1,315.06713248,0.7299
1622330387855000,0,541.91616766,0.7381
1622330583281000,0,48.27652795,0.7394
1622330583846000,0,41.37474486,0.7396
1622330756424000,0,111.20817542,0.7405
1622330756424000,0,278.01099994,0.7409
1622330756424000,0,556.10062012,0.7413
1622330756424000,0,386.51719308,0.7414
1622330756841000,0,111.20817542,0.7405
1622330756841000,0,85.53534732,0.7414
1622331005118000,0,8917.08823214,0.7428
1622331136189000,0,28.05979358,0.7463
1622331903336000,0,110.70427511,0.7438
1622331903336000,0,23.24082332,0.7442
1622332116616000,0,222.63397133,0.7397
