timestamp ms,type,amount,price
1622332878583000,0,222.56018941,0.7399
1622333589793000,0,112.92265098,0.7295
1622333589884000,1,100.00000000,0.7277
1622333614028000,0,73.67864477,0.7289
1622333838837000,0,27.47403703,0.7280
1622333844412000,0,39.83735370,0.7279
1622333862953000,1,34.76454293,0.7220
1622333902191000,0,42.93628809,0.7220
1622334955301000,1,35.75498575,0.7020
1622335028846000,0,34.18803419,0.7014
1622335067066000,0,39.91845230,0.7007
1622336150754000,1,155.42173016,0.7024
1622336653417000,0,39.91845230,0.7154
1622336690302000,0,35.75498575,0.7160
1622336690302000,0,34.18803419,0.7160
1622336840300000,1,300.47066733,0.7139
1622337209130000,1,300.47066733,0.7092
1622338287054000,1,35.75498575,0.7020
1622338921541000,0,34.18803419,0.7019
1622340963294000,0,35.75498575,0.7160
1622340963294000,0,34.18803419,0.7160
1622341336089000,1,352.11564949,0.7189
1622341628932000,0,147.43731665,0.7227
1622344512674000,0,42.93628809,0.7364
1622344513464000,0,34.76454293,0.7364
1622345700105000,1,34.76454293,0.7220
1622346903920000,0,34.76454293,0.7364
1622347457292000,1,1364.30114491,0.7323
1622347992577000,1,1116.46312531,0.7360
1622347992577000,1,163.16525491,0.7357
1622348208353000,1,1357.62287096,0.7363
1622349140622000,0,39.83735370,0.7425
1622350081514000,1,77.52105085,0.7422
1622350234767000,0,463.85775024,0.7440
1622350234767000,0,110.72101339,0.7440
1622350234767000,0,276.88504671,0.7441
1622350234767000,0,367.65123586,0.7452
1622350893876000,0,221.50307737,0.7433
1622350893876000,0,258.09355234,0.7436
1622351270193000,0,222.95288350,0.7467
1622351530450000,0,600.00000000,0.7490
1622351680751000,0,90.00000000,0.7514
1622351942794000,0,33.82749326,0.7568
1622351942794000,0,48.51752022,0.7568
1622352065355000,0,217.46220567,0.7574
1622352065469000,1,571.00000000,0.7578
1622352065474000,1,1764.90138990,0.7578
1622352072217000,0,112.20082605,0.7571
1622352282639000,0,714.08169095,0.7602
1622352282752000,0,40.00000000,0.7611
1622352283149000,0,100.00000000,0.7640
1622352283149000,0,100.00000000,0.7640
1622352283149000,0,54.67249840,0.7648
1622352283149000,0,90.00000000,0.7658
1622352283149000,0,683.85793591,0.7660
1622352283149000,0,1583.14937028,0.7660
1622352283814000,0,107.91123012,0.7645
1622352283814000,0,188.24036060,0.7660
1622352500811000,0,96.35937208,0.7690
1622352502267000,0,27.22041599,0.7694
1622352922552000,1,50.48269757,0.7661
1622352956768000,0,107.53276886,0.7661
1622352956768000,0,455.23520496,0.7669
1622352956768000,0,102.39766242,0.7677
1622353275115000,0,40.00000000,0.7625
1622353302373000,1,27.70000000,0.7622
1622353728444000,0,903.09291000,0.7681
1622353728444000,0,457.66590384,0.7681
1622353728444000,0,40.00000000,0.7681
1622353728444000,0,149.08941542,0.7695
1622354339289000,1,27.02000000,0.7670
1622354361516000,0,85.52000000,0.7700
1622354368350000,0,55.58790831,0.7707
1622354368539000,0,40.00000000,0.7730
1622354368539000,0,15.58790403,0.7762
1622354368544000,0,44.19575108,0.7762
1622354368962000,0,187.79469737,0.7762
1622354411304000,1,268.33247466,0.7725
1622354452035000,0,32.93963254,0.7772
1622354531549000,1,265.49142462,0.7770
1622354585997000,1,3218.38991841,0.7757
1622354651638000,1,156.63044900,0.7743
1622354694965000,1,128.37331435,0.7750
1622354938554000,0,35.00000000,0.7800
1622354938554000,0,1410.00000000,0.7800
1622355248444000,0,451.63718472,0.7775
1622355248444000,0,1287.01782659,0.7775
1622355248444000,0,40.00000000,0.7775
1622355248511000,1,172.75560898,0.7778
1622355248665000,1,1215.36747606,0.7778
1622355256422000,0,95.83118403,0.7777
1622355416497000,0,500.00000000,0.7805
1622355613882000,0,40.00000000,0.7823
1622355613882000,0,19.97392438,0.7823
1622355613882000,0,100.00000000,0.7823
1622355693262000,0,86.70566127,0.7840
1622355758108000,1,1277.85326236,0.7822
1622355929888000,0,63.57114130,0.7862
1622356686166000,0,181.63183228,0.7875
1622356688212000,0,26.58288386,0.7878
1622356826326000,0,10.00000000,0.7890
1622356826326000,0,190.00000000,0.7890
1622356910102000,0,129.91438549,0.7900
1622356910102000,0,122.98551908,0.7917
1622357114710000,1,40.00000000,0.7855
1622357114710000,1,76.71630668,0.7854
1622357236398000,0,100.00000000,0.7889
1622357236398000,0,342.02651703,0.7898
1622357236398000,0,144.93803352,0.7902
1622357373931000,0,448.26298104,0.7912
1622357373931000,0,40.00000000,0.7912
1622357373931000,0,219.51043549,0.7912
1622357405469000,0,303.70136032,0.7903
1622357593932000,1,160.16724713,0.7867
1622357658534000,1,200.00000000,0.7895
1622357677031000,0,27.02000000,0.7923
1622357677031000,0,224.99185381,0.7938
1622357783760000,0,631.45005126,0.7891
1622357789588000,1,0.00002541,0.7867
1622358107734000,0,100.75566750,0.7940
1622358150376000,0,104.03464130,0.7929
1622358150376000,0,22.08768732,0.7930
1622358268172000,1,665.16563624,0.7918
1622358379376000,1,185.12993179,0.7888
1622358850094000,1,159.98729878,0.7851
1622358873075000,1,119.99047408,0.7835
1622359224637000,1,89.99285556,0.7866
1622359417062000,0,31.71783811,0.7882
1622359543783000,1,67.49464167,0.7844
1622359898285000,0,185.53534487,0.7928
1622359960360000,1,1042.23161023,0.7899
1622359960360000,1,1129.80780000,0.7889
1622359960360000,1,555.94546707,0.7889
1622360140931000,1,661.87757237,0.7915
1622360195022000,0,189.21475875,0.7927
1622360426835000,0,99.24433250,0.7940
1622360473315000,0,40.00000000,0.7951
1622360473315000,0,27.99143051,0.7951
1622360577146000,0,125.46579175,0.7969
1622360665967000,0,658.03356109,0.7962
1622360753082000,0,1189.88803534,0.7967
1622361147046000,0,125.49570804,0.7968
1622361604317000,1,658.03356109,0.7963
1622361615999000,0,27.00000000,0.7974
1622361616972000,0,32.09718670,0.7976
1622361658390000,0,66.30707828,0.7998
1622361659585000,0,235.00083806,0.8000
1622361659585000,0,38.50000000,0.8000
1622361659585000,0,26.00000000,0.8000
1622361673676000,0,33.35894983,0.8001
1622361843074000,1,1253.65471265,0.7956
1622361853173000,0,207.47804227,0.7954
1622361853173000,0,150.65419943,0.7963
1622361917948000,1,542.44574406,0.7926
1622362277743000,1,260.20254165,0.7945
1622362419253000,0,207.56566450,0.7945
1622362419253000,0,451.80223283,0.7947
1622362517772000,1,110.15134400,0.7925
1622362622236000,0,500.00000000,0.7950
1622362688326000,1,27.00000000,0.7914
1622362699013000,1,27.00000000,0.7904
1622362713705000,1,57.27806713,0.7885
1622362713911000,1,389.81582255,0.7885
1622362713911000,1,2210.64800000,0.7885
1622362713911000,1,447.09388968,0.7885
1622362713911000,1,119.22038412,0.7885
1622362725340000,1,27.00000000,0.7901
1622362741953000,1,659.36789733,0.7892
1622362751310000,1,252.89990457,0.7906
1622362782982000,1,27.00000000,0.7911
1622362793904000,1,27.00000000,0.7911
1622362838411000,0,27.00000000,0.7926
1622363042839000,1,27.00000000,0.7881
1622363053490000,1,25.92114695,0.7886
1622363111082000,0,27.00000000,0.7902
1622363111082000,0,312.59833199,0.7909
1622363111082000,0,27.00000000,0.7911
1622363111082000,0,291.26634289,0.7912
1622363261483000,1,27.00000000,0.7903
1622363488076000,0,27.00000000,0.7908
1622363490655000,0,27.00000000,0.7915
1622363523587000,0,27.00000000,0.7938
1622363709367000,0,27.00000000,0.7949
1622363710088000,0,1500.00000000,0.7950
1622363713154000,0,27.00000000,0.7957
1622363714161000,0,315.06713248,0.7958
1622363715652000,0,27.00000000,0.7960
1622363858783000,1,1036.76936630,0.7931
1622364019124000,1,185.53534487,0.7903
1622364070233000,1,1036.06559128,0.7935
1622364070233000,1,369.42336004,0.7933
1622364116741000,1,147.13907052,0.7904
1622364365228000,0,27.00000000,0.7941
1622364412123000,1,323.77758258,0.7943
1622364480751000,1,657.86467488,0.7953
1622364484393000,1,375.98776983,0.7953
1622364484393000,1,678.12894366,0.7945
1622364535885000,1,790.58753512,0.7945
1622364555771000,1,592.94065134,0.7933
1622364721106000,1,889.41097700,0.7950
1622364761020000,1,108.84576200,0.7951
1622364761020000,1,780.56521500,0.7943
1622364817655000,1,95.42913981,0.7935
1622364918510000,1,144.49524557,0.7931
1622364967352000,0,126.23871741,0.7922
1622365062848000,0,626.44144887,0.7890
1622365062848000,0,36.67682619,0.7893
1622365185225000,1,144.13042876,0.7867
1622365284103000,0,27.00000000,0.7941
1622365503688000,1,1039.65602345,0.7917
1622365503756000,1,7831.64051454,0.7917
1622365504060000,1,548.00000000,0.7902
1622365789228000,0,27.00000000,0.7971
1622365843711000,1,663.11827506,0.7959
1622366619333000,1,1030.29514412,0.7980
1622366619333000,1,333.69729453,0.7976
1622367053361000,0,415.45793090,0.7930
1622367053361000,0,249.93622013,0.7934
1622368041027000,0,27.00000000,0.7941
1622368066002000,0,2000.00000000,0.7946
1622368363599000,0,27.00000000,0.7948
1622368455440000,1,1035.59018963,0.7939
1622368455440000,1,183.52485657,0.7935
1622368567625000,1,665.39415103,0.7943
1622369282550000,1,1034.87054546,0.7944
1622369282550000,1,47.77740000,0.7935
1622369282550000,1,2210.64800000,0.7932
1622369282550000,1,141.02529896,0.7931
1622369686638000,0,667.52124878,0.7918
1622370022143000,1,875.36962000,0.7869
1622370022143000,1,204.16968770,0.7862
1622370022290000,1,100.00000000,0.7864
1622370022946000,1,100.32994296,0.7876
1622370092511000,0,25.31132935,0.7902
1622370171638000,1,833.33763431,0.7892
1622370421222000,0,200.00000000,0.7944
1622370611270000,0,27.00000000,0.7974
1622370612103000,0,27.00000000,0.7978
1622370617805000,0,27.00000000,0.7982
1622370648580000,0,27.00000000,0.7990
1622370649527000,0,293.00000000,0.7990
1622370809550000,0,619.29425914,0.7978
1622370809550000,0,51.17649276,0.7984
1622370917293000,0,1003.09706217,0.7975
1622370984577000,0,27.00000000,0.8000
1622370999997000,0,27.00000000,0.8011
1622371015515000,0,27.00000000,0.8049
1622371057026000,0,85.79467316,0.8084
1622371059456000,0,27.00000000,0.8090
1622371060051000,0,25.88213990,0.8092
1622371093058000,1,667.52124878,0.8082
1622371182730000,0,614.36726984,0.8046
1622371182730000,0,56.08431016,0.8052
1622371243554000,1,1022.25133022,0.8043
1622371252608000,1,1022.73442868,0.8039
1622371258147000,1,1022.34326066,0.8043
1622371339044000,1,250.00000000,0.8078
1622371785423000,0,616.53488694,0.8016
1622371785423000,0,1541.03335105,0.8021
1622371800325000,0,616.53488694,0.8016
1622372129335000,1,77.64798530,0.8037
1622372167571000,0,27.00000000,0.8060
1622372170532000,1,670.45158000,0.8060
1622372327637000,1,187.34302225,0.8040
1622372352256000,1,274.21667293,0.8037
1622372395328000,1,681.99621932,0.8006
1622372422416000,1,681.99621933,0.8021
1622372976853000,0,612.00109303,0.8073
1622373953230000,1,1021.34058773,0.8049
1622373953230000,1,310.49640083,0.8045
1622374025900000,1,50.62098125,0.8039
1622374426497000,1,62.29679733,0.8000
1622374709127000,0,27.00000000,0.8044
1622374737621000,0,306.74203238,0.8053
1622374737621000,0,227.15302898,0.8054
1622374777173000,0,27.00000000,0.8067
1622375419877000,0,100.00000000,0.8093
1622375420536000,0,27.00000000,0.8093
1622375421064000,0,62.29679734,0.8100
1622375627599000,0,303.34848457,0.8144
1622375739775000,0,304.33331716,0.8115
1622375739775000,0,255.61325493,0.8123
1622375842683000,0,202.75656877,0.8121
1622375842683000,0,506.89142192,0.8125
1622375842683000,0,1230.26251311,0.8136
1622375842683000,0,2027.63763273,0.8136
1622375842683000,0,852.93760000,0.8137
1622375842683000,0,3075.49655775,0.8138
1622375842683000,0,1012.69257619,0.8139
1622375842683000,0,708.53993339,0.8139
1622375842683000,0,1439.93325039,0.8159
1622375845413000,0,202.75656877,0.8121
1622375865950000,1,1014.45006988,0.8098
1622375929517000,0,101.36405870,0.8123
1622375929517000,0,253.40679288,0.8124
1622375929517000,0,3288.19590000,0.8136
1622375929517000,0,506.80092267,0.8136
1622375929517000,0,354.65264280,0.8137
1622375929517000,0,1640.55585232,0.8141
1622376221826000,0,852.93760000,0.8091
1622376221826000,0,442.47787608,0.8093
1622376221826000,0,679.59406931,0.8093
1622376320290000,1,62.91925465,0.8050
1622376358579000,1,37.96573594,0.8041
1622377480685000,0,538.46797000,0.8000
1622377480887000,1,384.53822011,0.7991
1622377481441000,1,296.15159072,0.7986
1622377646861000,1,718.75399279,0.7979
1622377981770000,1,171.66895567,0.7998
1622378228788000,0,54.10000000,0.7980
1622378295067000,0,27.00000000,0.7968
1622378752748000,0,445.59970296,0.7949
1622378752748000,0,232.90140528,0.7950
1622378793550000,1,200.00000000,0.7901
1622378981994000,1,32.09718670,0.7820
1622379260241000,1,697.03986725,0.7790
1622379260345000,1,185.12993179,0.7790
1622379480601000,1,1049.58220294,0.7827
1622379730333000,0,54.00000000,0.7866
1622379805429000,1,26.90000000,0.7829
1622380083665000,0,54.00000000,0.7813
1622380149246000,0,27.00000000,0.7807
1622380213943000,1,325.81893081,0.7810
1622380216419000,1,418.44439736,0.7810
1622380273449000,1,56.94860391,0.7821
1622380299755000,0,420.01301944,0.7837
1622380299755000,0,1369.90260000,0.7840
1622380299755000,0,1050.09554997,0.7841
1622380299755000,0,1470.78852504,0.7841
1622380299755000,0,2100.59872985,0.7847
1622380299755000,0,1694.00000000,0.7850
1622380299755000,0,4201.69050932,0.7850
1622380299755000,0,437.56960105,0.7853
1622380495108000,0,209.44516949,0.7857
1622380495108000,0,523.72143285,0.7859
1622380495108000,0,732.69651063,0.7867
1622380495108000,0,1271.39272221,0.7869
1622380495108000,0,1694.00000000,0.7869
1622380495108000,0,1047.64289265,0.7869
1622380495108000,0,3178.06858570,0.7878
1622380495108000,0,354.61741737,0.7878
1622380495108000,0,5811.00000000,0.7878
1622380495108000,0,1349.59633750,0.7878
1622380501926000,0,104.73674352,0.7855
1622380501926000,0,261.87229017,0.7857
1622380501926000,0,366.57860230,0.7862
1622380501926000,0,1271.88227211,0.7866
1622380501926000,0,523.68371757,0.7866
1622380501926000,0,1047.64289265,0.7869
1622380501926000,0,439.25890953,0.7876
1622380521961000,0,449.26993632,0.7874
1622380521961000,0,551.04834040,0.7874
1622380601309000,0,135.00000000,0.7885
1622380664413000,1,135.00000000,0.7860
1622380664413000,1,398.89506136,0.7857
1622380696824000,0,1269.00272161,0.7905
1622380696824000,0,5811.00000000,0.7905
1622380696824000,0,448.76589384,0.7905
1622380696824000,0,3170.38619892,0.7905
1622380696824000,0,448.76589384,0.7905
1622380696979000,1,545.00000000,0.7905
1622380697000000,1,8239.10888348,0.7905
1622380697013000,1,7832.07646999,0.7905
1622380697078000,1,10452.69248623,0.7905
1622380697159000,1,558.00000000,0.7905
1622380697243000,1,5811.00000000,0.7905
1622380697314000,1,100.23410616,0.7905
1622380697433000,1,882.45145000,0.7905
1622380697531000,1,459.76589384,0.7905
1622380697572000,1,5333.15661769,0.7905
1622381101662000,1,147.43731665,0.7848
1622381136403000,0,293.83946344,0.7887
1622381366190000,1,293.83946344,0.7843
1622381533889000,1,261.98859825,0.7831
1622381534313000,1,617.67348175,0.7831
1622381534313000,1,1049.42087800,0.7829
1622381534313000,1,886.26923582,0.7826
1622381751712000,0,105.27447037,0.7818
1622381751712000,0,263.19674667,0.7821
1622381751712000,0,368.47544533,0.7825
1622381751712000,0,526.44014633,0.7828
1622381751712000,0,1277.36298788,0.7833
1622381751712000,0,3193.32318847,0.7833
1622381751712000,0,650.16962742,0.7834
1622381752554000,0,737.22375861,0.7818
1622381892063000,1,263.90237723,0.7790
1622382012244000,1,263.90237723,0.7790
1622382132501000,1,263.48517105,0.7800
1622382372724000,1,264.47470035,0.7802
1622382612991000,1,263.50183397,0.7818
1622382944494000,0,262.98349515,0.7827
1622382973230000,1,263.16620524,0.7822
1622383093334000,1,263.06097753,0.7822
1622383246228000,1,355.50749930,0.7795
1622384123327000,0,8400.00000000,0.7803
1622384349695000,1,1292.88506173,0.7730
1622384349695000,1,452.48868768,0.7730
1622384349695000,1,1062.60467374,0.7730
1622384349695000,1,3233.73628392,0.7726
1622384349695000,1,891.66326000,0.7726
1622384349824000,0,572.99999999,0.7725
1622384349829000,0,1062.60467374,0.7725
1622384350018000,0,1232.70181656,0.7725
1622384350291000,0,4116.47162264,0.7725
1622384350411000,0,7269.99869300,0.7725
1622384641711000,1,26.75000000,0.7722
1622384658379000,0,8265.10739614,0.7722
1622384731015000,0,533.94690282,0.7708
1622384731015000,0,453.34340760,0.7713
1622384731015000,0,114.29838578,0.7713
1622385026242000,1,8356.81032796,0.7669
1622385167712000,0,27.25000000,0.7646
1622386433463000,1,344.57142864,0.7641
1622386433556000,1,268.34378966,0.7638
1622386433797000,1,489.22789147,0.7638
1622386433935000,1,1075.42795224,0.7637
1622386525075000,0,54.00000000,0.7642
1622386551039000,0,54.00000000,0.7630
1622386569096000,0,27.00000000,0.7641
1622386606607000,0,27.00000000,0.7633
1622386622594000,0,27.00000000,0.7627
1622386652755000,1,27.00000000,0.7622
1622386652755000,1,32.93963254,0.7620
1622386652755000,1,33.35894983,0.7620
1622386652755000,1,676.70603674,0.7620
1622386652755000,1,127.72699149,0.7616
1622386764124000,0,214.34378967,0.7641
1622386764124000,0,241.34377466,0.7641
1622387298993000,0,27.00000000,0.7669
1622387549498000,1,27.00000000,0.7648
1622387727092000,0,431.24512374,0.7629
1622387786239000,1,270.04779923,0.7611
1622387790023000,1,1077.85816582,0.7611
1622387893568000,1,1915.95555117,0.7611
1622387894636000,1,27.00000000,0.7611
1622388648332000,0,26.29262204,0.7609
1622388668004000,0,119.59207275,0.7608
1622388670115000,0,101.19329233,0.7608
1622388686845000,1,27.00000001,0.7601
1622388716366000,1,116.94491705,0.7595
1622388792672000,1,56.94860391,0.7612
1622389035508000,1,27.00000000,0.7588
1622390783348000,1,8437.47950137,0.7694
1622391273964000,1,35.67601548,0.7696
1622391673887000,0,119.59207275,0.7761
1622391674407000,0,101.19329233,0.7761
1622391674407000,0,32.93963254,0.7772
1622391674407000,0,229.75144367,0.7779
1622391735863000,1,289.97657659,0.7813
1622391758284000,1,678.50110824,0.7792
1622391796164000,0,105.22590000,0.7818
1622391796164000,0,22.68260072,0.7819
1622391889909000,0,105.38093103,0.7806
1622392449080000,1,150.00000000,0.7790
1622392467844000,0,105.47304644,0.7803
1622392467844000,0,42.19138196,0.7806
1622392834195000,0,29.02476283,0.7790
1622393196975000,0,105.94321413,0.7768
1622393196975000,0,264.79877102,0.7771
1622393196975000,0,1046.78457230,0.7781
1622393206108000,1,1059.02862764,0.7756
1622393206108000,1,2204.83288858,0.7755
1622393281591000,0,211.83338565,0.7768
1622393284529000,0,64.64835304,0.7768
1622393490775000,0,106.05259896,0.7758
1622393490848000,1,8.44856113,0.7758
1622394341616000,0,104.82845770,0.7851
1622394341616000,0,124.06925828,0.7854
1622394409404000,0,104.80765185,0.7852
1622394409404000,0,626.09231886,0.7854
1622395044405000,1,358.70539398,0.7877
1622395163311000,0,1211.83796407,0.7900
1622395182519000,0,27.00000000,0.7905
1622395924555000,0,126.24031105,0.7921
1622395943272000,1,127.07440588,0.7892
1622395987507000,0,7360.00000000,0.7900
1622396262408000,0,144.98828830,0.7900
1622397320088000,0,104.20163401,0.7901
1622397344512000,1,86.46041337,0.7892
1622397383899000,0,104.24369453,0.7897
1622397383899000,0,222.14345849,0.7899
1622397421244000,1,137.31295967,0.7890
1622397502077000,1,500.00000000,0.7907
1622397746086000,0,177.52899850,0.7914
1622397846239000,0,322.47100150,0.7914
1622397870435000,0,37.90654772,0.7930
1622397873324000,0,183.52522794,0.7930
1622398013758000,0,27.00000000,0.7930
1622398211757000,0,200.00000000,0.7940
1622398288457000,1,102.38047205,0.7940
1622398679688000,0,26.29262204,0.7965
1622398702293000,0,27.00000000,0.7975
1622398703242000,0,32.09718670,0.7976
1622399325301000,0,447.26052936,0.7989
1622399325301000,0,80.58195268,0.7989
1622399433312000,1,111.00000000,0.7950
1622399593329000,1,200.00000000,0.7942
1622399754038000,1,100.00000000,0.7949
1622401039778000,1,1032.57335978,0.7960
1622401039881000,0,865.39532166,0.7960
1622401039882000,0,6458.84164652,0.7960
1622401117978000,1,76.82672892,0.7960
1622401254641000,0,103.33809338,0.7970
1622401254774000,1,103.33809338,0.7970
1622401254874000,1,8140.16681665,0.7970
1622401500244000,0,103.06427577,0.7988
1622401500244000,0,2142.85500000,0.7988
1622401500244000,0,339.95244976,0.7990
1622401503756000,0,103.03399170,0.7992
1622401503756000,0,709.79899774,0.7994
1622401503756000,0,257.58419124,0.7994
1622401981088000,1,57.21610020,0.7980
1622402613492000,1,1035.81646119,0.7934
1622402613600000,0,1035.81646119,0.7934
1622402614013000,0,6275.21008103,0.7934
1622402745796000,1,730.89997071,0.7933
1622403064579000,1,27.00000000,0.7930
1622403274319000,1,27.00000000,0.7911
1622403320931000,1,147.66442840,0.7896
1622403374877000,0,27.00000000,0.7912
1622403569157000,0,291.05586620,0.7940
1622403596425000,1,291.05586620,0.7911
1622403647649000,0,289.84138972,0.7944
1622403762651000,1,1261.99264155,0.7921
1622403762651000,1,1037.22713890,0.7921
1622403762651000,1,3155.59620287,0.7916
1622403762651000,1,870.04081000,0.7916
1622403762651000,1,451.46726856,0.7916
1622403762651000,1,2593.73801357,0.7915
1622403762651000,1,3429.93792455,0.7910
1622403791718000,1,289.84138972,0.7914
1622403823745000,0,103.74141169,0.7934
1622403823745000,0,185.36696825,0.7934
1622403827076000,1,54.00000000,0.7922
1622403880851000,1,289.10837994,0.7919
1622403902019000,0,103.74141169,0.7934
1622403902019000,0,74.14259495,0.7934
1622403902019000,0,110.61132391,0.7939
1622403940173000,1,288.49533055,0.7928
1622404125066000,1,527.84248204,0.7897
1622404125606000,1,181.94218427,0.7897
1622404319136000,0,103.96626403,0.7916
1622404319239000,1,103.96626403,0.7916
1622404319258000,1,524.63780329,0.7916
1622404505767000,0,98.05480759,0.7893
1622404505767000,0,292.35590053,0.7894
1622404806438000,1,127.14600000,0.7865
1622404807374000,1,181.94218427,0.7857
1622404809240000,1,177.52899850,0.7856
1622404809240000,1,322.47100150,0.7856
1622404844853000,1,27.00000000,0.7851
1622404966775000,1,32.09718670,0.7820
1622404971687000,1,39.48724000,0.7801
1622405219070000,1,40.00000000,0.7795
1622405232666000,0,44.65101428,0.7799
1622405232923000,0,44.62763543,0.7802
1622405233113000,0,274.31190801,0.7802
1622405372078000,0,54.00000000,0.7799
1622405635193000,0,564.24362000,0.7817
1622405719868000,0,524.15762211,0.7843
1622405719868000,0,1120.26420000,0.7843
1622405719868000,0,209.65573882,0.7845
1622405719868000,0,733.66481888,0.7849
1622405719868000,0,226.12889479,0.7852
1622405897209000,0,44.56174288,0.7883
1622405989131000,0,144.90338929,0.7893
1622406598587000,1,1039.39498122,0.7894
1622406598587000,1,1774.47629338,0.7891
1622406909083000,1,284.16090252,0.7883
1622407284600000,1,356.54701354,0.7849
1622407285318000,1,400.47477685,0.7838
1622407461245000,1,1045.93187981,0.7846
1622407461245000,1,503.91634945,0.7843
1622407781711000,1,747.14871337,0.7834
1622408304466000,1,177.50794600,0.7857
1622408765013000,1,40.00000000,0.7823
1622408765013000,1,104.90338929,0.7821
1622408845027000,1,40.00000000,0.7812
1622408845027000,1,220.25129800,0.7812
1622409243077000,0,177.52899823,0.7795
1622409243089000,0,0.00000027,0.7795
1622409289254000,1,177.52898147,0.7789
1622409290550000,1,40.00000000,0.7778
1622409290550000,1,191.29510063,0.7778
1622410449110000,0,315.42780978,0.7814
1622410449110000,0,788.81938054,0.7815
1622410449110000,0,1104.34713275,0.7819
1622410449110000,0,631.93643893,0.7823
1622410490648000,0,287.78420333,0.7833
1622410698399000,1,1051.66603307,0.7799
1622410698399000,1,11.47888502,0.7797
1622410706654000,1,142.57879429,0.7799
1622410731920000,1,354.38163936,0.7799
1622410826630000,1,177.00317644,0.7807
1622411002221000,0,300.00000000,0.7852
1622411031175000,1,287.78420333,0.7830
1622411260970000,1,880.73910000,0.7820
1622411260970000,1,375.15662136,0.7819
1622411260970000,1,1048.82256412,0.7819
1622411260970000,1,535.81247652,0.7816
1622411667673000,1,169.62918600,0.7807
1622411743703000,0,44.15908800,0.7818
1622411776486000,1,65.28256922,0.7786
1622411847724000,1,8.70489937,0.7778
1622411847724000,1,254.38929887,0.7774
1622411880931000,0,456.44731848,0.7790
1622411880931000,0,316.55399854,0.7790
1622411880931000,0,791.35549369,0.7794
1622411880931000,0,1107.87815334,0.7794
1622411880931000,0,177.69422383,0.7801
1622412419188000,1,326.38715302,0.7840
1622412765928000,0,286.81440372,0.7856
1622412830541000,1,286.81440372,0.7874
1622413918156000,1,248.69329023,0.7784
1622414309501000,1,27.00000000,0.7761
1622414309730000,1,39.99999999,0.7757
1622415965151000,1,2716.81701030,0.7760
1622415971451000,0,25.78608247,0.7759
1622418744633000,1,355.57668379,0.7673
1622418918213000,1,700.49536719,0.7690
1622419989966000,1,370.92235058,0.7817
1622420037500000,1,358.78980738,0.7800
1622420603159000,1,32.93963254,0.7620
1622420603457000,1,10904.54310000,0.7596
1622420603457000,1,1735.00000000,0.7596
1622420603457000,1,40.00000000,0.7596
1622420603457000,1,359.15345163,0.7596
1622420603457000,1,5897.00000000,0.7592
1622420603457000,1,696.61629159,0.7592
1622420603457000,1,1052.55684954,0.7584
1622420603457000,1,205.15787224,0.7575
1622420603457000,1,29279.00000000,0.7537
1622420603457000,1,27.00000000,0.7512
1622420603457000,1,293.00000000,0.7511
1622420603457000,1,30.00000000,0.7500
1622420603457000,1,27.00000000,0.7500
1622420603457000,1,815.37905060,0.7460
1622420603514000,1,77.52105085,0.7543
1622420604173000,1,56.00000000,0.7552
1622420637623000,0,371.59597461,0.7616
1622420638396000,0,729.60018087,0.7620
1622420669991000,1,39.99999999,0.7585
1622420685225000,0,357.46436452,0.7609
1622420690669000,0,758.13553822,0.7612
1622420716314000,0,40.00000000,0.7637
1622420716314000,0,5897.00000000,0.7637
1622420716885000,0,1735.00000000,0.7637
1622420775364000,0,79.87638802,0.7634
1622425630009000,0,26.64570537,0.7506
1622425632842000,0,65.28197818,0.7506
1622425632890000,0,26.65902823,0.7506
1622425634482000,0,59.95283710,0.7506
1622427022800000,1,33.82749326,0.7420
1622428076130000,0,303.65450291,0.7437
1622428098646000,1,37.90654772,0.7410
1622428232076000,0,344.05250002,0.7426
1622428233806000,0,268.84489631,0.7426
1622428234220000,0,0.00000723,0.7426
1622428234220000,0,118.19710763,0.7455
1622428343142000,1,40.00000000,0.7402
1622428343142000,1,228.77134558,0.7402
1622428816108000,1,303.65450291,0.7446
1622429260953000,0,268.77132739,0.7469
1622429260953000,0,33.91123685,0.7469
1622429955282000,0,921.84409000,0.7477
1622429955282000,0,549.70617823,0.7487
1622430434518000,0,27.00000000,0.7393
1622430446463000,0,62.21849512,0.7393
1622430446573000,1,40.00000000,0.7363
1622430446573000,1,934.92240000,0.7363
1622430446573000,1,760.11210000,0.7362
1622430446573000,1,460.47582504,0.7361
1622430446573000,1,460.47582504,0.7361
1622430446573000,1,4844.01384992,0.7359
1622430558306000,1,302.68256424,0.7352
1622430617582000,1,83.99536101,0.7350
1622430632842000,0,58.50340136,0.7342
1622430807989000,0,301.07425046,0.7391
1622430939731000,1,83.99536101,0.7386
1622431526672000,1,301.07425046,0.7417
1622431559977000,0,300.15861494,0.7439
1622431592991000,0,459.59402520,0.7449
1622431592991000,0,373.85504617,0.7449
1622431592991000,0,166.55092863,0.7452
1622431834747000,1,300.15861494,0.7440
1622432370536000,1,60.65353575,0.7384
1622432678685000,1,355.80438459,0.7361
1622433288122000,1,560.00000000,0.7350
1622433288322000,1,1117.79374150,0.7350
1622433290048000,1,560.19375500,0.7350
1622433290220000,1,557.99997200,0.7350
1622433290338000,1,579.80621858,0.7350
1622433291931000,1,1118.64348952,0.7350
1622433292408000,1,1748.81792543,0.7350
1622433364298000,0,0.19377457,0.7350
1622434055664000,1,367.49599320,0.7386
1622434399929000,0,7200.00000000,0.7370
1622434399929000,0,1769.86442376,0.7382
1622434756584000,1,4787.02305162,0.7346
1622434844554000,0,67.89603758,0.7364
1622434956082000,1,562.99997267,0.7315
1622434956437000,1,267.27667194,0.7315
1622434956638000,1,856.36044751,0.7315
1622434957751000,1,91.21192651,0.7315
1622434957941000,1,1123.63711945,0.7315
1622434958147000,1,91.21192651,0.7315
1622434958216000,1,458.78807349,0.7315
1622434958520000,1,91.21192651,0.7315
1622434958610000,1,468.78807349,0.7315
1622434958908000,1,91.21192651,0.7315
1622434959337000,1,91.21192651,0.7315
1622434959987000,1,91.21192651,0.7315
1622434960020000,1,1124.32552351,0.7315
1622434966749000,1,966.91544540,0.7315
1622434994973000,1,1101.58869620,0.7315
1622435001828000,1,22.04841728,0.7315
1622435004220000,0,27.35549844,0.7312
1622435699771000,0,47.81739543,0.7364
1622435999636000,0,5897.00000000,0.7393
1622435999636000,0,460.82949312,0.7394
1622435999636000,0,404.79174825,0.7394
1622436311716000,0,936.88946000,0.7398
1622436311716000,0,1735.00000000,0.7398
1622436311716000,0,351.21025917,0.7398
1622436311716000,0,1351.44448018,0.7402
1622436311716000,0,1293.17760000,0.7402
1622436311716000,0,755.43286015,0.7402
1622436311716000,0,1333.20484117,0.7409
1622436438319000,1,30.00000000,0.7356
1622436546414000,1,216.04333387,0.7348
1622437295463000,1,357.28233920,0.7341
1622437317275000,0,34.00000000,0.7356
1622438394312000,0,29.99998645,0.7383
1622438398335000,0,0.00001355,0.7383
1622438927891000,0,40.00000000,0.7473
1622438927891000,0,459.59402520,0.7473
1622438927891000,0,5685.33240000,0.7473
1622438927891000,0,933.85255000,0.7473
1622438927891000,0,3052.33761505,0.7474
1622439144580000,0,276.53821958,0.7471
1622439152514000,0,268.00000000,0.7465
1622439493513000,1,30.00000000,0.7435
1622439551067000,1,373.21746479,0.7414
1622439551067000,1,199.17810000,0.7403
1622439551067000,1,688.78289287,0.7403
1622439551067000,1,1072.71071359,0.7402
1622439551067000,1,40.00000000,0.7394
1622439551067000,1,7797.22741900,0.7394
1622439909429000,0,67.39543598,0.7419
1622440047421000,1,60.23524947,0.7379
1622440056913000,0,300.00000000,0.7378
1622440096047000,1,109.91891319,0.7360
1622440230645000,1,99.99999999,0.7366
1622440231153000,1,0.00000001,0.7366
1622440353735000,0,344.08893126,0.7406
1622440353736000,0,0.00002048,0.7406
1622440353736000,0,344.08891851,0.7410
1622440625013000,0,46.52559414,0.7379
1622440708350000,0,358.11281186,0.7407
1622440742134000,1,74.86003704,0.7407
1622441015972000,0,88.72040972,0.7439
1622441147227000,0,76.64194274,0.7429
1622441495342000,0,100.00000000,0.7470
1622441500119000,0,100.00000000,0.7490
1622441500119000,0,33.86880857,0.7496
1622441527691000,0,58.50339500,0.7496
1622441531492000,0,365.25721031,0.7496
1622441531754000,0,0.00000636,0.7496
1622441531754000,0,356.59464532,0.7514
1622441531754000,0,604.93883195,0.7521
1622441909343000,0,1244.57776951,0.7534
1622441909600000,0,205.96511720,0.7534
1622441918300000,0,148.08969989,0.7541
1622441920376000,0,308.18406427,0.7541
1622441920376000,0,349.45836909,0.7541
1622441920376000,0,62.21849512,0.7541
1622441920376000,0,891.98757293,0.7545
1622442090480000,0,33.82749326,0.7568
1622442090480000,0,1318.30373721,0.7589
1622442090480000,0,3206.14607244,0.7590
1622442842638000,0,454.20136272,0.7585
1622442842638000,0,912.38620000,0.7586
1622442842638000,0,1320.32364697,0.7587
1622442842638000,0,2407.05453471,0.7587
1622443364647000,0,286.00603449,0.7590
1622443544030000,1,655.01451569,0.7578
1622443544254000,1,0.00000001,0.7578
1622443746916000,0,270.48791000,0.7578
1622443746916000,0,383.27995514,0.7578
1622443863690000,0,45.49353391,0.7590
1622443915082000,0,54.50646609,0.7590
1622444095069000,1,365.51324790,0.7607
1622444114190000,0,108.12011142,0.7600
1622444114190000,0,270.09858092,0.7608
1622444114190000,0,378.31623628,0.7608
1622444114190000,0,99.28955091,0.7618
1622444292836000,1,347.17727084,0.7589
1622444347068000,0,363.70447362,0.7606
1622444594177000,1,150.00000000,0.7633
1622444605153000,0,59.95283710,0.7655
1622444605153000,0,27.35549844,0.7656
1622444605153000,0,65.28197818,0.7656
1622444798585000,0,106.96633111,0.7679
1622444798585000,0,1302.31332958,0.7682
1622444798585000,0,267.40383291,0.7682
1622444798585000,0,987.51509290,0.7683
1622444937019000,0,267.42335359,0.7680
1622444937019000,0,106.93007434,0.7680
1622444937019000,0,266.68055663,0.7687
1622445296431000,1,343.32324149,0.7672
1622445309734000,1,50.00000000,0.7662
1622445381752000,1,40.00000000,0.7664
1622445381752000,1,60.00000000,0.7664
1622445402514000,0,77.00000000,0.7672
1622445530122000,0,100.00000000,0.7699
1622445553922000,1,353.14626703,0.7713
1622445690788000,0,351.66737728,0.7740
1622445744031000,0,455.75389296,0.7721
1622445744031000,0,369.85258735,0.7721
1622445744031000,0,685.65842381,0.7725
1622445744031000,0,1382.90959018,0.7725
1622445773773000,1,649.18203064,0.7702
1622445934425000,1,363.46761500,0.7702
1622446079337000,1,637.83293560,0.7729
1622446079455000,1,10628.44891493,0.7729
1622446079554000,1,1594.58233899,0.7729
1622446079719000,1,637.83293560,0.7729
1622446079991000,1,10627.92349013,0.7729
1622446080533000,1,1079.15629824,0.7729
1622446080975000,1,212.55846981,0.7729
1622446081059000,1,1079.15629824,0.7729
1622446081599000,1,770.91050766,0.7729
1622446485619000,1,43.10344827,0.7698
1622446683352000,0,27.00000000,0.7730
1622446691167000,0,50.00000000,0.7740
1622446742948000,1,890.59089000,0.7733
1622446812956000,0,105.90016529,0.7749
1622446812956000,0,216.93391510,0.7751
1622447503712000,0,40.45518541,0.7742
1622447924585000,1,38.47656250,0.7730
1622448010693000,1,1057.49013063,0.7753
1622448010693000,1,12.50986937,0.7746
1622448098900000,0,32.93963254,0.7772
1622448202439000,1,39.99999999,0.7735
1622448998330000,0,456.10034208,0.7745
1622448998330000,0,1735.00000000,0.7745
1622448998330000,0,1743.77876008,0.7745
1622449393236000,0,100.00000000,0.7779
1622449430583000,0,79.87638802,0.7790
1622449438824000,0,34.00000000,0.7800
1622449635282000,1,488.19693094,0.7820
1622449705807000,0,44.08567775,0.7827
1622449717235000,1,65.31830980,0.7803
1622450181657000,1,216.22584346,0.7847
1622450350630000,1,271.61080157,0.7843
1622450900820000,0,455.23520496,0.7831
1622450900820000,0,108.46461160,0.7831
1622451350209000,0,26.65902823,0.7856
1622451686848000,0,100.00000000,0.7890
1622451686848000,0,361.29301418,0.7899
1622451686848000,0,1266.09084564,0.7907
1622451686848000,0,861.69877997,0.7907
1622451762407000,0,38.00402842,0.7894
1622451815787000,0,317.67815390,0.7870
1622452337110000,1,1041.52312351,0.7873
1622452337110000,1,2602.01160563,0.7873
1622452346099000,1,665.83875316,0.7860
1622452348647000,1,377.37362897,0.7860
1622452362585000,1,754.82759103,0.7862
1622452433666000,1,687.37653661,0.7878
1622452537930000,1,144.98828829,0.7878
1622453370893000,0,43.76221788,0.7923
1622453484329000,0,144.19508747,0.7918
1622453641546000,0,27.00000000,0.7923
1622454102286000,1,43.76221788,0.7906
1622454182438000,0,43.76587322,0.7915
1622454384434000,0,451.12781952,0.7938
1622454384434000,0,548.87218048,0.7938
1622454585221000,1,148.08969989,0.7845
1622454669844000,1,40.45518541,0.7836
1622454712853000,1,1000.00000000,0.7849
1622454720076000,1,445.16720847,0.7869
1622454954308000,0,294.43547464,0.7866
1622455096239000,0,948.27142857,0.7860
1622455098476000,0,193.76145630,0.7866
1622455210915000,1,294.43547464,0.7845
1622455378288000,0,292.63533972,0.7893
1622455453349000,0,500.00000000,0.7896
1622455455608000,0,59.15488855,0.7896
1622455485901000,1,146.31766986,0.7911
1622455930410000,0,100.00000000,0.7940
1622456009192000,0,268.00000000,0.7950
1622456009688000,0,27.00000000,0.7952
1622456042987000,0,27.00000000,0.7967
1622456052851000,0,32.09718670,0.7976
1622456066313000,0,3135.74205559,0.7980
1622456067874000,0,93.00000000,0.7990
1622456067874000,0,100.00000000,0.7990
1622456149870000,0,27.00000000,0.8000
1622456149870000,0,33.35894983,0.8001
1622456149870000,0,23.31564737,0.8007
1622456920750000,0,954.58199356,0.7962
1622457219463000,1,286.00603449,0.7946
1622457723654000,0,6243.25510203,0.8000
1622458040766000,1,300.00000000,0.8000
1622458478783000,0,1000.00000000,0.8030
1622458754850000,1,250.00000000,0.8051
1622458959139000,0,124.10797393,0.8057
1622459009698000,1,124.10797393,0.8049
1622459026332000,0,100.00000000,0.8057
1622459076206000,1,1524.53518753,0.8035
1622459088456000,0,117.01088986,0.8038
1622459503697000,1,371.06475327,0.8038
1622459721449000,0,658.24805414,0.8081
1622459740607000,1,368.13142106,0.8066
1622459959324000,0,2546.98287220,0.8050
1622460306934000,0,100.00000000,0.8090
1622460854868000,1,351.66737728,0.8091
1622460893082000,0,45.23893597,0.8105
1622461141086000,0,25.78608247,0.8122
1622461155290000,0,895.87252406,0.8129
1622461559594000,1,1015.41107396,0.8071
1622461559594000,1,2538.45108943,0.8068
1622461559594000,1,3553.83152520,0.8064
1622461559594000,1,648.66581208,0.8062
1622461617457000,0,247.40533653,0.8084
1622461643774000,1,2665.04464749,0.8062
1622461871135000,1,1019.48982305,0.8033
1622461871135000,1,48.05165668,0.8032
1622461917646000,0,411.17914451,0.8052
1622462384122000,1,250.00000000,0.8022
1622462709312000,0,663.62337662,0.8100
1622462908197000,1,27.00000000,0.8109
1622462986287000,1,374.85600611,0.8098
1622462995703000,1,707.11620257,0.8094
1622463004293000,1,636.75715415,0.8089
1622463061239000,1,457.84141631,0.8105
1622463264068000,1,317.67815390,0.8100
1622463499177000,1,135.00000000,0.8089
1622463808822000,1,100.00000000,0.8104
1622463894968000,0,27.00000000,0.8116
1622463919598000,0,27.00000000,0.8119
1622463922229000,0,361.47520570,0.8121
1622464087448000,1,732.57033135,0.8075
1622464088493000,1,281.61417527,0.8075
1622464096962000,1,109.97609125,0.8075
1622464577467000,1,1020.65335866,0.8025
1622464581213000,0,124.40750923,0.8038
1622464785230000,1,101.25570062,0.8004
1622464785245000,1,0.00000001,0.8004
1622464785245000,1,100.00000000,0.8000
1622464785325000,1,99.52919027,0.7975
1622464785755000,1,40.00000000,0.7979
1622464785755000,1,596.74571805,0.7976
1622464842272000,1,1026.55458955,0.7974
1622464842272000,1,654.11827980,0.7970
1622464845260000,1,784.85338000,0.7974
1622464846124000,1,241.70120955,0.7974
1622464846124000,1,108.29879045,0.7970
1622464846749000,1,108.29879045,0.7970
1622464880183000,1,717.75857784,0.7979
1622464882766000,1,308.07444773,0.7979
1622465251553000,0,135.00000000,0.7998
1622465295390000,0,27.00000000,0.7998
1622465382875000,0,159.27858334,0.7998
1622465481663000,1,27.00000000,0.7974
1622465481663000,1,12.95852408,0.7967
1622465481720000,1,14.04147592,0.7967
1622465541960000,1,855.82447953,0.7981
1622465733421000,1,27.00000000,0.7952
1622465854738000,1,93.04603731,0.7940
1622465855005000,1,602.87074807,0.7940
1622465855005000,1,33.86925193,0.7932
1622465855056000,1,117.12912131,0.7932
1622465858602000,1,253.51725287,0.7933
1622465937234000,0,257.73993010,0.7954
1622466938064000,0,144.19508747,0.7973
1622467259395000,0,1021.38523966,0.8027
1622467259395000,0,358.48921655,0.8029
1622467259395000,0,488.43240827,0.8031
1622467460020000,0,513.62524674,0.8052
1622468688541000,1,867.24723000,0.7942
1622468688541000,1,454.02951192,0.7941
1622468688541000,1,150.27352631,0.7940
1622468807259000,1,658.24805414,0.7934
1622469172944000,1,222.95288350,0.7980
1622469248939000,0,363.32805692,0.7992
1622469436114000,0,67.39543598,0.7978
1622469818739000,1,3143.52104891,0.7947
1622469894993000,1,100.00000000,0.7911
1622469897625000,1,27.00000000,0.7907
1622470142802000,1,626.67087782,0.7857
1622470143356000,1,1042.27842654,0.7850
1622470143356000,1,1083.05761852,0.7850
1622470143356000,1,1273.45825502,0.7847
1622470143356000,1,2605.73088741,0.7847
1622470143356000,1,2210.64800000,0.7843
1622470143356000,1,1784.82681251,0.7843
1622470143512000,1,636.74000000,0.7843
1622470143683000,1,205.96511720,0.7850
1622470173105000,1,114.50116009,0.7856
1622470203613000,0,358.69982105,0.7881
1622470205398000,0,688.26400071,0.7885
1622470817958000,0,1035.78430397,0.7918
1622470817958000,0,2590.62628914,0.7919
1622470817958000,0,371.66158266,0.7921
1622470817958000,0,726.71499803,0.7922
1622470817958000,0,1262.10243533,0.7928
1622470817958000,0,3624.53428854,0.7928
1622470817958000,0,3154.87393050,0.7930
1622470817958000,0,1120.33016768,0.7930
1622470817958000,0,379.37411231,0.7931
1622470883682000,1,706.70729552,0.7905
1622471017966000,1,707.66618177,0.7862
1622471019091000,1,365.14448125,0.7853
1622471149114000,0,6957.03236779,0.7850
1622471488032000,1,276.53821958,0.7882
1622471585959000,0,718.35478771,0.7906
1622472099346000,1,146.31766986,0.7920
1622472292140000,1,68.80903714,0.7897
1622472918798000,1,34.40451857,0.7965
1622473065621000,1,4965.59548143,0.7965
1622473222522000,0,62.60721485,0.7986
1622473383289000,0,862.91673000,0.8001
1622473512602000,1,40.00000000,0.8023
1622473512602000,1,366.01285428,0.8023
1622473512602000,1,745.82423053,0.8019
1622473513373000,0,126.50109677,0.8069
1622473541581000,0,343.08715825,0.8054
1622473604910000,0,733.03593556,0.8068
1622473689737000,0,1239.91229276,0.8070
1622473689737000,0,353.90303899,0.8070
1622473804429000,0,98.89180783,0.8063
1622473999462000,0,110.24455212,0.8088
1622473999529000,0,37.42739718,0.8084
1622473999539000,0,2.57260282,0.8084
1622473999539000,0,337.21654700,0.8088
1622473999821000,0,101.25570062,0.8090
1622473999821000,0,0.00000001,0.8090
1622473999891000,0,92.22792336,0.8100
1622473999996000,0,1321.50987389,0.8100
1622474007986000,0,27.00000000,0.8134
1622474012449000,0,27.00000000,0.8149
1622474040015000,0,62.91925465,0.8150
1622474040223000,0,27.00000000,0.8160
1622474040340000,0,79.68865824,0.8171
1622474088209000,1,76.48578320,0.8157
1622474088214000,1,0.00000001,0.8157
1622474120062000,0,444.93882096,0.8172
1622474120062000,0,94.84705912,0.8172
1622474120062000,0,460.21411992,0.8173
1622474261000000,0,218.04833807,0.8159
1622474543482000,1,351.05036325,0.8154
1622474543482000,1,838.83767209,0.8147
1622474576057000,0,200.00000000,0.8190
1622474576057000,0,100.00000000,0.8190
1622474576593000,0,717.44350760,0.8196
1622474576593000,0,358.22234134,0.8196
1622474576656000,0,113.07262522,0.8200
1622474576674000,0,47.09464732,0.8200
1622474576674000,0,399.83272700,0.8202
1622474577158000,0,249.34930364,0.8202
1622474709524000,0,27.00000000,0.8215
1622474718025000,0,385.17361996,0.8230
1622474868301000,0,993.78364437,0.8240
1622474868301000,0,2484.69235076,0.8243
1622474868301000,0,1021.52400487,0.8248
1622475275577000,0,50.00000000,0.8222
1622475761291000,0,27.00000000,0.8267
1622475763876000,0,83.83366415,0.8274
1622475770376000,0,200.00000000,0.8290
1622475957921000,0,986.14404975,0.8301
1622475958062000,1,986.14404975,0.8301
1622475958094000,1,1054.76521809,0.8301
1622476277622000,0,1530.98092387,0.8250
1622476277677000,0,269.62566007,0.8250
1622476277759000,0,578.99998787,0.8270
1622476389045000,1,350.00000000,0.8249
1622476389045000,1,991.40664316,0.8243
1622476389045000,1,359.86465514,0.8241
1622476389045000,1,1015.54571200,0.8241
1622476394979000,1,733.03593556,0.8243
1622476470451000,0,35.71244043,0.8242
1622476507015000,0,686.58468273,0.8269
1622476619605000,1,250.00000000,0.8260
1622476824219000,0,137.11635061,0.8321
1622476908609000,1,137.11635061,0.8285
1622477633887000,0,120.40222600,0.8284
1622477735978000,0,27.00000000,0.8330
1622477768687000,0,40.00000000,0.8337
1622477768687000,0,33.39988256,0.8337
1622477770568000,0,102.00000000,0.8338
1622477773773000,0,100.00000000,0.8340
1622477778786000,1,249.75000000,0.8340
1622477933407000,1,344.37392683,0.8311
1622478160427000,0,440.85231456,0.8347
1622478160563000,1,786.47073937,0.8347
1622478160649000,1,9808.94535476,0.8347
1622478160777000,1,980.89453548,0.8347
1622478161174000,1,1204.00564743,0.8347
1622478410275000,1,200.00000000,0.8300
1622478410275000,1,441.03398456,0.8298
1622478481115000,1,3015.00717088,0.8287
1622478519061000,1,340.15118793,0.8261
1622478519061000,1,550.82853337,0.8256
1622478607071000,0,331.61062275,0.8302
1622478608295000,0,670.57474193,0.8306
1622478956601000,1,9296.97751833,0.8291
1622479397542000,1,736.44193418,0.8213
1622479397548000,1,736.44193418,0.8213
1622479397583000,1,137.91087674,0.8211
1622479397583000,1,102.00000000,0.8211
1622479397583000,1,496.51356423,0.8210
1622479397755000,1,2894.17449430,0.8210
1622479397795000,1,736.67680000,0.8210
1622479397803000,1,433.37214817,0.8210
1622479398019000,1,40.00000000,0.8196
1622479398019000,1,665.10696856,0.8162
1622479504406000,0,40.00000000,0.8199
1622479522605000,0,739.79584865,0.8214
1622479523172000,0,178.65456307,0.8214
1622479523172000,0,346.65651189,0.8214
1622479646582000,1,760.53512016,0.8212
1622479763034000,0,137.91087674,0.8230
1622479993684000,1,359.28600950,0.8205
1622480587339000,1,344.64557230,0.8188
1622480629550000,1,733.06567730,0.8167
1622480629550000,1,1000.29966663,0.8167
1622480629550000,1,2201.51375823,0.8162
1622480649782000,1,349.67973763,0.8161
1622480650490000,1,39.99999999,0.8151
1622480650492000,1,0.00000001,0.8151
1622481021487000,1,76.79568840,0.8152
1622481374912000,1,100.00000000,0.8111
1622481374912000,1,100.00000000,0.8111
1622481374912000,1,100.00000000,0.8111
1622481375246000,1,365.22207458,0.8094
1622481375246000,1,1008.47945811,0.8092
1622481375246000,1,707.90509600,0.8090
1622481375246000,1,2521.30620388,0.8087
1622481375246000,1,1018.29293908,0.8082
1622481375246000,1,4378.79422835,0.8080
1622481375853000,1,126.50109677,0.8082
1622481493038000,0,54.00000000,0.8094
1622481504601000,0,27.00000000,0.8094
1622481523277000,0,27.00000000,0.8094
1622481542135000,0,27.00000000,0.8072
1622481932299000,0,280.42131810,0.8089
1622481964314000,0,730.43430108,0.8089
1622481985351000,1,280.42131810,0.8080
1622482179825000,0,1011.23281830,0.8093
1622482180255000,0,1011.23281830,0.8093
1622482208200000,1,1010.32764054,0.8086
1622482208200000,1,2525.45423030,0.8081
1622482208200000,1,1022.49543207,0.8073
1622482225709000,0,721.44613247,0.8099
1622482226266000,0,363.98741627,0.8099
1622482345772000,1,1010.25304231,0.8084
1622482345892000,0,1010.25304231,0.8084
1622482347612000,0,1010.25304231,0.8084
1622482349604000,0,1010.25304231,0.8084
1622482351627000,0,1010.25304231,0.8084
1622482353604000,0,1010.25304231,0.8084
1622482355604000,0,807.65153827,0.8084
1622482448958000,1,357.04690212,0.8079
1622482491731000,1,27.00000000,0.8062
1622483104582000,0,338.03062207,0.8074
1622483379663000,0,280.29937527,0.8084
1622483464974000,1,326.28205128,0.8063
1622483634076000,1,110.00000000,0.8087
1622483886419000,0,321.36956575,0.8111
1622484205951000,1,1237.94373867,0.8066
1622484217038000,1,321.36956575,0.8058
1622485209872000,0,363.74781794,0.8090
1622485305432000,0,1013.26823861,0.8081
1622485305432000,0,2533.17059652,0.8085
1622485305432000,0,3261.73334447,0.8096
1622485499523000,1,307.48441388,0.8079
1622485832002000,1,279.52656006,0.8087
1622485965752000,0,518.23987943,0.8095
1622486100074000,1,280.29937527,0.8076
1622486863190000,0,123.78688849,0.8078
1622486928416000,1,66.20831056,0.8057
1622486928749000,1,93.95254534,0.8057
1622486963197000,1,0.00000001,0.8057
1622487648615000,0,66.20831056,0.8090
1622487648615000,0,93.95254534,0.8090
1622487648615000,0,0.00000001,0.8090
1622487703289000,0,10090.28989663,0.8100
1622487703850000,0,10090.21374265,0.8100
1622487783073000,0,27.68721596,0.8098
1622487808160000,0,3966.13580246,0.8100
1622488176474000,0,488.26818000,0.8100
1622488382810000,0,2633.49456746,0.8100
1622488427001000,0,79.61360991,0.8116
1622488427044000,0,20.38639009,0.8116
1622488427527000,0,189.76611424,0.8128
1622489659028000,1,1012.08907735,0.8075
1622489659028000,1,2067.63949686,0.8075
1622490098947000,1,252.73778394,0.8102
1622490301499000,0,28.00000000,0.8127
1622490756483000,0,366.92625680,0.8133
1622491027824000,0,138.63472115,0.8164
1622491208698000,0,443.62292040,0.8180
1622491208698000,0,203.41686307,0.8180
1622491230003000,0,100.00000000,0.8190
1622491231058000,0,99.81301421,0.8200
1622491394683000,0,100.00000000,0.8240
1622491776963000,0,83.67718447,0.8205
1622492254355000,0,98.26787358,0.8163
1622492459933000,1,138.63472115,0.8130
1622492853698000,0,1000.73245575,0.8182
1622492853698000,0,2502.21633023,0.8184
1622493987022000,0,137.87194457,0.8170
1622494873695000,0,100.00000000,0.8168
1622495186299000,0,1121.61080157,0.8187
1622495981433000,1,137.87194457,0.8234
1622496021488000,0,274.21075602,0.8248
1622497411775000,1,518.23987943,0.8171
1622497412098000,1,274.21075602,0.8171
1622497498395000,0,517.22832260,0.8187
1622497771999000,1,322.83408039,0.8185
1622497895567000,0,320.64116098,0.8241
1622498379035000,1,27.00000000,0.8210
1622498439491000,0,27.00000000,0.8235
1622498582643000,0,27.00000000,0.8271
1622498587507000,0,102.00000000,0.8276
1622498718431000,1,987.99373823,0.8272
1622498723241000,1,393.78844755,0.8272
1622499107682000,1,363.04213674,0.8294
1622499734469000,1,330.17881968,0.8319
1622500022227000,0,3027.05331759,0.8316
1622500540666000,1,40.00000000,0.8272
1622500540666000,1,93.86880857,0.8272
1622501580401000,0,24.14496637,0.8283
1622501611641000,0,24.16159273,0.8278
1622501711659000,0,33.87165063,0.8266
1622501802310000,1,331.41701788,0.8246
1622501802310000,1,687.31662237,0.8242
1622501802310000,1,40.00000000,0.8231
1622501802310000,1,1791.19554763,0.8231
1622502141265000,0,354.90655439,0.8228
1622502141265000,0,248.48181828,0.8233
1622502952441000,0,15011.91041412,0.8270
1622502978762000,0,530.76870000,0.8270
1622502986238000,0,8389.34920471,0.8270
1622503083815000,0,5548.30655910,0.8300
1622503476858000,1,826.91714000,0.8305
1622503476858000,1,3877.10770982,0.8305
1622503721645000,0,40.00000000,0.8333
1622503721645000,0,825.95743000,0.8333
1622503721757000,1,122.39066321,0.8333
1622504424060000,0,25.08178844,0.8350
1622504426649000,1,0.02845156,0.8362
1622504979707000,1,40.00000000,0.8331
1622504979707000,1,1538.26733374,0.8325
1622505097628000,1,339.67981638,0.8345
1622505097628000,1,729.46657109,0.8341
