timestamp ms,type,amount,price
1622332878583000,0,222.56018941,0.7399
1622333589793000,0,112.92265098,0.7295
1622333589884000,1,100.00000000,0.7277
1622333614028000,0,73.67864477,0.7289
1622333838837000,0,27.47403703,0.7280
1622333844412000,0,39.83735370,0.7279
1622333862953000,1,34.76454293,0.7220
1622333902191000,0,42.93628809,0.7220
1622334955301000,1,35.75498575,0.7020
1622335028846000,0,34.18803419,0.7014
1622335067066000,0,39.91845230,0.7007
1622336150754000,1,155.42173016,0.7024
1622336653417000,0,39.91845230,0.7154
1622336690302000,0,35.75498575,0.7160
1622336690302000,0,34.18803419,0.7160
1622336840300000,1,300.47066733,0.7139
1622337209130000,1,300.47066733,0.7092
1622338287054000,1,35.75498575,0.7020
1622338921541000,0,34.18803419,0.7019
1622340963294000,0,35.75498575,0.7160
1622340963294000,0,34.18803419,0.7160
1622341336089000,1,352.11564949,0.7189
1622341628932000,0,147.43731665,0.7227
1622344512674000,0,42.93628809,0.7364
1622344513464000,0,34.76454293,0.7364
1622345700105000,1,34.76454293,0.7220
1622346903920000,0,34.76454293,0.7364
1622347457292000,1,1364.30114491,0.7323
1622347992577000,1,1116.46312531,0.7360
1622347992577000,1,163.16525491,0.7357
1622348208353000,1,1357.62287096,0.7363
1622349140622000,0,39.83735370,0.7425
1622350081514000,1,77.52105085,0.7422
1622350234767000,0,463.85775024,0.7440
1622350234767000,0,110.72101339,0.7440
1622350234767000,0,276.88504671,0.7441
1622350234767000,0,367.65123586,0.7452
1622350893876000,0,221.50307737,0.7433
1622350893876000,0,258.09355234,0.7436
1622351270193000,0,222.95288350,0.7467
1622351530450000,0,600.00000000,0.7490
1622351680751000,0,90.00000000,0.7514
1622351942794000,0,33.82749326,0.7568
1622351942794000,0,48.51752022,0.7568
1622352065355000,0,217.46220567,0.7574
1622352065469000,1,571.00000000,0.7578
1622352065474000,1,1764.90138990,0.7578
1622352072217000,0,112.20082605,0.7571
1622352282639000,0,714.08169095,0.7602
1622352282752000,0,40.00000000,0.7611
1622352283149000,0,100.00000000,0.7640
1622352283149000,0,100.00000000,0.7640
1622352283149000,0,54.67249840,0.7648
1622352283149000,0,90.00000000,0.7658
1622352283149000,0,683.85793591,0.7660
1622352283149000,0,1583.14937028,0.7660
1622352283814000,0,107.91123012,0.7645
1622352283814000,0,188.24036060,0.7660
1622352500811000,0,96.35937208,0.7690
1622352502267000,0,27.22041599,0.7694
1622352922552000,1,50.48269757,0.7661
1622352956768000,0,107.53276886,0.7661
1622352956768000,0,455.23520496,0.7669
1622352956768000,0,102.39766242,0.7677
1622353275115000,0,40.00000000,0.7625
1622353302373000,1,27.70000000,0.7622
1622353728444000,0,903.09291000,0.7681
1622353728444000,0,457.66590384,0.7681
1622353728444000,0,40.00000000,0.7681
1622353728444000,0,149.08941542,0.7695
1622354339289000,1,27.02000000,0.7670
1622354361516000,0,85.52000000,0.7700
1622354368350000,0,55.58790831,0.7707
1622354368539000,0,40.00000000,0.7730
1622354368539000,0,15.58790403,0.7762
1622354368544000,0,44.19575108,0.7762
1622354368962000,0,187.79469737,0.7762
1622354411304000,1,268.33247466,0.7725
1622354452035000,0,32.93963254,0.7772
1622354531549000,1,265.49142462,0.7770
1622354585997000,1,3218.38991841,0.7757
1622354651638000,1,156.63044900,0.7743
1622354694965000,1,128.37331435,0.7750
1622354938554000,0,35.00000000,0.7800
1622354938554000,0,1410.00000000,0.7800
1622355248444000,0,451.63718472,0.7775
1622355248444000,0,1287.01782659,0.7775
1622355248444000,0,40.00000000,0.7775
1622355248511000,1,172.75560898,0.7778
1622355248665000,1,1215.36747606,0.7778
1622355256422000,0,95.83118403,0.7777
1622355416497000,0,500.00000000,0.7805
1622355613882000,0,40.00000000,0.7823
1622355613882000,0,19.97392438,0.7823
1622355613882000,0,100.00000000,0.7823
1622355693262000,0,86.70566127,0.7840
1622355758108000,1,1277.85326236,0.7822
1622355929888000,0,63.57114130,0.7862
1622356686166000,0,181.63183228,0.7875
1622356688212000,0,26.58288386,0.7878
1622356826326000,0,10.00000000,0.7890
1622356826326000,0,190.00000000,0.7890
1622356910102000,0,129.91438549,0.7900
1622356910102000,0,122.98551908,0.7917
1622357114710000,1,40.00000000,0.7855
1622357114710000,1,76.71630668,0.7854
1622357236398000,0,100.00000000,0.7889
1622357236398000,0,342.02651703,0.7898
1622357236398000,0,144.93803352,0.7902
1622357373931000,0,448.26298104,0.7912
1622357373931000,0,40.00000000,0.7912
1622357373931000,0,219.51043549,0.7912
1622357405469000,0,303.70136032,0.7903
1622357593932000,1,160.16724713,0.7867
1622357658534000,1,200.00000000,0.7895
1622357677031000,0,27.02000000,0.7923
1622357677031000,0,224.99185381,0.7938
1622357783760000,0,631.45005126,0.7891
1622357789588000,1,0.00002541,0.7867
1622358107734000,0,100.75566750,0.7940
1622358150376000,0,104.03464130,0.7929
1622358150376000,0,22.08768732,0.7930
1622358268172000,1,665.16563624,0.7918
1622358379376000,1,185.12993179,0.7888
1622358850094000,1,159.98729878,0.7851
1622358873075000,1,119.99047408,0.7835
1622359224637000,1,89.99285556,0.7866
1622359417062000,0,31.71783811,0.7882
1622359543783000,1,67.49464167,0.7844
1622359898285000,0,185.53534487,0.7928
1622359960360000,1,1042.23161023,0.7899
1622359960360000,1,1129.80780000,0.7889
1622359960360000,1,555.94546707,0.7889
1622360140931000,1,661.87757237,0.7915
1622360195022000,0,189.21475875,0.7927
1622360426835000,0,99.24433250,0.7940
1622360473315000,0,40.00000000,0.7951
1622360473315000,0,27.99143051,0.7951
1622360577146000,0,125.46579175,0.7969
1622360665967000,0,658.03356109,0.7962
1622360753082000,0,1189.88803534,0.7967
1622361147046000,0,125.49570804,0.7968
1622361604317000,1,658.03356109,0.7963
1622361615999000,0,27.00000000,0.7974
1622361616972000,0,32.09718670,0.7976
1622361658390000,0,66.30707828,0.7998
1622361659585000,0,235.00083806,0.8000
1622361659585000,0,38.50000000,0.8000
1622361659585000,0,26.00000000,0.8000
1622361673676000,0,33.35894983,0.8001
1622361843074000,1,1253.65471265,0.7956
1622361853173000,0,207.47804227,0.7954
1622361853173000,0,150.65419943,0.7963
1622361917948000,1,542.44574406,0.7926
1622362277743000,1,260.20254165,0.7945
1622362419253000,0,207.56566450,0.7945
1622362419253000,0,451.80223283,0.7947
1622362517772000,1,110.15134400,0.7925
1622362622236000,0,500.00000000,0.7950
1622362688326000,1,27.00000000,0.7914
1622362699013000,1,27.00000000,0.7904
1622362713705000,1,57.27806713,0.7885
1622362713911000,1,389.81582255,0.7885
1622362713911000,1,2210.64800000,0.7885
1622362713911000,1,447.09388968,0.7885
1622362713911000,1,119.22038412,0.7885
1622362725340000,1,27.00000000,0.7901
1622362741953000,1,659.36789733,0.7892
1622362751310000,1,252.89990457,0.7906
1622362782982000,1,27.00000000,0.7911
1622362793904000,1,27.00000000,0.7911
1622362838411000,0,27.00000000,0.7926
1622363042839000,1,27.00000000,0.7881
1622363053490000,1,25.92114695,0.7886
1622363111082000,0,27.00000000,0.7902
1622363111082000,0,312.59833199,0.7909
1622363111082000,0,27.00000000,0.7911
1622363111082000,0,291.26634289,0.7912
1622363261483000,1,27.00000000,0.7903
1622363488076000,0,27.00000000,0.7908
1622363490655000,0,27.00000000,0.7915
1622363523587000,0,27.00000000,0.7938
1622363709367000,0,27.00000000,0.7949
1622363710088000,0,1500.00000000,0.7950
1622363713154000,0,27.00000000,0.7957
1622363714161000,0,315.06713248,0.7958
1622363715652000,0,27.00000000,0.7960
1622363858783000,1,1036.76936630,0.7931
1622364019124000,1,185.53534487,0.7903
1622364070233000,1,1036.06559128,0.7935
1622364070233000,1,369.42336004,0.7933
1622364116741000,1,147.13907052,0.7904
1622364365228000,0,27.00000000,0.7941
1622364412123000,1,323.77758258,0.7943
1622364480751000,1,657.86467488,0.7953
1622364484393000,1,375.98776983,0.7953
1622364484393000,1,678.12894366,0.7945
1622364535885000,1,790.58753512,0.7945
1622364555771000,1,592.94065134,0.7933
1622364721106000,1,889.41097700,0.7950
1622364761020000,1,108.84576200,0.7951
1622364761020000,1,780.56521500,0.7943
1622364817655000,1,95.42913981,0.7935
1622364918510000,1,144.49524557,0.7931
1622364967352000,0,126.23871741,0.7922
1622365062848000,0,626.44144887,0.7890
1622365062848000,0,36.67682619,0.7893
1622365185225000,1,144.13042876,0.7867
1622365284103000,0,27.00000000,0.7941
1622365503688000,1,1039.65602345,0.7917
1622365503756000,1,7831.64051454,0.7917
1622365504060000,1,548.00000000,0.7902
1622365789228000,0,27.00000000,0.7971
1622365843711000,1,663.11827506,0.7959
1622366619333000,1,1030.29514412,0.7980
1622366619333000,1,333.69729453,0.7976
1622367053361000,0,415.45793090,0.7930
1622367053361000,0,249.93622013,0.7934
1622368041027000,0,27.00000000,0.7941
1622368066002000,0,2000.00000000,0.7946
1622368363599000,0,27.00000000,0.7948
1622368455440000,1,1035.59018963,0.7939
1622368455440000,1,183.52485657,0.7935
1622368567625000,1,665.39415103,0.7943
1622369282550000,1,1034.87054546,0.7944
1622369282550000,1,47.77740000,0.7935
1622369282550000,1,2210.64800000,0.7932
1622369282550000,1,141.02529896,0.7931
1622369686638000,0,667.52124878,0.7918
1622370022143000,1,875.36962000,0.7869
1622370022143000,1,204.16968770,0.7862
1622370022290000,1,100.00000000,0.7864
1622370022946000,1,100.32994296,0.7876
1622370092511000,0,25.31132935,0.7902
1622370171638000,1,833.33763431,0.7892
1622370421222000,0,200.00000000,0.7944
1622370611270000,0,27.00000000,0.7974
1622370612103000,0,27.00000000,0.7978
1622370617805000,0,27.00000000,0.7982
1622370648580000,0,27.00000000,0.7990
1622370649527000,0,293.00000000,0.7990
1622370809550000,0,619.29425914,0.7978
1622370809550000,0,51.17649276,0.7984
1622370917293000,0,1003.09706217,0.7975
1622370984577000,0,27.00000000,0.8000
1622370999997000,0,27.00000000,0.8011
1622371015515000,0,27.00000000,0.8049
1622371057026000,0,85.79467316,0.8084
1622371059456000,0,27.00000000,0.8090
1622371060051000,0,25.88213990,0.8092
1622371093058000,1,667.52124878,0.8082
1622371182730000,0,614.36726984,0.8046
1622371182730000,0,56.08431016,0.8052
1622371243554000,1,1022.25133022,0.8043
1622371252608000,1,1022.73442868,0.8039
1622371258147000,1,1022.34326066,0.8043
1622371339044000,1,250.00000000,0.8078
1622371785423000,0,616.53488694,0.8016
1622371785423000,0,1541.03335105,0.8021
1622371800325000,0,616.53488694,0.8016
1622372129335000,1,77.64798530,0.8037
1622372167571000,0,27.00000000,0.8060
1622372170532000,1,670.45158000,0.8060
1622372327637000,1,187.34302225,0.8040
1622372352256000,1,274.21667293,0.8037
1622372395328000,1,681.99621932,0.8006
1622372422416000,1,681.99621933,0.8021
1622372976853000,0,612.00109303,0.8073
1622373953230000,1,1021.34058773,0.8049
1622373953230000,1,310.49640083,0.8045
1622374025900000,1,50.62098125,0.8039
1622374426497000,1,62.29679733,0.8000
1622374709127000,0,27.00000000,0.8044
1622374737621000,0,306.74203238,0.8053
1622374737621000,0,227.15302898,0.8054
1622374777173000,0,27.00000000,0.8067
1622375419877000,0,100.00000000,0.8093
1622375420536000,0,27.00000000,0.8093
1622375421064000,0,62.29679734,0.8100
1622375627599000,0,303.34848457,0.8144
1622375739775000,0,304.33331716,0.8115
1622375739775000,0,255.61325493,0.8123
1622375842683000,0,202.75656877,0.8121
1622375842683000,0,506.89142192,0.8125
1622375842683000,0,1230.26251311,0.8136
1622375842683000,0,2027.63763273,0.8136
1622375842683000,0,852.93760000,0.8137
1622375842683000,0,3075.49655775,0.8138
1622375842683000,0,1012.69257619,0.8139
1622375842683000,0,708.53993339,0.8139
1622375842683000,0,1439.93325039,0.8159
1622375845413000,0,202.75656877,0.8121
1622375865950000,1,1014.45006988,0.8098
1622375929517000,0,101.36405870,0.8123
1622375929517000,0,253.40679288,0.8124
1622375929517000,0,3288.19590000,0.8136
1622375929517000,0,506.80092267,0.8136
1622375929517000,0,354.65264280,0.8137
1622375929517000,0,1640.55585232,0.8141
1622376221826000,0,852.93760000,0.8091
1622376221826000,0,442.47787608,0.8093
1622376221826000,0,679.59406931,0.8093
1622376320290000,1,62.91925465,0.8050
1622376358579000,1,37.96573594,0.8041
1622377480685000,0,538.46797000,0.8000
1622377480887000,1,384.53822011,0.7991
1622377481441000,1,296.15159072,0.7986
1622377646861000,1,718.75399279,0.7979
1622377981770000,1,171.66895567,0.7998
1622378228788000,0,54.10000000,0.7980
1622378295067000,0,27.00000000,0.7968
1622378752748000,0,445.59970296,0.7949
1622378752748000,0,232.90140528,0.7950
1622378793550000,1,200.00000000,0.7901
1622378981994000,1,32.09718670,0.7820
1622379260241000,1,697.03986725,0.7790
1622379260345000,1,185.12993179,0.7790
1622379480601000,1,1049.58220294,0.7827
1622379730333000,0,54.00000000,0.7866
1622379805429000,1,26.90000000,0.7829
1622380083665000,0,54.00000000,0.7813
1622380149246000,0,27.00000000,0.7807
1622380213943000,1,325.81893081,0.7810
1622380216419000,1,418.44439736,0.7810
1622380273449000,1,56.94860391,0.7821
1622380299755000,0,420.01301944,0.7837
1622380299755000,0,1369.90260000,0.7840
1622380299755000,0,1050.09554997,0.7841
1622380299755000,0,1470.78852504,0.7841
1622380299755000,0,2100.59872985,0.7847
1622380299755000,0,1694.00000000,0.7850
1622380299755000,0,4201.69050932,0.7850
1622380299755000,0,437.56960105,0.7853
1622380495108000,0,209.44516949,0.7857
1622380495108000,0,523.72143285,0.7859
1622380495108000,0,732.69651063,0.7867
1622380495108000,0,1271.39272221,0.7869
1622380495108000,0,1694.00000000,0.7869
1622380495108000,0,1047.64289265,0.7869
1622380495108000,0,3178.06858570,0.7878
1622380495108000,0,354.61741737,0.7878
1622380495108000,0,5811.00000000,0.7878
1622380495108000,0,1349.59633750,0.7878
1622380501926000,0,104.73674352,0.7855
1622380501926000,0,261.87229017,0.7857
1622380501926000,0,366.57860230,0.7862
1622380501926000,0,1271.88227211,0.7866
1622380501926000,0,523.68371757,0.7866
1622380501926000,0,1047.64289265,0.7869
1622380501926000,0,439.25890953,0.7876
1622380521961000,0,449.26993632,0.7874
1622380521961000,0,551.04834040,0.7874
1622380601309000,0,135.00000000,0.7885
1622380664413000,1,135.00000000,0.7860
1622380664413000,1,398.89506136,0.7857
1622380696824000,0,1269.00272161,0.7905
1622380696824000,0,5811.00000000,0.7905
1622380696824000,0,448.76589384,0.7905
1622380696824000,0,3170.38619892,0.7905
1622380696824000,0,448.76589384,0.7905
1622380696979000,1,545.00000000,0.7905
1622380697000000,1,8239.10888348,0.7905
1622380697013000,1,7832.07646999,0.7905
1622380697078000,1,10452.69248623,0.7905
1622380697159000,1,558.00000000,0.7905
1622380697243000,1,5811.00000000,0.7905
1622380697314000,1,100.23410616,0.7905
1622380697433000,1,882.45145000,0.7905
1622380697531000,1,459.76589384,0.7905
1622380697572000,1,5333.15661769,0.7905
1622381101662000,1,147.43731665,0.7848
1622381136403000,0,293.83946344,0.7887
1622381366190000,1,293.83946344,0.7843
1622381533889000,1,261.98859825,0.7831
1622381534313000,1,617.67348175,0.7831
1622381534313000,1,1049.42087800,0.7829
1622381534313000,1,886.26923582,0.7826
1622381751712000,0,105.27447037,0.7818
1622381751712000,0,263.19674667,0.7821
1622381751712000,0,368.47544533,0.7825
1622381751712000,0,526.44014633,0.7828
1622381751712000,0,1277.36298788,0.7833
1622381751712000,0,3193.32318847,0.7833
1622381751712000,0,650.16962742,0.7834
1622381752554000,0,737.22375861,0.7818
1622381892063000,1,263.90237723,0.7790
1622382012244000,1,263.90237723,0.7790
1622382132501000,1,263.48517105,0.7800
1622382372724000,1,264.47470035,0.7802
1622382612991000,1,263.50183397,0.7818
1622382944494000,0,262.98349515,0.7827
1622382973230000,1,263.16620524,0.7822
1622383093334000,1,263.06097753,0.7822
1622383246228000,1,355.50749930,0.7795
1622384123327000,0,8400.00000000,0.7803
1622384349695000,1,1292.88506173,0.7730
1622384349695000,1,452.48868768,0.7730
1622384349695000,1,1062.60467374,0.7730
1622384349695000,1,3233.73628392,0.7726
1622384349695000,1,891.66326000,0.7726
1622384349824000,0,572.99999999,0.7725
1622384349829000,0,1062.60467374,0.7725
1622384350018000,0,1232.70181656,0.7725
1622384350291000,0,4116.47162264,0.7725
1622384350411000,0,7269.99869300,0.7725
1622384641711000,1,26.75000000,0.7722
1622384658379000,0,8265.10739614,0.7722
1622384731015000,0,533.94690282,0.7708
1622384731015000,0,453.34340760,0.7713
1622384731015000,0,114.29838578,0.7713
1622385026242000,1,8356.81032796,0.7669
1622385167712000,0,27.25000000,0.7646
1622386433463000,1,344.57142864,0.7641
1622386433556000,1,268.34378966,0.7638
1622386433797000,1,489.22789147,0.7638
1622386433935000,1,1075.42795224,0.7637
1622386525075000,0,54.00000000,0.7642
1622386551039000,0,54.00000000,0.7630
1622386569096000,0,27.00000000,0.7641
1622386606607000,0,27.00000000,0.7633
1622386622594000,0,27.00000000,0.7627
1622386652755000,1,27.00000000,0.7622
1622386652755000,1,32.93963254,0.7620
1622386652755000,1,33.35894983,0.7620
1622386652755000,1,676.70603674,0.7620
1622386652755000,1,127.72699149,0.7616
1622386764124000,0,214.34378967,0.7641
1622386764124000,0,241.34377466,0.7641
1622387298993000,0,27.00000000,0.7669
1622387549498000,1,27.00000000,0.7648
1622387727092000,0,431.24512374,0.7629
1622387786239000,1,270.04779923,0.7611
1622387790023000,1,1077.85816582,0.7611
1622387893568000,1,1915.95555117,0.7611
1622387894636000,1,27.00000000,0.7611
1622388648332000,0,26.29262204,0.7609
1622388668004000,0,119.59207275,0.7608
1622388670115000,0,101.19329233,0.7608
1622388686845000,1,27.00000001,0.7601
1622388716366000,1,116.94491705,0.7595
1622388792672000,1,56.94860391,0.7612
1622389035508000,1,27.00000000,0.7588
1622390783348000,1,8437.47950137,0.7694
1622391273964000,1,35.67601548,0.7696
1622391673887000,0,119.59207275,0.7761
1622391674407000,0,101.19329233,0.7761
1622391674407000,0,32.93963254,0.7772
1622391674407000,0,229.75144367,0.7779
1622391735863000,1,289.97657659,0.7813
1622391758284000,1,678.50110824,0.7792
1622391796164000,0,105.22590000,0.7818
1622391796164000,0,22.68260072,0.7819
1622391889909000,0,105.38093103,0.7806
1622392449080000,1,150.00000000,0.7790
1622392467844000,0,105.47304644,0.7803
1622392467844000,0,42.19138196,0.7806
1622392834195000,0,29.02476283,0.7790
1622393196975000,0,105.94321413,0.7768
1622393196975000,0,264.79877102,0.7771
1622393196975000,0,1046.78457230,0.7781
1622393206108000,1,1059.02862764,0.7756
1622393206108000,1,2204.83288858,0.7755
1622393281591000,0,211.83338565,0.7768
1622393284529000,0,64.64835304,0.7768
1622393490775000,0,106.05259896,0.7758
1622393490848000,1,8.44856113,0.7758
1622394341616000,0,104.82845770,0.7851
1622394341616000,0,124.06925828,0.7854
1622394409404000,0,104.80765185,0.7852
1622394409404000,0,626.09231886,0.7854
1622395044405000,1,358.70539398,0.7877
1622395163311000,0,1211.83796407,0.7900
1622395182519000,0,27.00000000,0.7905
1622395924555000,0,126.24031105,0.7921
1622395943272000,1,127.07440588,0.7892
1622395987507000,0,7360.00000000,0.7900
1622396262408000,0,144.98828830,0.7900
1622397320088000,0,104.20163401,0.7901
1622397344512000,1,86.46041337,0.7892
1622397383899000,0,104.24369453,0.7897
1622397383899000,0,222.14345849,0.7899
1622397421244000,1,137.31295967,0.7890
1622397502077000,1,500.00000000,0.7907
1622397746086000,0,177.52899850,0.7914
1622397846239000,0,322.47100150,0.7914
1622397870435000,0,37.90654772,0.7930
1622397873324000,0,183.52522794,0.7930
1622398013758000,0,27.00000000,0.7930
1622398211757000,0,200.00000000,0.7940
1622398288457000,1,102.38047205,0.7940
1622398679688000,0,26.29262204,0.7965
1622398702293000,0,27.00000000,0.7975
1622398703242000,0,32.09718670,0.7976
1622399325301000,0,447.26052936,0.7989
1622399325301000,0,80.58195268,0.7989
1622399433312000,1,111.00000000,0.7950
1622399593329000,1,200.00000000,0.7942
1622399754038000,1,100.00000000,0.7949
1622401039778000,1,1032.57335978,0.7960
1622401039881000,0,865.39532166,0.7960
1622401039882000,0,6458.84164652,0.7960
1622401117978000,1,76.82672892,0.7960
1622401254641000,0,103.33809338,0.7970
1622401254774000,1,103.33809338,0.7970
1622401254874000,1,8140.16681665,0.7970
1622401500244000,0,103.06427577,0.7988
1622401500244000,0,2142.85500000,0.7988
1622401500244000,0,339.95244976,0.7990
1622401503756000,0,103.03399170,0.7992
1622401503756000,0,709.79899774,0.7994
1622401503756000,0,257.58419124,0.7994
1622401981088000,1,57.21610020,0.7980
1622402613492000,1,1035.81646119,0.7934
1622402613600000,0,1035.81646119,0.7934
1622402614013000,0,6275.21008103,0.7934
1622402745796000,1,730.89997071,0.7933
1622403064579000,1,27.00000000,0.7930
1622403274319000,1,27.00000000,0.7911
1622403320931000,1,147.66442840,0.7896
1622403374877000,0,27.00000000,0.7912
1622403569157000,0,291.05586620,0.7940
1622403596425000,1,291.05586620,0.7911
1622403647649000,0,289.84138972,0.7944
1622403762651000,1,1261.99264155,0.7921
1622403762651000,1,1037.22713890,0.7921
1622403762651000,1,3155.59620287,0.7916
1622403762651000,1,870.04081000,0.7916
1622403762651000,1,451.46726856,0.7916
1622403762651000,1,2593.73801357,0.7915
1622403762651000,1,3429.93792455,0.7910
1622403791718000,1,289.84138972,0.7914
1622403823745000,0,103.74141169,0.7934
1622403823745000,0,185.36696825,0.7934
1622403827076000,1,54.00000000,0.7922
1622403880851000,1,289.10837994,0.7919
1622403902019000,0,103.74141169,0.7934
1622403902019000,0,74.14259495,0.7934
1622403902019000,0,110.61132391,0.7939
1622403940173000,1,288.49533055,0.7928
1622404125066000,1,527.84248204,0.7897
1622404125606000,1,181.94218427,0.7897
1622404319136000,0,103.96626403,0.7916
1622404319239000,1,103.96626403,0.7916
1622404319258000,1,524.63780329,0.7916
1622404505767000,0,98.05480759,0.7893
1622404505767000,0,292.35590053,0.7894
1622404806438000,1,127.14600000,0.7865
1622404807374000,1,181.94218427,0.7857
1622404809240000,1,177.52899850,0.7856
1622404809240000,1,322.47100150,0.7856
1622404844853000,1,27.00000000,0.7851
1622404966775000,1,32.09718670,0.7820
1622404971687000,1,39.48724000,0.7801
1622405219070000,1,40.00000000,0.7795
1622405232666000,0,44.65101428,0.7799
1622405232923000,0,44.62763543,0.7802
1622405233113000,0,274.31190801,0.7802
1622405372078000,0,54.00000000,0.7799
1622405635193000,0,564.24362000,0.7817
1622405719868000,0,524.15762211,0.7843
1622405719868000,0,1120.26420000,0.7843
1622405719868000,0,209.65573882,0.7845
1622405719868000,0,733.66481888,0.7849
1622405719868000,0,226.12889479,0.7852
1622405897209000,0,44.56174288,0.7883
1622405989131000,0,144.90338929,0.7893
1622406598587000,1,1039.39498122,0.7894
1622406598587000,1,1774.47629338,0.7891
1622406909083000,1,284.16090252,0.7883
1622407284600000,1,356.54701354,0.7849
1622407285318000,1,400.47477685,0.7838
1622407461245000,1,1045.93187981,0.7846
1622407461245000,1,503.91634945,0.7843
1622407781711000,1,747.14871337,0.7834
1622408304466000,1,177.50794600,0.7857
1622408765013000,1,40.00000000,0.7823
1622408765013000,1,104.90338929,0.7821
1622408845027000,1,40.00000000,0.7812
1622408845027000,1,220.25129800,0.7812
1622409243077000,0,177.52899823,0.7795
1622409243089000,0,0.00000027,0.7795
1622409289254000,1,177.52898147,0.7789
1622409290550000,1,40.00000000,0.7778
1622409290550000,1,191.29510063,0.7778
1622410449110000,0,315.42780978,0.7814
1622410449110000,0,788.81938054,0.7815
1622410449110000,0,1104.34713275,0.7819
1622410449110000,0,631.93643893,0.7823
1622410490648000,0,287.78420333,0.7833
1622410698399000,1,1051.66603307,0.7799
1622410698399000,1,11.47888502,0.7797
1622410706654000,1,142.57879429,0.7799
1622410731920000,1,354.38163936,0.7799
1622410826630000,1,177.00317644,0.7807
1622411002221000,0,300.00000000,0.7852
1622411031175000,1,287.78420333,0.7830
1622411260970000,1,880.73910000,0.7820
1622411260970000,1,375.15662136,0.7819
1622411260970000,1,1048.82256412,0.7819
1622411260970000,1,535.81247652,0.7816
1622411667673000,1,169.62918600,0.7807
1622411743703000,0,44.15908800,0.7818
1622411776486000,1,65.28256922,0.7786
1622411847724000,1,8.70489937,0.7778
1622411847724000,1,254.38929887,0.7774
1622411880931000,0,456.44731848,0.7790
1622411880931000,0,316.55399854,0.7790
1622411880931000,0,791.35549369,0.7794
1622411880931000,0,1107.87815334,0.7794
1622411880931000,0,177.69422383,0.7801
1622412419188000,1,326.38715302,0.7840
1622412765928000,0,286.81440372,0.7856
1622412830541000,1,286.81440372,0.7874
1622413918156000,1,248.69329023,0.7784
1622414309501000,1,27.00000000,0.7761
1622414309730000,1,39.99999999,0.7757
1622415965151000,1,2716.81701030,0.7760
1622415971451000,0,25.78608247,0.7759
1622418744633000,1,355.57668379,0.7673
