timestamp ms,type,amount,price
1627948863973000,1,1.36000000,2193.2300
1627948871747000,1,0.84234877,2192.8200
1627948871748000,1,0.38668072,2192.8200
1627948891592000,1,0.10172809,2190.8400
1627948891594000,1,0.00000001,2190.8400
1627948891966000,1,0.19999999,2190.0000
1627948891977000,1,0.00000001,2190.0000
1627948894210000,1,0.38668073,2188.2200
1627948899779000,1,0.38668073,2184.8500
1627948941599000,1,0.39427285,2189.3100
1627948941600000,1,1.00572715,2189.3100
1627948941665000,1,2.88320000,2189.0900
1627948941820000,1,1.92260000,2188.9700
1627948941828000,1,0.00004260,2188.9700
1627948941860000,1,3.84490000,2188.0900
1627948954949000,0,1.40000000,2188.8400
1627948974491000,1,0.00000934,2188.0900
1627948988765000,1,1.92333198,2188.7400
1627949004924000,0,0.50000000,2187.8300
1627949028558000,1,0.45706345,2185.0700
1627949028587000,1,0.00000001,2185.0700
1627949057647000,1,1.40000000,2187.5600
1627949062973000,0,0.01359827,2189.8300
1627949077946000,1,0.07646293,2187.5200
1627949123253000,0,0.14732400,2184.4900
1627949123488000,0,0.14732400,2184.4900
1627949133159000,1,0.10214023,2182.0000
1627949134532000,0,1.09180000,2183.2700
1627949137902000,0,1.59870000,2184.8600
1627949137979000,0,3.60130000,2184.8600
1627949231787000,1,1.14472705,2180.0000
1627949266753000,1,0.00000001,2180.0000
1627949304180000,0,0.01212885,2183.0800
1627949308189000,0,0.01213554,2182.9000
1627949309211000,0,0.01213554,2183.3300
1627949310252000,0,0.01213555,2183.4700
1627949311241000,0,0.01213554,2183.0300
1627949312343000,0,0.01213555,2182.9100
1627949480651000,0,1.92667000,2187.0800
1627949627393000,0,0.04510326,2183.2600
1627949724922000,1,0.28200000,2182.8900
1627949749896000,1,0.23537170,2181.3200
1627949760237000,0,0.05027289,2182.1300
1627949761994000,0,1.93048000,2182.3700
1627949808856000,0,0.32800000,2180.5800
1627949832979000,1,1.40000000,2179.0200
1627949832979000,1,0.23625516,2179.0100
1627949833502000,0,1.40000000,2180.2400
1627949968235000,0,1.40000000,2189.7200
1627949968235000,0,6.00000000,2189.7300
1627949968235000,0,1.92432696,2189.8300
1627949973581000,0,0.00000001,2189.8300
1627949973581000,0,1.39999999,2190.4000
1627949985005000,0,1.00000000,2190.9300
1627950053261000,0,1.00000000,2188.9300
1627950165958000,0,1.00634891,2189.0900
1627950185862000,1,0.06037172,2189.1400
1627950240232000,0,0.12528447,2188.7700
1627950282889000,0,4.02160000,2190.6800
1627950284061000,0,0.01400000,2191.5700
1627950284270000,0,0.81357200,2191.5700
1627950284270000,0,1.42883583,2191.5700
1627950284273000,0,0.75255411,2191.5700
1627950284284000,0,1.11357668,2191.5700
1627950284286000,0,1.88138526,2191.5700
1627950284313000,0,19.59440000,2191.5700
1627950284347000,0,1.38720000,2191.5700
1627950284383000,0,6.01210000,2191.5700
1627950284406000,0,24.00000000,2191.5700
1627950284471000,0,1.98308177,2191.5700
1627950284474000,0,1.64239848,2191.5700
1627950284514000,0,7.01229587,2191.5700
1627950286785000,1,1.40000000,2192.9900
1627950286980000,1,0.38996000,2193.2600
1627950289118000,1,0.38996000,2193.0100
1627950309684000,0,1.92038000,2194.2100
1627950310450000,1,0.06717900,2193.5500
1627950310749000,1,0.06717900,2193.6600
1627950356104000,1,1.27240000,2197.4700
1627950356104000,1,5.99999999,2197.4600
1627950357702000,0,0.54960388,2198.7700
1627950357703000,0,1.36679127,2198.7700
1627950418723000,1,0.08062530,2203.7700
1627950567383000,1,0.04576219,2201.8200
1627950574560000,1,0.01400000,2202.1600
1627950661217000,1,1.40000000,2210.8500
1627950669540000,0,1.40000000,2211.8200
1627950678776000,1,0.19191059,2211.8900
1627950690087000,0,1.90278830,2214.5600
1627950718217000,0,0.02216305,2214.9500
1627950724818000,1,1.27000000,2213.9800
1627950816286000,0,0.65999999,2213.6900
1627950816373000,0,0.00000001,2213.6900
1627950836229000,0,0.06674376,2210.8900
1627950851022000,1,1.95094000,2208.5400
1627950851088000,1,2.05000000,2208.5400
1627950862268000,1,0.45276000,2206.9500
1627950881534000,1,0.00000321,2206.9500
1627950881534000,1,0.04287679,2205.5000
1627950942173000,0,0.10110357,2211.9100
1627950942173000,0,1.90548911,2211.9200
1627950942173000,0,2.29974076,2212.1400
1627950943115000,0,0.45231676,2212.4200
1627950943120000,0,0.00000001,2212.4200
1627950943184000,1,0.06381233,2210.4800
1627950943771000,0,0.02224218,2212.9400
1627950976907000,0,0.01109639,2211.2600
1627951137112000,1,1.90388674,2211.7100
1627951137112000,1,6.00000000,2211.7100
1627951137112000,1,1.40000000,2211.7100
1627951137112000,1,0.50000000,2211.4900
1627951137112000,1,2.85583011,2211.4800
1627951137112000,1,8.33449948,2211.3500
1627951137112000,1,4.00578367,2211.3400
1627951140510000,0,0.01918738,2212.9800
1627951140630000,0,0.00000001,2212.9800
1627951146308000,0,1.40000000,2214.0300
1627951146308000,0,0.38450502,2214.4000
1627951146308000,0,2.85481104,2214.4400
1627951196449000,1,0.04901121,2212.8300
1627951275981000,0,0.04266471,2213.0700
1627951315106000,1,1.60000000,2210.7400
1627951395598000,0,1.50183473,2210.1300
1627951545690000,0,0.01400000,2215.4800
1627951584586000,1,1.97870000,2211.2800
1627951592138000,1,0.45000000,2209.4200
1627951594462000,1,2.69655654,2208.8700
1627951594462000,1,8.71867792,2208.8600
1627951594462000,1,17.51682518,2208.8500
1627951706606000,1,3.81404561,2207.1300
1627951706610000,1,0.00000001,2207.1300
1627951764915000,1,1.40000000,2204.7300
1627951764915000,1,8.25425875,2204.7300
1627951813917000,1,1.91010179,2203.8300
1627951824016000,1,1.35820000,2203.0100
1627951873933000,0,0.04591028,2205.2000
1627952002025000,0,0.15000000,2204.5900
1627952002025000,0,0.46000000,2204.5900
1627952002025000,0,0.79000000,2204.5900
1627952037073000,1,1.90987000,2204.6400
1627952056897000,1,1.91060649,2203.8500
1627952089800000,1,1.40000000,2201.6200
1627952089800000,1,1.91226336,2201.6100
1627952089946000,1,0.00000001,2201.6100
1627952099920000,0,0.06608960,2203.5600
1627952104685000,0,1.40000000,2203.5500
1627952145288000,0,1.35410000,2197.5200
1627952181503000,1,0.02100000,2192.2400
1627952405999000,1,1.26503425,2196.2200
1627952435726000,0,0.13607336,2194.1100
1627952435763000,0,1.12892664,2194.1100
1627952518524000,0,0.45611000,2195.1000
1627952518624000,0,0.00000698,2195.1000
1627952735452000,1,1.40000000,2189.4500
1627952735534000,1,3.84590000,2189.0700
1627952745078000,0,1.40000000,2190.0300
1627952772294000,1,1.40000000,2187.9400
1627952772294000,1,0.52440000,2187.9300
1627952779438000,0,1.40000000,2187.8800
1627952779511000,0,1.57350000,2187.8900
1627952779583000,0,2.30000000,2187.8900
1627952779643000,0,1.72650000,2187.8900
1627952804836000,0,3.85199999,2187.2600
1627952804839000,0,2.14800001,2187.2600
1627952804879000,0,1.40000000,2187.3500
1627952857869000,1,1.40000000,2190.0300
1627952857869000,1,1.92279456,2190.0200
1627952857911000,1,0.00000001,2190.0200
1627952936199000,0,0.67776794,2187.6000
1627952966337000,1,0.76200000,2184.5800
1627952983590000,1,1.40000000,2185.0600
1627952983590000,1,1.92689010,2185.0500
1627953003620000,1,0.04571532,2184.1600
1627953003655000,1,0.00000001,2184.1600
1627953017604000,0,0.01335760,2185.1900
1627953028156000,0,0.03300701,2186.7500
1627953122871000,0,1.35370000,2188.9200
1627953208690000,1,1.29000000,2188.3900
1627953317617000,1,1.40000000,2185.7700
1627953348316000,0,1.40000000,2186.2700
1627953353549000,0,1.29000000,2187.5000
1627953480251000,0,0.09631255,2184.4200
1627953516888000,0,0.30000000,2184.5500
1627953540536000,1,1.00000000,2185.3800
1627953580652000,1,0.02362935,2182.4200
1627953618091000,1,1.92734000,2185.0300
1627953755475000,0,0.06219823,2184.1100
1627953785867000,1,0.69900000,2182.2800
1627953810464000,1,1.40000000,2179.5900
1627953810464000,1,0.02197789,2179.5800
1627953810469000,1,0.00000001,2179.5800
1627953810469000,1,1.93208252,2179.3700
1627953810469000,1,2.89793632,2179.2200
1627953827280000,1,1.40000000,2177.9900
1627953827473000,1,1.50471000,2177.9900
1627953827473000,1,0.42853624,2177.9800
1627953827473000,1,1.50471001,2177.9800
1627953858919000,1,0.00918587,2177.2600
1627953858919000,1,0.00918587,2177.2600
1627953858919000,1,1.91542826,2177.0500
1627953863018000,0,0.03490963,2176.7400
1627953868666000,0,1.40000000,2177.1200
1627953870456000,0,1.40000000,2177.9800
1627953870904000,0,0.05000000,2179.3700
1627953894575000,0,0.04511409,2178.6900
1627953917522000,1,0.50000000,2175.0000
1627953917522000,1,0.08131459,2175.0000
1627953917524000,1,0.00000001,2175.0000
1627953917730000,1,1.40000000,2174.1900
1627953917730000,1,0.45964332,2174.1800
1627953917730000,1,1.93649798,2174.0700
1627953917730000,1,1.14901272,2174.0100
1627953917730000,1,0.55316429,2173.7600
1627953918381000,1,1.00000000,2174.1900
1627953930930000,0,1.40000000,2177.0200
1627953930930000,0,0.60000000,2177.0300
1627953935344000,0,1.18510000,2176.3300
1627953935344000,0,2.45532275,2176.3400
1627953953947000,0,0.04157208,2177.8900
1627954000648000,1,8.98140000,2175.3600
1627954033075000,1,0.65893213,2173.4500
1627954033075000,1,0.02098100,2173.4200
1627954033194000,1,0.45926756,2173.1500
1627954033194000,1,0.68903244,2172.8900
1627954033314000,1,1.40000000,2173.4500
1627954037206000,0,0.20000000,2173.1400
1627954042317000,1,0.62992248,2171.2800
1627954044208000,0,1.40000000,2173.5500
1627954046049000,0,0.38830000,2175.0100
1627954047089000,0,1.79615568,2175.3300
1627954048108000,0,0.14136014,2175.3300
1627954050087000,0,4.73013690,2175.9100
1627954051090000,0,0.39091552,2176.1800
1627954051090000,0,0.88314114,2176.2200
1627954052080000,0,0.14136014,2176.2200
1627954053126000,0,0.14136015,2176.2200
1627954086811000,0,0.45906937,2180.1200
1627954086811000,0,0.39091552,2180.4500
1627954086811000,0,1.14751592,2180.5700
1627954086811000,0,0.68200704,2180.9800
1627954143530000,1,1.40000000,2179.4300
1627954154950000,1,1.39999999,2178.3600
1627954174964000,0,1.40000000,2180.4600
1627954174964000,0,0.53257204,2180.4700
1627954174970000,0,1.40000001,2180.4700
1627954203480000,1,0.88099999,2179.6100
1627954203481000,1,0.00000001,2179.6100
1627954205002000,0,0.02287289,2180.3100
1627954384314000,0,1.37710000,2184.7400
1627954427365000,0,0.27903774,2188.7000
1627954536191000,1,0.13405190,2181.0400
1627954804896000,1,1.40000000,2181.2800
1627954857974000,0,1.12298310,2179.2700
1627954862007000,1,1.53100000,2177.7600
1627954867313000,1,1.40000000,2176.4100
1627954913110000,1,1.93486768,2176.6500
1627954913110000,1,1.12290000,2176.6500
1627954913110000,1,1.77924211,2176.6300
1627954913113000,1,1.12290001,2176.6300
1627954913207000,1,1.50780881,2176.2400
1627954913207000,1,1.11632601,2176.2400
1627954913213000,1,1.19825819,2176.1900
1627954913228000,1,0.50644379,2176.1900
1627954913229000,1,0.87584743,2176.1900
1627954913229000,1,1.12033871,2176.1900
1627954913235000,1,0.16863471,2176.1900
1627954913235000,1,0.45931397,2175.8500
1627954913235000,1,0.84204086,2175.7000
1627954913239000,1,1.37084721,2175.7000
1627954913255000,1,1.23933102,2175.7000
1627954913256000,1,0.60341044,2175.7000
1627954913259000,1,0.78139336,2175.7000
1627954913259000,1,0.71452891,2175.3200
1627954913260000,1,0.43354456,2175.3200
1627954913260000,1,0.01332783,2175.3100
1627954913260000,1,0.60334701,2175.2300
1627954913292000,1,0.01400000,2176.6500
1627954913292000,1,1.07210000,2176.6500
1627954976463000,0,0.04501719,2174.8100
1627955020437000,0,0.01370333,2172.4200
1627955028423000,1,0.04500000,2171.0000
1627955028423000,1,0.66853313,2170.3000
1627955037592000,1,0.46026106,2171.2400
1627955037697000,1,1.15078986,2170.6500
1627955037697000,1,3.87831002,2170.6400
1627955037721000,1,2.90813400,2171.5100
1627955037721000,1,0.08356600,2170.4600
1627955037749000,1,0.90355840,2171.3400
1627955037749000,1,0.52107816,2171.3400
1627955037750000,1,0.51442323,2171.3400
1627955037750000,1,1.37997065,2170.4600
1627955037758000,1,1.52822810,2170.4600
1627955037825000,1,0.10000000,2170.2100
1627955037825000,1,0.20213130,2170.1900
1627955037877000,1,0.96559811,2170.0000
1627955037906000,1,1.15055683,2170.2200
1627955037906000,1,1.06574317,2170.2200
1627955037914000,1,1.25000000,2170.2200
1627955037966000,1,0.67583961,2170.2200
1627955037966000,1,0.46021446,2170.2200
1627955038153000,1,0.38993012,2170.0100
1627955038178000,1,2.60165266,2170.0100
1627955038178000,1,0.38984734,2170.0100
1627955038333000,1,0.03440189,2170.0000
1627955038333000,1,0.25000000,2170.0000
1627955040575000,1,0.03656838,2167.3700
1627955044326000,1,0.46163789,2163.8200
1627955044326000,1,1.47148687,2163.6900
1627955044394000,1,0.46173168,2163.9200
1627955044395000,1,1.52960000,2163.6900
1627955045765000,0,0.01400000,2164.3300
1627955049112000,0,1.40000000,2164.5500
1627955062802000,0,1.32720000,2167.9400
1627955085016000,0,7.23100000,2169.6100
1627955129473000,1,2.99059000,2170.6900
1627955133425000,1,0.00000666,2170.6900
1627955156990000,1,0.46111000,2166.4200
1627955181983000,0,0.13753568,2166.6000
1627955184342000,1,0.46165000,2164.3900
1627955184440000,1,0.00000068,2164.3900
1627955207070000,1,0.09047890,2160.7200
1627955211787000,1,0.46241064,2160.0600
1627955211787000,1,0.30000000,2160.0400
1627955211787000,1,0.44225000,2160.0000
1627955211787000,1,3.08515617,2160.0000
1627955212441000,1,0.47026308,2160.0100
1627955213450000,0,0.14808200,2161.7700
1627955214554000,1,1.06682530,2160.0000
1627955214554000,1,0.00000001,2160.0000
1627955214592000,1,0.39255960,2159.5000
1627955220886000,1,6.00000000,2158.4800
1627955220886000,1,0.39255960,2158.3600
1627955220886000,1,6.00000000,2158.3600
1627955225314000,0,0.01444954,2161.7900
1627955225526000,0,0.30775000,2161.7900
1627955226338000,0,0.01444954,2162.5000
1627955227283000,1,3.89683968,2159.1900
1627955227283000,1,0.46268878,2159.1300
1627955227283000,1,10.80809043,2159.1200
1627955243755000,1,0.06093864,2159.9800
1627955243867000,1,0.06093864,2159.9800
1627955264126000,1,1.40000000,2160.2500
1627955292786000,1,0.02518562,2157.2400
1627955292841000,1,0.00000001,2157.2400
1627955294274000,1,1.10365379,2156.2200
1627955294285000,1,0.29634621,2156.2200
1627955294306000,1,0.46333621,2156.0100
1627955305850000,1,0.24999999,2155.0000
1627955306517000,0,0.46052247,2156.5000
1627955307348000,1,0.00000001,2155.0000
1627955307348000,1,1.95394519,2154.8100
1627955307355000,1,0.00000002,2154.8100
1627955313291000,1,0.46050000,2153.9300
1627955313291000,1,1.42543158,2153.9200
1627955313354000,1,0.52942437,2153.9200
1627955319182000,0,1.40000000,2154.9600
1627955321490000,0,1.40000000,2155.4900
1627955385951000,1,1.95064845,2158.5200
1627955385951000,1,0.11101407,2158.4900
1627955386014000,1,2.81470000,2158.4900
1627955386055000,1,0.00003266,2158.4900
1627955386118000,1,0.92019000,2158.5200
1627955386145000,1,1.03045845,2158.5200
1627955389526000,0,4.03383378,2158.1200
1627955389526000,0,6.00000000,2158.1300
1627955389526000,0,0.39255961,2158.2300
1627955389526000,0,6.34600000,2158.5200
1627955389526000,0,2.07860000,2158.9600
1627955389526000,0,6.14900661,2160.3400
1627955420036000,1,0.01400000,2152.4100
1627955420337000,1,0.46000000,2151.8900
1627955420461000,0,0.04700000,2153.3500
1627955424447000,1,0.10000000,2151.0000
1627955427515000,1,0.02500000,2150.0000
1627955427515000,1,0.62680788,2150.0000
1627955427522000,1,0.37319212,2150.0000
1627955427522000,1,0.50000000,2150.0000
1627955427522000,1,0.04450000,2150.0000
1627955427522000,1,1.20000000,2150.0000
1627955427522000,1,0.02988150,2150.0000
1627955427522000,1,2.00000000,2150.0000
1627955427522000,1,2.61159091,2150.0000
1627955427524000,1,5.88338624,2150.0000
1627955437488000,1,0.72115342,2150.0000
1627955437508000,1,4.66825547,2150.0000
1627955437508000,1,1.00000000,2150.0000
1627955450310000,0,3.82568000,2153.9900
1627955451069000,0,2.57432000,2153.9900
1627955454340000,0,1.40000000,2155.7000
1627955454340000,0,6.00000000,2155.7100
1627955454340000,0,2.07860000,2155.9600
1627955454340000,0,0.39255961,2156.0200
1627955454340000,0,0.50000000,2156.0600
1627955454340000,0,6.00000000,2156.0700
1627955454340000,0,0.15165535,2156.8300
1627955454340000,0,4.50000000,2156.8500
1627955454340000,0,1.95509828,2156.8500
1627955454340000,0,0.46390796,2157.2800
1627955454340000,0,1.55817880,2157.2900
1627955455890000,0,0.27395482,2156.2400
1627955479777000,0,0.46024873,2155.8300
1627955489674000,0,1.95370000,2157.2400
1627955514303000,1,1.40000000,2159.2700
1627955524525000,1,0.27400000,2157.6800
1627955577628000,1,0.99892631,2157.2100
1627955586607000,0,0.99900000,2158.6800
1627955667853000,0,6.34100000,2159.2200
1627955667853000,0,2.81134824,2159.2400
1627955696759000,0,0.06805459,2159.2400
1627955802980000,0,0.02069449,2157.2700
1627955823025000,1,2.85670000,2154.7700
1627955846256000,0,0.46294597,2154.2000
1627955955512000,1,5.36870000,2149.0000
1627955964346000,1,0.00003894,2149.0000
1627955964346000,1,0.46525477,2147.8900
1627955964346000,1,0.39490881,2147.8700
1627955964355000,1,0.00003895,2147.8700
1627955964585000,1,1.40000000,2147.8900
1627955964593000,1,1.16000000,2147.5100
1627955964594000,1,0.00319064,2147.5100
1627955964700000,1,0.10000000,2147.2400
1627955967462000,0,1.40000000,2147.6900
1627955967557000,0,0.39494777,2147.9600
1627955967557000,0,1.85870000,2148.0900
1627955967557000,0,4.00505223,2148.0900
1627955975754000,0,0.26153494,2147.9900
1627955996482000,1,1.96270000,2145.5800
1627955997164000,1,0.00932433,2144.9300
1627955997164000,1,0.00932433,2144.9300
1627955997164000,1,0.04513918,2144.5000
1627955997893000,1,0.42282869,2144.6800
1627956008194000,0,0.42280000,2145.6900
1627956030372000,1,0.62570995,2143.8200
1627956030387000,1,0.59029005,2143.8200
1627956030394000,1,0.46604838,2143.6100
1627956030672000,1,2.35089140,2143.1900
1627956031323000,1,0.20000000,2143.1700
1627956033340000,1,0.20000000,2141.9200
1627956035956000,0,0.04000000,2143.7500
1627956035956000,0,0.15601413,2143.7600
1627956036009000,0,1.75327120,2143.7600
1627956036009000,0,1.99071467,2143.7600
1627956039928000,1,0.00213130,2141.9200
1627956043285000,0,0.08293652,2142.9000
1627956043285000,0,1.40000000,2142.9100
1627956043285000,0,1.42723078,2142.9800
1627956045299000,1,2.32976645,2141.0000
1627956045335000,1,0.00000001,2141.0000
1627956045656000,1,0.05558800,2140.4000
1627956046042000,0,2.32280000,2142.1500
1627956046215000,0,2.28240000,2142.1500
1627956055668000,0,3.92800000,2144.6900
1627956055668000,0,6.38400000,2144.7100
1627956055668000,0,5.50000000,2144.7300
1627956055668000,0,0.39494777,2144.9400
1627956055668000,0,8.70456623,2146.0000
1627956055668000,0,0.08848600,2146.0100
1627956063973000,1,1.40000000,2144.3400
1627956063973000,1,0.39494776,2144.3300
1627956063973000,1,0.41428385,2143.7800
1627956099127000,1,1.95798042,2151.2600
1627956099127000,1,1.68244233,2151.0000
1627956105928000,0,1.40000000,2153.5100
1627956105928000,0,3.91300000,2153.6100
1627956131008000,1,1.95431000,2155.0400
1627956133432000,1,1.40000000,2154.3000
1627956182118000,0,4.29999999,2154.7600
1627956182122000,0,0.00000001,2154.7600
1627956221802000,0,1.40000000,2155.6000
1627956221802000,0,1.95489129,2155.6100
1627956221802000,0,1.32985270,2155.7200
1627956297215000,0,0.34574044,2158.4400
1627956326471000,0,5.79999999,2158.4900
1627956326474000,0,0.00000001,2158.4900
1627956339698000,0,1.95148783,2159.2100
1627956339701000,0,2.92737575,2159.3400
1627956339834000,0,1.95148000,2159.2100
1627956365089000,0,1.00920517,2159.5700
1627956432613000,0,1.40000000,2158.0000
1627956432679000,0,0.01400000,2158.4500
1627956439867000,1,1.40000000,2157.3400
1627956483358000,1,0.01470444,2154.1500
1627956504890000,0,0.46028502,2158.2800
1627956507879000,1,0.39427422,2156.3900
1627956507879000,1,1.95241647,2156.2800
1627956508306000,1,0.01735945,2156.0700
1627956628438000,1,1.40000000,2152.0200
1627956634725000,1,1.39282000,2150.0000
1627956634786000,1,0.00000325,2150.0000
1627956656580000,0,1.60000000,2150.6900
1627956656591000,0,0.22182342,2150.6900
1627956656620000,0,4.47817658,2150.6900
1627956671527000,1,0.42820000,2151.5700
1627956715803000,1,1.39000000,2151.8700
1627956718371000,0,1.39000000,2153.1100
1627956726332000,1,1.40000000,2153.6900
1627956726332000,1,0.03000000,2153.6800
1627956735309000,0,0.37654941,2157.2400
1627956736844000,1,1.17000000,2155.2200
1627956738312000,0,0.02302321,2157.2400
1627956776105000,0,1.00040000,2157.2800
1627956787348000,1,0.42000000,2157.1300
1627956797816000,0,0.05661135,2157.6300
1627956822411000,0,0.39427422,2158.3000
1627956822412000,0,0.00000001,2158.3000
1627956866918000,0,0.02389711,2159.8000
1627956867929000,0,0.02297728,2159.7900
1627956868948000,0,0.02297728,2159.7900
1627956869983000,0,0.02297728,2159.4200
1627956870988000,0,0.02297727,2158.6800
1627956871985000,0,0.02297728,2158.6800
1627956873037000,0,0.02297727,2158.6800
1627956874019000,0,0.02297728,2158.6700
1627956875076000,0,0.02297727,2158.6700
1627956876072000,0,0.02297727,2158.3700
1627956882112000,0,0.18385481,2158.6900
1627956901746000,0,0.41537000,2158.7000
1627956904796000,0,5.10000000,2159.6200
1627956977959000,0,6.80000000,2156.8400
1627956977982000,0,1.95350000,2156.9100
1627956977992000,0,0.00001674,2156.9100
1627957075345000,0,6.00000000,2157.7600
1627957075345000,0,1.40000000,2157.8600
1627957075345000,0,0.50000000,2157.8600
1627957075345000,0,4.02490855,2157.8700
1627957091704000,1,1.38220000,2155.4600
1627957091704000,1,1.95344333,2155.4500
1627957091704000,1,6.00000000,2155.4500
1627957091704000,1,0.28020114,2155.3000
1627957094080000,1,9.07190000,2154.8800
1627957136594000,0,0.02270807,2157.3400
1627957280159000,1,0.46351231,2155.8900
1627957280159000,1,1.01648769,2155.8800
1627957290623000,1,1.37000000,2156.2600
1627957376056000,0,0.28654078,2158.7900
1627957417899000,0,0.04595455,2159.5700
1627957439819000,0,0.02330000,2160.9100
1627957499749000,1,0.30990000,2158.7900
1627957499749000,1,1.95066724,2158.7600
1627957499784000,1,0.46281726,2158.5500
1627957499802000,1,0.39483779,2158.4200
1627957499802000,1,0.76236221,2158.1800
1627957549600000,1,0.02623636,2159.2700
1627957607196000,0,0.45878701,2163.1800
1627957646377000,0,0.45882962,2163.8600
1627957652389000,0,1.00000000,2164.1600
1627957902977000,0,0.13654258,2157.7600
1627958068669000,1,1.40000000,2158.7300
1627958068669000,1,0.20000000,2158.7300
1627958068669000,1,6.00000000,2158.7300
1627958068669000,1,8.63904612,2158.7200
1627958068669000,1,0.92661476,2158.7100
1627958119050000,0,1.39999999,2161.6900
1627958525387000,0,0.44551457,2160.6700
1627958764740000,1,0.11788700,2164.3700
1627958965679000,0,1.40000000,2165.9700
1627958965679000,0,4.20361776,2165.9800
1627959048275000,1,1.10840688,2162.7300
1627959166748000,0,1.94923000,2161.6500
1627959182166000,0,1.40000000,2161.2100
1627959182166000,0,3.79526456,2161.2200
1627959204827000,0,1.95128000,2159.5200
1627959240240000,0,0.04992738,2161.0000
1627959301646000,0,1.94977249,2161.4000
1627959301646000,0,2.92496034,2161.4100
1627959369679000,1,0.46235078,2161.4100
1627959394765000,0,0.58598410,2160.6900
1627959421928000,1,0.46277443,2159.5300
1627959421928000,1,0.70700000,2159.5200
1627959421928000,1,0.05000000,2158.9400
1627959421928000,1,0.25022557,2158.9300
1627959426622000,0,0.01377797,2160.6900
1627959432409000,1,0.10000000,2159.1100
1627959510065000,1,1.40000000,2159.3500
1627959510065000,1,1.95012725,2159.3400
1627959513573000,0,0.02004481,2159.1700
1627959540280000,0,0.01533272,2157.2600
1627959541300000,0,0.01533272,2157.4500
1627959542317000,0,0.01533272,2156.9900
1627959557172000,0,1.95450000,2156.0100
1627959589279000,1,1.27370000,2154.8200
1627959589358000,1,0.01400000,2154.6100
1627959589416000,1,1.86700000,2154.6500
1627959589538000,1,0.44971865,2154.6100
1627959589538000,1,0.46371865,2154.4500
1627959589538000,1,0.00554976,2153.9300
1627959589544000,1,3.00903237,2153.9300
1627959594157000,0,0.62091924,2154.1800
1627959664588000,1,1.40000000,2153.4500
1627959664588000,1,0.13000000,2153.4500
1627959664588000,1,0.12999999,2153.4400
1627959664593000,1,0.00000001,2153.4400
1627959664599000,1,0.46399837,2153.2000
1627959664599000,1,0.13000000,2153.2000
1627959664616000,1,1.16001701,2153.0900
1627959664618000,1,1.86700000,2153.0600
1627959664618000,1,0.39355654,2153.0500
1627959664618000,1,0.79969722,2153.0400
1627959664729000,1,0.79463056,2153.0700
1627959664731000,1,0.36538645,2153.0700
1627959732262000,0,1.95902927,2150.5500
1627959732325000,0,0.52186989,2150.6900
1627959732347000,0,1.95902927,2150.5500
1627959732347000,0,0.97963532,2150.6900
1627959732353000,0,1.43715938,2150.6900
1627959855276000,1,1.43000000,2152.4400
1627959863568000,0,1.40000000,2155.2500
1627959921193000,0,0.65000000,2155.2400
1627959966190000,0,1.95315000,2157.5300
1627959968972000,0,0.00000017,2157.5300
1627959968972000,0,1.95159983,2158.9300
1627959974688000,0,0.00008385,2158.9300
1627959983902000,1,1.40000000,2158.4400
1627959984110000,1,0.46297582,2158.2100
1627960024112000,0,1.95215000,2157.8800
1627960077135000,1,0.46386923,2154.2000
1627960077135000,1,0.60013077,2153.8600
1627960128021000,1,0.46424393,2152.2000
1627960128021000,1,1.01575607,2152.1900
1627960153006000,0,1.95711000,2152.2700
1627960153070000,0,0.00000025,2152.2700
1627960260524000,0,0.00923082,2155.8200
1627960270756000,1,0.46374016,2154.5900
1627960270756000,1,0.90625984,2154.5800
1627960328855000,1,3.00000000,2152.0100
1627960359800000,0,0.01229178,2153.0900
1627960362831000,0,0.01280523,2153.0900
1627960363831000,0,0.01280523,2153.0900
1627960364856000,0,0.01280523,2153.0800
1627960408952000,0,1.95779000,2151.5900
1627960419173000,0,1.38720000,2153.4700
1627960422721000,1,2.34000000,2153.0600
1627960533743000,1,0.01998473,2150.7500
1627960557866000,1,0.46472289,2150.4500
1627960557866000,1,0.10000000,2150.4400
1627960557919000,1,1.03010000,2149.6500
1627960559036000,1,1.69383000,2149.2600
1627960571755000,1,0.28203518,2147.9500
1627960574607000,1,1.38000000,2148.0000
1627960606066000,0,0.11546213,2149.1300
1627960609097000,0,0.11546213,2149.0300
1627960611132000,0,0.11546214,2149.0300
1627960612153000,0,0.11546213,2149.0300
1627960635063000,0,0.41314615,2149.1200
1627960642681000,0,0.06320147,2149.4300
1627960658832000,0,0.04619968,2148.4300
1627960672657000,1,0.46565340,2145.9600
1627960672688000,1,1.16390000,2145.7400
1627960672711000,1,0.00009238,2145.7400
1627960672811000,1,1.94290000,2145.3800
1627960672904000,1,0.46565340,2145.3700
1627960672904000,1,1.16436155,2145.3700
1627960679169000,1,0.04926303,2143.0100
1627960691288000,0,0.04625372,2146.0500
1627960705145000,0,0.13875943,2148.4000
1627960746060000,1,0.23419080,2147.5400
1627960756505000,1,1.38000000,2147.7600
1627960897900000,0,0.41094479,2153.1000
1627960909891000,0,0.01386728,2153.2700
1627960938929000,1,0.46442073,2151.8200
1627960938929000,1,0.58557927,2151.6300
1627961002041000,1,0.04999999,2146.9400
1627961002042000,1,0.00000001,2146.9400
1627961048413000,1,0.05000000,2145.8700
1627961054512000,1,0.72850999,2143.0200
1627961069489000,1,0.01443839,2146.6500
1627961099979000,1,1.05000000,2148.5000
1627961103460000,0,0.51680000,2150.7600
1627961131556000,0,0.01185597,2153.1600
1627961132656000,0,0.01185597,2153.1500
1627961133613000,0,0.01185597,2153.1600
1627961134639000,0,0.01580796,2153.1600
1627961135658000,0,0.01580796,2153.1600
1627961136673000,0,0.01580795,2153.1500
1627961158868000,1,0.30699999,2150.7700
1627961160154000,1,0.00000001,2150.7700
1627961168334000,0,0.01383344,2152.5300
1627961216730000,1,0.04319310,2149.5900
1627961341500000,0,1.40000000,2147.8200
1627961356132000,0,1.82740000,2149.0600
1627961356135000,0,1.20040000,2149.0600
1627961356154000,0,0.00005543,2149.0600
1627961461463000,0,2.94321938,2147.9400
1627961461468000,0,0.39541125,2148.5700
1627961461619000,0,1.96180000,2147.9900
1627961461778000,0,0.49999999,2148.4300
1627961461781000,0,0.00000001,2148.4300
1627961463479000,1,1.40000000,2147.6500
1627961579405000,0,0.46607000,2147.4800
1627961661950000,0,1.40000000,2147.1900
1627961661950000,0,1.96258114,2147.2000
1627961661950000,0,6.00000000,2147.2000
1627961661950000,0,2.94396859,2147.3000
1627961661950000,0,3.92519937,2147.8200
1627961661950000,0,8.58617123,2147.8800
1627961661950000,0,0.18207967,2148.2800
1627961691978000,1,1.40000000,2143.3700
1627961691978000,1,0.03000000,2143.3600
1627961737663000,0,0.01619771,2144.6500
1627961738699000,0,0.01619771,2144.6400
1627961785055000,1,0.04711000,2142.5100
1627961788851000,1,0.00000921,2142.5100
1627961788851000,1,0.09999079,2142.1600
1627961794971000,1,0.00000921,2142.1600
1627961795089000,1,1.85196325,2140.5600
1627961795315000,1,0.10000000,2140.2700
1627961795315000,1,0.46690136,2140.0100
1627961795315000,1,0.05000000,2140.0000
1627961795315000,1,0.27009345,2140.0000
1627961795315000,1,3.34062149,2140.0000
1627961795315000,1,9.00618370,2140.0000
1627961795647000,1,1.95150000,2140.0000
1627961795677000,1,0.92300000,2140.0000
1627961796266000,1,2.09856600,2140.0000
1627961796267000,1,26.72813347,2140.0000
1627961796267000,1,0.05000000,2140.0000
1627961796267000,1,85.72957009,2140.0000
1627961796267000,1,0.01395000,2140.0000
1627961796439000,1,0.65893213,2139.8600
1627961796439000,1,0.03704317,2139.5900
1627961798458000,1,1.05810000,2138.7500
1627961801611000,0,1.82730000,2140.9900
1627961806243000,0,0.01323364,2142.4100
1627961807263000,0,0.01323364,2142.8700
1627961808287000,0,0.01323364,2142.8700
1627961809308000,0,0.01323364,2142.8700
1627961810364000,0,0.01323364,2142.7600
1627961810898000,1,0.08000000,2140.0100
1627961811153000,0,0.03907259,2142.5400
1627961811351000,0,0.01323364,2142.4300
1627961812360000,0,0.01323363,2142.0400
1627961820230000,1,2.45000000,2140.1000
1627961820283000,1,2.10000000,2140.1000
1627961820337000,1,1.55000000,2140.1000
1627961820389000,1,0.38690000,2140.1000
1627961820449000,1,2.45000000,2140.1000
1627961824841000,0,0.21765749,2141.2100
1627961827041000,0,0.10882875,2141.3300
1627961827041000,0,1.85888783,2141.3400
1627961832367000,0,0.04670000,2139.9200
1627961832623000,0,0.04670000,2139.9200
1627961839150000,0,1.96950000,2139.1200
1627961843050000,0,1.96930000,2139.5800
1627961843060000,0,0.00006279,2139.5800
1627961843060000,0,2.95373721,2139.6200
1627961843098000,0,0.00006644,2139.6200
1627961843667000,0,0.82944146,2139.6200
1627961843721000,0,0.00000001,2139.6200
1627961845779000,1,0.46716000,2138.9000
1627961850875000,0,0.01800000,2140.4000
1627961854788000,1,1.96810000,2139.4600
1627961857360000,1,0.00000883,2139.4600
1627961857360000,1,1.96810883,2139.4600
1627961877861000,1,0.17642483,2138.7500
1627961877861000,1,0.74657517,2138.6400
1627961885507000,1,1.96910000,2138.7700
1627961885919000,1,0.00000879,2138.7700
1627961887429000,1,0.39699245,2137.5600
1627961887484000,1,0.00000001,2137.5600
1627961887741000,1,0.01830014,2137.1500
1627961887756000,1,0.01830014,2137.1500
1627961887757000,1,0.01830014,2137.1500
1627961887809000,1,0.01830014,2137.1500
1627961887809000,1,0.01830014,2137.1500
1627961887814000,1,0.01830014,2137.1500
1627961887815000,1,0.01830014,2137.1500
1627961887854000,1,1.27189902,2137.1500
1627961887854000,1,0.01830015,2137.1400
1627961889831000,0,1.34290000,2139.2400
1627961890232000,0,1.43200000,2139.8200
1627961961477000,1,0.46750000,2137.4000
1627961967969000,0,0.01392628,2138.1700
1627961973145000,1,0.46756000,2137.0000
1627961978014000,1,0.46767000,2136.6700
1627961978220000,1,0.00000435,2136.6700
1627961979249000,1,0.09330493,2136.6500
1627961979249000,1,0.37444507,2136.4100
1627961979533000,1,0.09330000,2136.4100
1627961979710000,1,0.00000803,2136.4100
1627961980925000,1,0.90000000,2135.9200
1627961982273000,1,0.50000000,2135.2100
1627961982273000,1,0.42300000,2135.2100
1627961983261000,1,0.46775000,2135.0100
1627961983466000,1,0.00000310,2135.0100
1627961983466000,1,0.70611709,2135.0000
1627961983466000,1,0.34387981,2135.0000
1627961986000000,1,0.39699000,2135.0000
1627961986454000,1,1.32108152,2135.0000
1627961987687000,1,2.43370000,2135.0000
1627961988293000,1,0.00005827,2135.0000
1627961988293000,1,0.39693173,2134.3300
1627961988562000,1,0.01853706,2134.3300
1627961989008000,1,0.05274000,2134.3300
1627961989362000,1,0.39699000,2134.1000
1627961990343000,1,0.46821302,2133.0300
1627961990343000,1,1.17054332,2133.0300
1627961990351000,1,0.00000001,2133.0300
1627961990388000,1,0.23300000,2133.0000
1627961990453000,1,0.02000000,2133.0100
1627961991932000,0,0.69820000,2133.6700
1627961991932000,0,5.72380000,2133.6800
1627961992189000,1,0.39699246,2132.5900
1627961992419000,1,1.40000000,2131.5500
1627961992419000,1,0.15000000,2131.5400
1627961992470000,1,0.39699246,2132.6100
1627961992470000,1,1.75300754,2131.5400
1627961992525000,1,2.30000000,2131.5400
1627961992874000,0,0.07999999,2133.6400
1627961992885000,0,0.00000001,2133.6400
1627961992885000,0,0.07999998,2133.6500
1627961992890000,0,0.07999999,2133.6500
1627961992892000,0,0.07999999,2133.6500
1627961992898000,0,0.07999999,2133.6500
1627961992916000,0,0.07999999,2133.6500
1627961992917000,0,0.07999999,2133.6500
1627961993097000,1,0.39699246,2132.3100
1627961993097000,1,0.20519932,2131.6600
1627961993521000,0,0.59569138,2133.6100
1627961993522000,0,0.32430862,2133.6100
1627961993987000,0,0.69819999,2133.6700
1627961993989000,0,0.69819999,2133.6700
1627961993993000,0,0.00360002,2133.6700
1627961993993000,0,0.69459997,2133.6800
1627961993993000,0,0.00360003,2133.6800
1627962000255000,0,0.06934457,2136.6900
1627962003122000,1,0.46823000,2134.2600
1627962004046000,1,0.75725209,2133.7900
1627962006922000,0,0.08162155,2135.7800
1627962006934000,0,0.00000001,2135.7800
1627962008190000,0,0.04081077,2136.8200
1627962008209000,0,0.00000001,2136.8200
1627962008654000,1,0.04081078,2135.6100
1627962009024000,1,0.24390000,2135.7200
1627962011791000,1,1.50000000,2136.2200
1627962011848000,1,0.47072000,2136.2200
1627962012566000,1,0.08000000,2136.2300
1627962012566000,1,0.00000717,2136.2200
1627962012566000,1,0.46780124,2135.5600
1627962012814000,1,1.72865859,2135.3500
1627962012929000,1,0.24283000,2135.3500
1627962013034000,1,0.00000593,2135.3500
1627962013034000,1,1.16939333,2135.1400
1627962013034000,1,0.46788074,2135.1400
1627962013614000,1,0.46789000,2134.4300
1627962014164000,1,1.23714000,2134.0200
1627962014440000,1,0.73552000,2134.0200
1627962014664000,1,0.46789000,2133.9500
1627962017765000,1,0.46789000,2132.7500
1627962017844000,1,0.00000755,2132.7500
1627962017844000,1,1.16929245,2132.6300
1627962018608000,1,0.46865000,2131.7100
1627962019243000,1,1.16939000,2131.0100
1627962019541000,1,0.46865000,2131.0200
1627962020080000,1,0.14179000,2131.0000
1627962020293000,1,0.00000562,2131.0000
1627962020438000,1,0.46865000,2129.8300
1627962026850000,0,0.29879669,2131.6100
1627962026880000,0,0.00000001,2131.6100
1627962029217000,1,0.46889000,2130.2100
1627962029336000,1,0.00000741,2130.2100
1627962029336000,1,0.46895259,2129.8500
1627962035329000,0,0.23758053,2131.7700
1627962035371000,0,0.46870000,2131.7600
1627962037380000,0,0.39699247,2133.3600
1627962037380000,0,3.50300752,2133.4300
1627962037423000,0,0.39699248,2133.4300
1627962059090000,1,0.46859000,2132.5300
1627962059208000,1,0.00000478,2132.5300
1627962071626000,1,0.13275561,2132.3200
1627962071734000,1,0.13275561,2132.3300
1627962071930000,1,0.82949700,2132.3300
1627962072119000,1,0.32145189,2132.3300
1627962072677000,1,0.46852000,2132.2200
1627962072856000,1,0.00000452,2132.2200
1627962072856000,1,0.46861548,2132.0900
1627962073068000,1,0.46852452,2131.7900
1627962073068000,1,4.08147548,2131.7800
1627962073130000,1,3.79793000,2131.7800
1627962073718000,1,0.46852452,2130.9300
1627962078109000,1,1.40000000,2129.1300
1627962078231000,1,0.46852000,2129.1100
1627962081347000,1,0.46945000,2128.5900
1627962083944000,1,0.00000712,2128.5900
1627962083944000,1,1.17365288,2128.2800
1627962083946000,1,0.00001162,2128.2800
1627962084842000,0,1.40000000,2129.2300
1627962084842000,0,0.08000000,2129.3100
1627962084842000,0,0.30960231,2129.3200
1627962085851000,0,1.28370000,2130.7300
1627962100409000,0,0.15480114,2132.3200
1627962111328000,1,0.34820000,2131.3000
1627962114934000,1,0.46873000,2131.6300
1627962115250000,1,0.00000535,2131.6300
1627962115250000,1,0.46878465,2131.3600
1627962120619000,1,0.29100000,2131.3100
1627962122301000,1,0.46882000,2131.3200
1627962122541000,1,0.00000765,2131.3200
1627962122607000,1,1.17209000,2131.0000
1627962124026000,1,0.29100000,2131.3400
1627962124358000,0,0.04355747,2133.0600
1627962124358000,0,0.18321887,2133.0600
1627962127253000,0,0.01400000,2133.1000
1627962127398000,0,0.21277177,2133.1000
1627962127672000,0,0.60286975,2133.1600
1627962135903000,1,0.46815000,2134.0900
1627962140365000,1,1.40000000,2134.3100
1627962141204000,1,0.46814000,2134.2000
1627962144233000,1,0.46825000,2133.5800
1627962144697000,1,0.00000248,2133.5800
1627962144986000,1,0.08000000,2133.3900
1627962152086000,1,0.46825000,2132.4500
1627962152386000,1,0.00000248,2132.4500
1627962173767000,1,0.94400000,2132.3600
1627962173832000,1,0.46855000,2132.3400
1627962174181000,1,0.46855000,2132.3600
1627962179438000,1,0.46876000,2131.3200
1627962190388000,1,0.46891000,2130.6600
1627962190439000,1,0.00000998,2130.6600
1627962191653000,1,0.46891000,2130.0900
1627962199063000,1,0.46888000,2130.5800
1627962208591000,1,0.01400000,2130.0000
1627962208596000,1,0.45506075,2130.0000
1627962212620000,1,0.10882874,2130.0600
1627962212700000,1,0.36021441,2130.0600
1627962224057000,1,0.46910000,2129.8000
1627962224247000,1,0.00000476,2129.8000
1627962224557000,1,0.09150000,2129.2700
1627962230289000,0,0.01400000,2129.1700
1627962247320000,0,0.10676795,2130.7800
1627962247344000,0,0.00000001,2130.7800
1627962253903000,1,0.46907000,2129.6900
1627962254945000,1,0.46930729,2129.2500
1627962254975000,1,0.00000001,2129.2500
1627962298451000,1,0.01200755,2128.4300
1627962298735000,1,0.01400000,2128.4300
1627962299450000,1,0.01200755,2127.7100
1627962300517000,1,0.01200755,2127.8000
1627962301496000,1,0.01200756,2127.7100
1627962302545000,1,0.01200755,2127.2400
1627962303551000,1,0.01200756,2127.2400
1627962304580000,1,0.01200755,2126.7900
1627962308001000,1,0.08742063,2126.5000
1627962308023000,1,0.00000001,2126.5000
1627962308068000,1,0.46958057,2126.2500
1627962345102000,1,0.93200000,2126.8200
1627962345102000,1,0.46972174,2126.8100
1627962345102000,1,0.02827826,2126.7300
1627962362413000,1,0.46989830,2126.4300
1627962362423000,1,0.00000001,2126.4300
1627962401724000,1,0.47058823,2125.0000
1627962401724000,1,0.00000001,2125.0000
1627962402231000,1,2.13362368,2123.4100
1627962414336000,0,1.40000000,2125.7500
1627962415586000,0,1.40000000,2126.7400
1627962415690000,0,1.50300000,2126.7500
1627962415921000,0,6.07117318,2126.9500
1627962415924000,0,0.37082682,2126.9500
1627962417558000,0,0.08000000,2128.5200
1627962428886000,0,0.39991662,2133.3200
1627962442870000,1,1.39999993,2131.6600
1627962442913000,1,0.00000007,2131.6600
1627962442913000,1,0.46882765,2131.6500
1627962443053000,0,5.53117130,2131.6300
1627962443263000,1,0.08000000,2131.6300
1627962443263000,1,0.46882765,2131.6200
1627962443407000,1,2.96120000,2131.5600
1627962447103000,0,1.40000000,2131.2100
1627962447103000,0,0.18351503,2131.2200
1627962448281000,0,0.18351504,2131.2100
1627962448281000,0,0.18350999,2131.2100
1627962448554000,1,1.40000000,2129.9200
1627962449760000,1,0.39991000,2128.8100
1627962450141000,1,0.46920000,2128.8200
1627962450680000,1,0.00000601,2128.8200
1627962453439000,1,1.40000000,2129.1000
1627962454385000,0,0.07334884,2130.5600
1627962454387000,0,0.00000001,2130.5600
1627962454391000,0,0.00000001,2131.2200
1627962458810000,1,2.00000000,2130.3900
1627962458862000,1,1.55000000,2130.3800
1627962458915000,1,0.42530000,2130.3800
1627962460662000,1,0.00000310,2130.3800
1627962460662000,1,1.97529690,2130.3800
1627962461081000,1,0.00000620,2130.3800
1627962461081000,1,1.39999380,2129.8000
1627962461183000,1,0.60000000,2129.8000
1627962462045000,1,1.97664767,2129.2500
1627962465483000,1,2.00000000,2129.2600
1627962465709000,1,1.97664000,2129.2500
1627962465817000,1,0.00000767,2129.2500
1627962465817000,1,2.69158233,2128.9500
1627962465868000,1,0.27341000,2128.9500
1627962475354000,1,2.00000000,2129.6400
1627962475540000,1,1.97639255,2129.6800
1627962475540000,1,0.98768745,2129.6300
1627962475759000,1,0.98870000,2129.6300
1627962475825000,1,0.98769000,2129.6300
1627962477560000,1,1.97664000,2129.3900
1627962477819000,1,0.00000919,2128.9500
1627962477819000,1,3.95255081,2128.8000
1627962481633000,1,1.97674000,2129.1100
1627962486363000,1,0.00000872,2129.1100
1627962486363000,1,1.54999128,2129.0500
1627962486424000,1,0.42697000,2129.0500
1627962488414000,1,0.00001092,2129.0500
1627962488414000,1,1.97696908,2129.0500
1627962488509000,1,0.00000312,2129.0500
1627962488666000,1,0.00001903,2128.8000
1627962490082000,1,0.04041000,2127.7200
1627962490248000,1,0.00000415,2127.7200
1627962492353000,0,0.33840947,2129.1700
1627962492789000,1,1.70000000,2127.8700
1627962492852000,1,0.27770000,2127.8700
1627962493279000,1,0.00000108,2127.8700
1627962493279000,1,2.30810892,2127.3400
1627962495200000,1,1.55000000,2127.5100
1627962495348000,1,0.42821000,2127.5100
1627962496563000,1,1.43000000,2126.6800
1627962502615000,0,1.06150000,2126.8400
1627962507098000,0,0.03150213,2126.4900
1627962547199000,1,0.02562327,2122.0800
1627962547235000,1,0.00000001,2122.0800
1627962547258000,1,0.24000471,2122.0000
1627962548243000,1,4.54550789,2121.0000
1627962548253000,1,0.83996122,2121.0000
1627962548253000,1,1.17657237,2121.0000
1627962548253000,1,0.12316664,2121.0000
1627962551315000,1,3.67179000,2120.6100
1627962551961000,1,2.31776959,2120.6100
1627962551962000,1,0.00000001,2120.6100
1627962583757000,0,0.02311511,2127.1800
1627962592867000,1,0.46971000,2125.8900
1627962609444000,0,0.29035520,2125.8100
1627962628101000,1,1.40000000,2127.2400
1627962628101000,1,0.23000000,2127.2300
1627962632187000,1,0.46965000,2126.4300
1627962652136000,1,0.46972000,2127.1500
1627962694919000,1,1.75000000,2128.0000
1627962694984000,1,1.40000000,2128.0000
1627962695031000,1,0.54713000,2128.0000
1627962695084000,1,0.35000000,2128.0000
1627962695133000,1,1.40000000,2128.0000
1627962697914000,1,0.00000815,2128.0000
1627962697914000,1,1.97847185,2127.2700
1627962713869000,0,1.40000000,2126.9100
1627962732568000,1,1.35000000,2127.1700
1627962753035000,1,0.46988948,2126.4200
1627962753035000,1,0.46990715,2126.4000
1627962776470000,0,0.02718040,2127.4700
1627962808604000,1,0.46970850,2126.5200
1627962808604000,1,0.39991662,2126.2000
1627962808604000,1,0.50037488,2126.0200
1627962819853000,0,0.03949866,2128.8700
1627962831202000,1,0.46947000,2128.0900
1627962834695000,0,2.54299277,2128.5000
1627962844189000,0,4.72124744,2127.3500
1627962851760000,1,0.30000000,2125.8600
1627962858181000,0,1.40000000,2128.3000
1627962858181000,0,2.93402947,2128.3100
1627962858677000,0,2.93402947,2128.3000
1627962887836000,0,0.50000000,2130.9600
1627962887994000,0,0.57304347,2131.6100
1627962890304000,0,1.85416000,2132.0100
1627962890312000,0,1.01039200,2132.0100
1627962913758000,0,1.97756172,2131.4200
1627962932840000,0,1.30100000,2133.6400
1627962932840000,0,1.40000000,2133.6500
1627962934464000,0,0.39991663,2134.6300
1627962934848000,1,1.40000000,2132.9200
1627962937782000,0,0.55732118,2132.0100
1627962947361000,0,1.47731790,2132.3100
1627962960048000,1,1.25000000,2129.2100
1627962982355000,0,0.05688197,2130.9500
1627962996374000,0,0.95388313,2132.2600
1627963017892000,0,0.50000019,2130.7800
1627963057469000,0,0.14115122,2132.4900
1627963100960000,0,0.07478781,2132.9000
1627963117531000,0,0.70120397,2134.2900
1627963122473000,0,0.13338852,2133.6800
1627963125283000,0,1.40000000,2133.8100
1627963125283000,0,4.01071489,2133.8400
1627963125283000,0,5.44541278,2133.8500
1627963125285000,0,6.39067386,2133.8500
1627963125344000,0,1.09500000,2133.8000
1627963126971000,0,1.09500000,2134.8300
1627963126971000,0,0.37359155,2134.8400
1627963127484000,0,0.37359155,2134.8400
1627963141972000,1,1.40000000,2132.8300
1627963155884000,0,0.40307000,2132.1800
1627963159874000,0,0.00000418,2132.1800
1627963190035000,0,0.93591642,2133.7000
1627963197546000,0,0.46763160,2133.5700
1627963201651000,1,0.46857721,2132.5500
1627963202132000,1,1.97040000,2132.3600
1627963202332000,1,0.26931121,2132.1800
1627963202370000,1,0.00000001,2132.1800
1627963205467000,1,0.04770604,2130.0000
1627963205470000,1,0.00000001,2130.0000
1627963222219000,1,0.10365828,2128.0000
1627963222322000,1,0.00000001,2128.0000
1627963227133000,0,1.40000000,2127.4000
1627963227133000,0,6.00000000,2127.4300
1627963227133000,0,0.45000000,2127.5300
1627963227133000,0,16.33111859,2127.5400
1627963227642000,0,6.00000000,2126.7600
1627963231170000,1,1.27000000,2125.7300
1627963302367000,0,1.00000000,2132.5400
1627963305443000,0,1.40000000,2133.5900
1627963305443000,0,6.00000000,2133.5900
1627963305443000,0,0.39941909,2133.6000
1627963305443000,0,1.12022092,2133.8500
1627963309193000,0,0.01242592,2133.5600
1627963312227000,0,0.01294265,2133.5600
1627963313251000,0,0.01294264,2133.8200
1627963314254000,0,0.01294265,2134.6000
1627963319952000,1,0.46848939,2133.0900
1627963368447000,1,0.14920000,2130.0000
1627963369249000,1,0.00000296,2130.0000
1627963369249000,1,1.35779704,2129.2600
1627963382482000,1,0.46905194,2128.5800
1627963383771000,1,0.00000001,2128.5800
1627963383771000,1,0.46881999,2128.0000
1627963383780000,1,0.00000326,2128.0000
1627963383780000,1,1.17236576,2127.9800
1627963454821000,1,1.41000000,2126.5200
1627963554450000,0,0.47076274,2128.4300
1627963560282000,0,1.98021648,2127.3400
1627963560282000,0,2.67228049,2127.4300
1627963563875000,1,1.40000000,2126.3400
1627963565107000,1,0.09310210,2126.5900
1627963606145000,1,0.11999999,2126.0000
1627963606147000,1,0.00000001,2126.0000
1627963610094000,1,0.13544000,2126.0000
1627963610621000,1,0.00000255,2126.0000
1627963610621000,1,0.13455946,2125.0000
1627963611013000,1,0.00000256,2125.0000
1627963643264000,1,0.14999999,2124.0000
1627963643294000,1,0.00000001,2124.0000
1627963652462000,0,1.40000000,2122.7000
1627963672892000,1,6.00000000,2125.3700
1627963672892000,1,1.98022144,2125.3600
1627963672892000,1,0.50000000,2125.1600
1627963672892000,1,14.73419951,2125.1500
1627963684997000,0,0.04000695,2127.1300
1627963707779000,1,1.38000000,2126.7900
1627963745473000,0,1.38000000,2127.9300
1627963808591000,0,1.59530000,2130.0000
1627963833195000,1,0.04380593,2129.6500
1627963834858000,0,0.96529944,2131.0900
1627963890683000,1,6.00000000,2132.6500
1627963890683000,1,1.40000000,2132.5600
1627963890683000,1,6.00000000,2132.5300
1627963890683000,1,1.01111377,2132.3700
1627963891686000,0,1.40000000,2134.2300
1627963917367000,0,1.97215994,2136.0200
1627963917375000,0,2.95840434,2136.1100
1627963917491000,0,1.97215994,2136.0200
1627963917538000,0,1.02230000,2136.5200
1627963917557000,0,1.71230000,2136.5200
1627963917593000,0,0.22357092,2136.5200
1627963923439000,0,0.12342654,2138.3100
1627963995690000,1,3.94000000,2136.5600
1627963995982000,1,0.46777935,2136.1400
1627963995991000,1,0.00000001,2136.1400
1627963996006000,1,1.16954650,2135.6500
1627964036216000,0,0.01376935,2135.9100
1627964048851000,0,0.01504405,2134.7400
1627964075951000,0,0.01399094,2136.4300
1627964079006000,0,0.01200974,2136.4800
1627964079990000,0,0.01200974,2136.9900
1627964081012000,0,0.01200973,2136.9900
1627964082057000,0,0.01200974,2137.2000
1627964152905000,1,0.62200000,2137.3500
1627964254382000,1,1.97035200,2136.4100
1627964254382000,1,2.95552800,2136.1800
1627964254401000,0,6.00000000,2136.0000
1627964254426000,0,1.40000000,2136.0000
1627964254464000,0,0.01400000,2136.0000
1627964254477000,0,12.66012000,2136.0000
1627964274834000,0,1.96980774,2138.5200
1627964408299000,0,0.01624155,2139.3800
1627964462331000,1,0.15373393,2136.0000
1627964462430000,1,0.00000001,2136.0000
1627964462696000,0,0.01856563,2136.8800
1627964480607000,0,0.23281638,2136.9200
1627964503231000,1,0.04002398,2135.1700
1627964518069000,1,1.97017026,2137.3200
1627964520331000,0,0.04417317,2139.7600
1627964576463000,0,0.01835088,2141.9700
1627964636577000,0,0.47759785,2143.4700
1627964815686000,1,1.96710000,2139.8100
1627964821363000,0,0.50000000,2140.9300
1627964841025000,0,0.01854959,2140.1700
1627964844041000,0,0.01192243,2140.1700
1627964845064000,0,0.01192243,2140.1700
1627964846078000,0,0.01192243,2140.1700
1627964847083000,0,0.01192242,2140.1600
1627964848087000,0,0.01192243,2140.1600
1627964849117000,0,0.01192242,2140.0500
1627964850146000,0,0.01192243,2140.0500
1627964862168000,1,0.01400000,2138.0000
1627964862882000,1,0.09995877,2138.0000
1627964862886000,1,0.00000001,2138.0000
1627964923036000,1,0.00000001,2137.3200
1627964924569000,1,1.38000000,2135.8700
1627964926656000,1,0.59083176,2135.8700
1627965000267000,0,0.01754094,2139.2800
1627965114647000,0,1.31168762,2138.7300
1627965136563000,1,0.39736793,2138.1400
1627965136563000,1,0.45000000,2137.7700
1627965136563000,1,0.53263207,2137.7700
1627965144311000,1,1.17580000,2138.9000
1627965144311000,1,0.18696464,2138.6300
1627965148269000,0,0.01299288,2140.5300
1627965265381000,1,0.10303000,2138.5600
1627965331318000,0,0.07431521,2134.2200
1627965357561000,1,1.38000000,2131.0800
1627965390342000,1,0.14776000,2130.0000
1627965411262000,0,1.36699999,2132.1700
1627965501322000,1,0.50000000,2131.2300
1627965536324000,0,0.11434764,2130.6000
1627965539589000,1,0.00000056,2130.0000
1627965539589000,1,1.26999944,2128.6400
1627965567801000,0,1.00465648,2129.5700
1627965599137000,0,0.04600340,2129.4400
1627965600133000,0,0.21930000,2129.9400
1627965600133000,0,0.53263207,2129.9500
1627965600133000,0,1.55014194,2129.9600
1627965600294000,1,1.97654000,2128.1000
1627965600336000,1,0.00000524,2128.1000
1627965600336000,1,2.96481786,2127.8300
1627965600781000,1,1.97650000,2127.6700
1627965600804000,1,0.00005205,2127.6700
1627965603819000,0,0.09324528,2128.3900
1627965648977000,1,1.97925692,2125.4600
1627965648978000,1,0.00000001,2125.4600
1627965648981000,1,0.06860626,2125.2000
1627965653697000,1,1.40000000,2124.2700
1627965654067000,1,0.03931009,2123.8300
1627965660835000,1,1.40000000,2124.2000
1627965660835000,1,5.99999999,2124.1900
1627965687157000,0,1.39999999,2128.3800
1627965720167000,1,1.14000000,2128.3800
1627965731704000,1,1.97654935,2128.7100
1627965731704000,1,2.57703915,2128.5200
1627965754141000,1,0.02810089,2127.6700
1627965799308000,0,0.46680090,2125.2300
1627965799728000,0,0.93319000,2125.2300
1627965801328000,0,0.99909489,2125.8700
1627965878639000,1,0.71163504,2133.3800
1627965896885000,1,0.83121861,2133.3300
1627965902530000,1,1.39999999,2133.0800
1627965902531000,1,0.00000001,2133.0800
1627965916404000,0,1.40000000,2135.2000
1627965921397000,0,0.01281374,2136.8700
1627965944009000,1,1.15910000,2135.4100
1627965944009000,1,0.00004392,2135.4100
1627965962826000,1,1.40000000,2133.2900
1627965962826000,1,0.08000000,2133.2800
1627965986990000,0,0.14097831,2134.3400
1627966006829000,0,1.40000000,2132.2200
1627966006829000,0,3.99822497,2132.2300
1627966027038000,1,1.40000000,2130.9300
1627966027038000,1,0.75506391,2130.9200
1627966111643000,0,0.02335593,2130.0800
1627966113640000,0,0.01242855,2130.6400
1627966114272000,1,1.35000000,2129.2500
1627966117698000,0,0.01243089,2130.6100
1627966118701000,0,0.01243090,2130.6100
1627966119740000,0,0.01243089,2130.6100
1627966120725000,0,0.01243090,2131.5200
1627966121761000,0,0.01243089,2131.4100
1627966146318000,0,0.01386406,2131.3000
1627966146899000,1,1.97596295,2129.8300
1627966146899000,1,2.57259075,2129.6700
1627966162772000,1,0.31754029,2130.0800
1627966172836000,1,0.08292000,2128.0000
1627966173183000,1,0.00000998,2128.0000
1627966194188000,1,1.97787031,2127.7000
1627966194188000,1,8.82341820,2127.2000
1627966194188000,1,3.95453340,2127.1900
1627966194188000,1,7.07399644,2127.0100
1627966260493000,1,0.10100000,2125.7500
1627966283285000,0,1.40000000,2125.6100
1627966325295000,1,1.37000000,2123.7500
1627966328982000,0,1.40000000,2125.5500
1627966328982000,0,0.26760292,2125.5500
1627966335987000,0,0.09348688,2125.1800
1627966374976000,1,0.10000000,2123.4800
1627966376408000,0,0.13690412,2125.2500
1627966411084000,0,0.28670000,2127.5300
1627966411084000,0,0.46941624,2127.5300
1627966437982000,1,1.40000000,2126.3900
1627966437982000,1,6.00000000,2126.0000
1627966441454000,1,1.40000000,2125.4500
1627966457059000,0,0.01867045,2125.5500
1627966466083000,0,0.52277275,2123.9000
1627966466149000,0,1.40000000,2123.8900
1627966466149000,0,1.51504496,2123.9000
1627966469470000,0,1.96218000,2123.9000
1627966472836000,0,0.00000229,2123.9000
1627966487671000,1,2.97240000,2123.3100
1627966528797000,1,1.98383918,2121.0900
1627966528797000,1,0.39843611,2120.7000
1627966535265000,1,0.94638648,2120.6700
1627966535265000,1,0.63485111,2120.6700
1627966535265000,1,1.41771997,2120.6200
1627966538906000,1,1.78084060,2120.0000
1627966538906000,1,0.17664728,2120.0000
1627966538912000,1,0.00000001,2120.0000
1627966539190000,1,0.47133350,2119.4200
1627966539190000,1,19.06790501,2118.8500
1627966542872000,1,0.90800000,2118.7100
1627966542872000,1,1.40000000,2118.4800
1627966542872000,1,1.37400000,2118.4800
1627966542919000,1,0.79430636,2118.5100
1627966542921000,1,1.20569364,2118.5100
1627966542921000,1,0.47163137,2118.4700
1627966543020000,1,4.03383378,2118.4900
1627966543081000,1,1.17900000,2117.8000
1627966543087000,1,0.00005589,2117.8000
1627966543294000,1,0.47147572,2117.7900
1627966543294000,1,0.47133350,2117.3800
1627966543294000,1,1.05719078,2117.1700
1627966543399000,1,0.94280922,2117.1700
1627966543399000,1,2.03669078,2115.9300
1627966545593000,0,1.39999999,2117.0800
1627966545648000,0,0.00000001,2117.0800
1627966545648000,0,0.08000000,2117.3300
1627966545648000,0,0.31843610,2117.3500
1627966556142000,1,0.20213129,2114.0100
1627966556170000,1,0.00000001,2114.0100
1627966556608000,1,0.46300000,2113.0000
1627966558557000,1,0.01892000,2112.2400
1627966558701000,1,0.01892000,2112.2400
1627966558886000,1,0.22720563,2112.2400
1627966558971000,1,0.01892000,2112.1800
1627966558982000,1,0.01860389,2112.1800
1627966558982000,1,0.00946905,2112.1500
1627966558982000,1,0.00946905,2112.1500
1627966559971000,0,1.38130000,2112.2800
1627966560819000,0,2.99310708,2112.7600
1627966568118000,0,0.25910063,2115.1900
1627966570148000,1,1.40000000,2114.0300
1627966570148000,1,6.00000000,2114.0200
1627966570148000,1,1.98913243,2113.9200
1627966570148000,1,0.90800000,2113.0100
1627966570148000,1,0.08000000,2113.0100
1627966570148000,1,8.72911551,2113.0000
1627966570148000,1,6.00000000,2112.9700
1627966570148000,1,0.47250047,2112.8600
1627966570148000,1,2.98426265,2112.7900
1627966570148000,1,5.06192252,2112.7300
1627966572091000,0,1.40000000,2116.6100
1627966580581000,1,2.98289840,2115.4700
1627966580581000,1,1.98870096,2115.4500
1627966580581000,1,1.02840063,2114.9300
1627966581538000,1,0.88345640,2114.9200
1627966581546000,1,0.11085889,2114.9200
1627966587245000,0,0.01400000,2113.5000
1627966587363000,1,0.34334665,2111.0600
1627966588040000,1,1.00000000,2110.1600
1627966597185000,1,0.02499999,2110.0000
1627966597254000,1,0.00000001,2110.0000
1627966597267000,1,0.47320254,2109.7600
1627966597267000,1,0.08173006,2109.7500
1627966597319000,1,0.57894388,2109.2400
1627966600128000,1,0.01328456,2109.7400
1627966601183000,1,0.01328456,2111.3400
1627966602225000,1,0.01328456,2110.8200
1627966602561000,0,1.01440000,2113.2600
1627966604219000,1,0.01328456,2111.8500
1627966605264000,1,0.01328455,2112.5100
1627966606279000,1,0.01328456,2112.5100
1627966607331000,1,0.01328455,2112.5100
1627966608308000,1,0.01328456,2112.5100
1627966609342000,1,0.01328455,2112.3300
1627966628949000,1,0.47392016,2108.3800
1627966629290000,1,0.47392016,2107.6800
1627966629297000,1,0.00000001,2107.6800
1627966629297000,1,0.25000000,2107.5200
1627966631304000,1,0.47392017,2106.8100
1627966631304000,1,0.47390670,2106.8000
1627966631304000,1,0.65893213,2106.7900
1627966631609000,0,1.40000000,2106.7800
1627966647851000,1,1.38669999,2108.9400
1627966650797000,0,0.40263000,2109.0100
1627966654715000,1,0.47430229,2106.6600
1627966655062000,1,0.47430230,2106.0100
1627966655062000,1,0.01566000,2106.0000
1627966655119000,1,0.00000001,2106.0000
1627966656776000,1,0.24103984,2105.4000
1627966656783000,1,1.75896016,2105.4000
1627966656853000,1,0.01400000,2105.0000
1627966656869000,1,0.10010000,2105.0000
1627966657215000,1,0.38590000,2105.0000
1627966657215000,1,0.10010842,2105.0000
1627966657225000,1,0.00000001,2105.0000
1627966658404000,1,0.05000000,2103.2500
1627966658495000,1,1.18558681,2101.2800
1627966658495000,1,3.08246017,2101.2800
1627966658495000,1,0.47415302,2101.2800
1627966659122000,1,0.10000000,2101.2400
1627966659122000,1,0.47430230,2100.2300
1627966659122000,1,0.10386530,2100.2200
1627966659122000,1,4.99073240,2100.0000
1627966659181000,0,0.13400000,2103.0300
1627966659256000,1,0.47430230,2100.0100
1627966659256000,1,7.77939770,2100.0000
1627966659359000,1,2.22986990,2100.0000
1627966659359000,1,0.11865753,2100.0000
1627966659359000,1,1.00000000,2100.0000
1627966659359000,1,1.69560000,2100.0000
1627966659359000,1,1.00000000,2100.0000
1627966659359000,1,0.25000000,2100.0000
1627966659359000,1,1.00000000,2100.0000
1627966659359000,1,0.01000000,2100.0000
1627966659359000,1,0.60227257,2100.0000
1627966659368000,1,0.39772743,2100.0000
1627966659368000,1,0.07678571,2100.0000
1627966660298000,1,0.01325544,2097.3300
1627966660343000,1,0.16503506,2097.3300
1627966660379000,1,0.06170950,2097.3300
1627966660379000,1,0.47430230,2090.0100
1627966660379000,1,0.16178572,2090.0100
1627966660428000,1,0.50000000,2090.0100
1627966660483000,1,0.60133762,2090.0100
1627966660523000,1,0.18403704,2090.0200
1627966660523000,1,1.81933683,2090.0100
1627966660523000,1,1.18558681,2090.0100
1627966660523000,1,0.09500000,2090.0000
1627966660523000,1,0.20000000,2090.0000
1627966660523000,1,2.88090569,2088.3400
1627966660558000,1,11.11706377,2088.3400
1627966660610000,1,0.03004916,2090.1100
1627966660852000,1,3.55460000,2100.0000
1627966660870000,1,0.00009047,2100.0000
1627966660898000,0,0.01204292,2101.6500
1627966661637000,1,0.25546026,2090.0300
1627966661679000,1,0.72214854,2090.0300
1627966661727000,1,0.42239120,2090.0300
1627966661727000,1,0.10510700,2090.0200
1627966661784000,1,0.15000000,2090.0200
1627966661821000,1,8.31849158,2090.0300
1627966661821000,1,5.92571300,2090.0200
1627966661821000,1,0.74696000,2089.2100
1627966661821000,1,6.00000000,2088.6700
1627966661821000,1,0.18403704,2088.4500
1627966661821000,1,1.18558681,2088.3500
1627966661821000,1,3.08246017,2088.3500
1627966661821000,1,0.24000000,2088.3500
1627966661821000,1,16.14319710,2088.3400
1627966661821000,1,0.03186915,2088.1400
1627966661821000,1,0.02020000,2086.5000
1627966661821000,1,0.20213130,2086.4700
1627966661821000,1,0.25000000,2085.4000
1627966661821000,1,0.10000000,2085.2000
1627966661821000,1,0.03801104,2085.1100
1627966661821000,1,11.23057174,2084.8200
1627966663993000,1,0.40263441,2090.6600
1627966666258000,0,1.20142000,2092.4200
1627966666331000,0,0.18658000,2092.4200
1627966667367000,1,2.01120000,2094.6600
1627966667367000,1,0.00008992,2094.6600
1627966667751000,1,0.47798405,2088.9700
1627966667751000,1,1.69400597,2088.9500
1627966670867000,0,0.02400000,2096.5000
1627966675678000,0,4.03383378,2096.6100
1627966675678000,0,0.50000000,2096.6400
1627966675678000,0,0.23111147,2096.6500
1627966676746000,0,0.40263442,2096.4500
1627966676746000,0,2.08066735,2096.6500
1627966685953000,1,1.48260452,2094.4300
1627966689214000,0,1.40000000,2096.9600
1627966696248000,1,1.40000000,2097.5100
1627966696248000,1,0.47641734,2097.4000
1627966696248000,1,0.47635833,2096.7700
1627966698898000,0,0.08000000,2100.8300
1627966698898000,0,0.45000000,2101.3600
1627966720068000,0,0.11818168,2104.8100
1627966734627000,0,0.11955025,2106.9800
1627966735266000,1,0.47489694,2103.5100
1627966735266000,1,0.00000001,2103.5100
1627966736501000,0,1.00000000,2105.3300
1627966739866000,1,1.00000000,2102.5100
1627966750511000,1,2.05512951,2099.4500
1627966753910000,0,0.01494261,2102.1000
1627966757898000,0,0.01375476,2101.1700
1627966758944000,0,0.01375475,2100.2300
1627966789121000,1,2.09370000,2098.0900
1627966789863000,1,0.01756619,2097.0700
1627966800481000,0,4.21836638,2101.6100
1627966801235000,1,2.00450000,2099.0400
1627966825116000,0,0.04107903,2097.0100
1627966833130000,1,0.47717209,2094.4300
1627966833279000,1,0.47717209,2094.2000
1627966839292000,1,0.02527345,2093.0000
1627966839297000,1,0.00000001,2093.0000
1627966853929000,1,0.47810288,2088.5200
1627966856032000,1,0.47810000,2086.5900
1627966856040000,1,0.00000289,2086.5900
1627966857699000,0,0.50000000,2087.3300
1627966857987000,1,1.00000000,2087.3300
1627966859988000,1,0.02973302,2082.9100
1627966860699000,1,0.27099999,2083.7800
1627966860703000,1,0.00000001,2083.7800
1627966861440000,0,1.40000000,2085.3500
1627966861440000,0,0.19429287,2085.3600
1627966866568000,1,1.40000000,2083.7100
1627966866568000,1,0.07338312,2083.7000
1627966869639000,0,1.76050000,2087.0300
1627966869639000,0,0.40263442,2087.2600
1627966885253000,1,0.37869443,2088.6400
1627966891555000,1,0.47849179,2085.5200
1627966891555000,1,0.19648870,2085.4300
1627966892957000,1,0.43645192,2085.4300
1627966897932000,1,0.11525771,2082.3800
1627966899308000,1,0.00000001,2082.3800
1627966899308000,1,1.40000000,2081.3300
1627966900692000,0,1.40000000,2084.1200
1627966901097000,0,0.37870000,2084.4000
1627966908906000,1,0.10380608,2081.4100
1627966912682000,1,0.01000000,2080.1000
1627966913249000,1,6.00000000,2080.1000
1627966913249000,1,0.50000000,2080.0100
1627966913249000,1,1.00000000,2080.0000
1627966913249000,1,3.09649928,2080.0000
1627966913410000,1,6.90350072,2080.0000
1627966913410000,1,0.04831493,2080.0000
1627966913410000,1,0.05000000,2080.0000
1627966913410000,1,0.20000000,2080.0000
1627966913410000,1,1.00000000,2080.0000
1627966914316000,1,6.64200000,2079.5900
1627966914421000,1,2.20000000,2079.5900
1627966914673000,1,2.15043479,2079.5900
1627966914685000,1,0.00000001,2079.5900
1627966915258000,1,1.00000000,2078.6400
1627966916345000,1,0.16000000,2077.9000
1627966916345000,1,0.05000000,2077.0000
1627966916345000,1,0.68254084,2076.0000
1627966917952000,0,0.01428571,2079.9600
1627966918962000,0,0.01428572,2079.9800
1627966919959000,0,0.01428571,2082.2500
1627966920607000,1,3.80187250,2081.5400
1627966922796000,1,0.00000001,2081.5400
1627966924016000,1,0.40263441,2078.2000
1627966924016000,1,0.48049664,2077.3900
1627966924016000,1,0.45000000,2077.3900
1627966924016000,1,4.73231687,2077.3800
1627966925639000,0,0.40263442,2081.5500
1627966926329000,1,1.61459036,2078.7000
1627966936170000,0,1.92450000,2085.2700
1627966938999000,1,0.08000000,2083.0200
1627966953272000,0,0.02383312,2086.4700
1627966962793000,0,6.70000000,2080.1500
1627966965895000,1,0.48076461,2077.8500
1627966965895000,1,1.20192301,2077.8500
1627966971976000,1,0.09999999,2075.0000
1627966971978000,1,0.00000001,2075.0000
1627966973531000,1,0.65893212,2074.2300
1627966973982000,1,0.00000001,2074.2300
1627966973982000,1,0.02399000,2073.7700
1627966973982000,1,0.48138021,2071.7300
1627966973982000,1,1.20192301,2071.4600
1627966973982000,1,1.20348524,2071.4600
1627966973982000,1,1.28554876,2071.2700
1627966975006000,0,0.02381642,2075.2600
1627966978158000,0,1.29958622,2078.3400
1627966983420000,1,0.48151464,2075.2300
1627966983421000,1,0.00000001,2075.2300
1627966984759000,0,0.02402227,2075.9900
1627966990852000,0,0.01400000,2081.0100
1627966991856000,0,0.01400000,2078.5200
1627966992879000,0,0.01400000,2077.3300
1627966993942000,0,0.01400000,2078.4600
1627966995250000,0,0.03788175,2078.7400
1627967016199000,1,1.40000000,2076.3900
1627967018799000,1,2.50799035,2074.9000
1627967018806000,1,1.52584343,2074.9000
1627967018806000,1,1.32030000,2074.9000
1627967018806000,1,6.00000000,2074.8900
1627967018806000,1,0.40263441,2074.6600
1627967023244000,0,1.40000000,2077.0000
1627967028919000,1,1.09125887,2075.0000
1627967030093000,1,0.01700000,2075.0700
1627967031043000,1,0.01700000,2075.0900
1627967032059000,1,0.01700000,2075.1200
1627967033050000,1,0.01700000,2075.3600
1627967033053000,0,1.40000000,2077.4800
1627967034089000,1,0.01700000,2076.0300
1627967035090000,1,0.01700000,2076.6100
1627967036112000,1,0.01700000,2076.6100
1627967037151000,1,0.01700000,2076.6100
1627967038146000,1,0.01700000,2076.6100
1627967038449000,1,0.33463000,2076.6100
1627967039185000,1,0.00000441,2076.6100
1627967039185000,1,0.01699559,2075.3600
1627967042216000,1,0.05047591,2075.2100
1627967043238000,1,0.05047591,2074.0600
1627967044292000,1,0.04987878,2074.0900
1627967045301000,1,0.04987878,2074.3200
1627967046018000,1,1.40000000,2074.5200
1627967046018000,1,0.60000000,2074.5100
1627967046324000,1,0.04987878,2074.5400
1627967047354000,1,0.04987878,2073.9000
1627967048360000,1,0.04987878,2072.3600
1627967049393000,1,0.04987877,2071.4700
1627967050411000,1,0.04987878,2071.7400
1627967051415000,1,0.04509397,2070.6300
1627967053217000,1,0.40263440,2070.4100
1627967053218000,1,0.65126560,2070.4100
1627967053218000,1,0.40263441,2070.4000
1627967054139000,1,1.00000000,2070.0000
1627967054139000,1,1.00000000,2070.0000
1627967054139000,1,0.20000000,2070.0000
1627967054330000,1,0.05000000,2070.0000
1627967054688000,1,0.20000000,2070.0000
1627967054688000,1,0.04999999,2070.0000
1627967054699000,1,0.00000001,2070.0000
1627967056125000,1,0.00966632,2069.0400
1627967056125000,1,0.00966632,2069.0400
1627967056745000,0,0.04810000,2067.5900
1627967057133000,0,0.04810000,2069.5900
1627967057414000,0,1.40000000,2069.5600
1627967057414000,0,1.76809796,2069.5600
1627967059222000,0,1.35190000,2070.8500
1627967063088000,0,0.01440820,2072.4300
1627967074417000,0,0.02750394,2070.8500
1627967078204000,0,0.40263442,2068.8100
1627967078204000,0,2.23765778,2068.9300
1627967080953000,0,1.91580000,2069.5400
1627967080956000,0,2.26573582,2069.5300
1627967085420000,1,5.52723275,2068.6500
1627967085420000,1,0.47276725,2068.6500
1627967085420000,1,6.00000000,2068.5400
1627967085420000,1,0.40263441,2068.3300
1627967093092000,1,1.00500000,2068.1100
1627967093154000,1,0.01131857,2068.1100
1627967096564000,1,0.20783000,2069.0600
1627967096923000,1,0.00000592,2069.0600
1627967107929000,0,1.62718303,2070.5400
1627967107935000,0,0.28861697,2070.5400
1627967112157000,0,1.99999999,2072.0000
1627967112161000,0,0.00000001,2072.0000
1627967112509000,0,4.79999999,2072.3200
1627967112528000,0,0.00000001,2072.3200
1627967113242000,0,0.05000000,2074.3600
1627967119141000,0,0.40263442,2076.3000
1627967119147000,0,0.50000000,2075.6700
1627967119606000,1,0.01752213,2073.4700
1627967125474000,1,0.50000000,2072.6500
1627967125474000,1,0.10000000,2072.6400
1627967131352000,1,0.01323509,2073.7500
1627967131778000,0,0.07012383,2076.6900
1627967136836000,1,0.40263441,2073.7100
1627967136839000,1,2.92469812,2073.3600
1627967136921000,1,3.04096000,2073.4500
1627967137421000,1,1.01360000,2073.4300
1627967137590000,1,0.00000185,2073.4300
1627967160253000,0,0.04763188,2072.8100
1627967192866000,0,0.23894398,2077.0500
1627967200064000,0,1.40000000,2078.1000
1627967200064000,0,6.58700000,2078.1100
1627967200064000,0,6.00000000,2078.1400
1627967200110000,1,2.99332812,2078.1600
1627967200123000,1,17.11616108,2078.1600
1627967204320000,1,0.01654386,2075.5200
1627967206347000,0,0.01217919,2077.2700
1627967220781000,0,0.05112244,2080.7800
1627967237689000,0,0.01431561,2080.7200
1627967241777000,1,1.39560000,2078.6800
1627967251160000,1,0.02689218,2078.3800
1627967269219000,0,2.02466427,2080.2400
1627967269342000,0,0.77415000,2080.2400
1627967272009000,1,1.15226559,2079.9200
1627967303227000,0,0.27309471,2081.7200
1627967314894000,0,0.41058855,2078.3100
1627967321981000,0,4.20000000,2080.3100
1627967322212000,0,2.01880000,2080.6900
1627967322738000,0,0.48089407,2080.8300
1627967322743000,0,0.00000001,2080.8300
1627967354906000,0,1.40000000,2082.1300
1627967354906000,0,0.08100000,2082.1300
1627967354906000,0,0.54173036,2082.1400
1627967358094000,1,1.40000000,2080.7400
1627967358808000,1,0.25000000,2080.0000
1627967361228000,1,0.01033621,2079.1700
1627967361839000,1,1.38960000,2079.1700
1627967363543000,0,1.39990000,2081.0100
1627967363543000,0,1.98590000,2081.0200
1627967363543000,0,2.64913289,2081.0700
1627967363543000,0,1.39990001,2081.0700
1627967393619000,1,0.29985906,2080.0700
1627967396480000,0,0.01412725,2082.6400
1627967397452000,0,0.09414138,2082.6400
1627967467163000,1,8.44690000,2076.0500
1627967476878000,1,2.00000000,2072.8200
1627967488236000,0,2.07840000,2075.5900
1627967496378000,1,0.82729328,2075.4100
1627967497541000,0,1.01889999,2077.8100
1627967497547000,0,0.00000001,2077.8100
1627967520482000,0,0.23675379,2079.6900
1627967521684000,0,0.03578869,2079.4000
1627967523585000,0,0.23853168,2079.4000
1627967546141000,0,0.24013918,2076.9900
1627967549157000,0,1.25000000,2076.2700
1627967552657000,0,0.16720765,2076.7700
1627967556943000,1,1.40000000,2074.9500
1627967561516000,1,0.36110000,2074.3300
1627967561516000,1,0.05254664,2074.3200
1627967574588000,0,1.42096000,2076.0100
1627967584944000,0,0.01200641,2076.3900
1627967587739000,1,0.23163156,2074.2800
1627967596830000,1,1.40000000,2074.6000
1627967596830000,1,2.02867892,2074.5900
1627967636358000,1,2.02906993,2074.2400
1627967636358000,1,0.15608397,2074.1100
1627967639118000,0,0.04782287,2075.7900
1627967641947000,1,1.37000000,2074.8000
1627967642843000,0,0.47813890,2075.8100
1627967661332000,0,1.40000000,2074.4500
1627967679414000,1,2.03110000,2072.2200
1627967679468000,1,0.00009475,2072.2200
1627967684512000,1,0.22944514,2070.0100
1627967686617000,1,1.73958936,2070.0000
1627967697801000,1,0.00000001,2070.0000
1627967697801000,1,0.48263478,2069.2400
1627967697832000,1,0.00000002,2069.2400
1627967700322000,0,0.31023600,2070.4800
1627967710158000,0,5.74500292,2071.1700
1627967710159000,0,0.45499708,2071.1700
1627967710742000,0,0.08000000,2071.7700
1627967715443000,0,0.30193000,2074.5900
1627967715455000,0,0.00000416,2074.5900
1627967732471000,1,1.28000000,2069.0100
1627967732558000,1,0.87000000,2069.0100
1627967739407000,0,0.41058000,2069.9400
1627967740105000,0,0.41058000,2070.4900
1627967743914000,1,0.30061830,2069.7000
1627967766851000,0,0.01400000,2075.9100
1627967766879000,0,0.12534796,2075.9100
1627967773042000,1,1.20349000,2075.3900
1627967773321000,1,0.48138947,2075.3900
1627967773326000,1,0.00000001,2075.3900
1627967773328000,1,0.48157494,2075.1500
1627967811569000,1,8.89752000,2076.2700
1627967825736000,1,1.00000000,2075.2800
1627967839823000,0,1.39526337,2078.4200
1627967839830000,0,0.00473663,2078.4200
1627967839841000,0,0.07740412,2078.4100
1627967841209000,1,7.47266000,2078.6900
1627967841368000,1,5.01609000,2078.6900
1627967841418000,1,14.20000000,2078.6900
1627967841561000,1,27.13429239,2078.6900
1627967844337000,1,1.21620000,2077.9200
1627967847338000,1,2.90000000,2076.7100
1627967847394000,1,3.45000000,2076.7100
1627967847456000,1,1.65000000,2076.7100
1627967902963000,1,0.10400000,2074.1900
1627967937126000,0,1.40000000,2077.0700
1627967937126000,0,0.75270000,2077.0700
1627967937340000,0,0.00008000,2077.0700
1627967937434000,0,1.40000000,2077.5900
1627967937434000,0,0.56620000,2077.7100
1627967937462000,0,1.40000000,2077.7100
1627967937463000,0,2.02736941,2078.0000
1627967937463000,0,0.09675515,2078.0400
1627967937463000,0,13.95387544,2078.0800
1627967937494000,0,2.45020000,2078.0800
1627967937761000,0,1.56980000,2078.0800
1627967938049000,1,0.09675516,2078.0700
1627967944073000,1,1.40000000,2078.2000
1627967945026000,1,13.38118000,2078.0600
1627967945193000,1,1.40000000,2078.0700
1627967945193000,1,0.10000000,2078.0600
1627967948795000,1,1.40000000,2078.0600
1627967948849000,1,1.40000000,2078.0700
1627967948849000,1,0.35000000,2078.0600
1627967948900000,1,1.40000000,2078.0600
1627967948958000,1,5.15000000,2078.0600
1627967950270000,1,4.25000000,2078.0600
1627967960822000,0,1.40000000,2080.6700
1627967977815000,1,1.40000000,2078.9600
1627967980284000,0,0.01247428,2080.3900
1627968006183000,1,2.02507336,2078.6500
1627968006186000,1,2.02507336,2078.6500
1627968006190000,1,1.94985328,2078.6500
1627968010122000,0,0.35975425,2080.1700
1627968011568000,0,0.01590035,2080.3200
1627968012581000,0,0.01590036,2080.3200
1627968013590000,0,0.01590035,2080.3100
1627968034197000,1,0.14681615,2078.5400
1627968046605000,0,0.19228256,2080.1300
1627968047616000,0,0.19228257,2080.8600
1627968050699000,0,0.19228256,2080.8700
1627968106002000,1,0.20810000,2083.1900
1627968106002000,1,1.22190000,2082.6800
1627968116520000,0,1.40000000,2085.0200
1627968116520000,0,0.50000000,2085.1300
1627968116520000,0,5.16725569,2085.1400
1627968127713000,1,0.15926989,2084.6100
1627968140317000,1,1.24080000,2084.1900
1627968144590000,0,0.18886306,2084.8900
1627968176479000,0,0.07059194,2086.2700
1627968177467000,0,0.42313933,2086.2700
1627968181631000,0,0.01427519,2086.5800
1627968207544000,1,0.10103091,2086.0100
1627968220489000,1,0.40700000,2086.6100
1627968292176000,0,5.54065738,2085.0700
1627968338018000,1,0.15000000,2081.6300
1627968339136000,0,0.01249876,2082.7800
1627968348384000,1,0.09999999,2080.2400
1627968348386000,1,0.00000001,2080.2400
1627968354716000,1,0.15188253,2078.2800
1627968359870000,0,0.01588670,2080.6500
1627968360057000,1,2.05855798,2078.4100
1627968398791000,1,0.40186569,2082.6400
1627968406288000,0,0.07480409,2082.6400
1627968414830000,1,1.00000000,2081.2100
1627968414897000,1,0.40000000,2081.2100
1627968414897000,1,0.25106466,2081.2000
1627968447152000,0,0.04532594,2085.3400
1627968476441000,0,0.04703111,2083.9500
1627968506727000,0,0.01417980,2083.5800
1627968536583000,0,0.21103981,2082.1400
1627968551814000,0,0.07669975,2081.8700
1627968551877000,0,1.02000025,2081.8700
1627968571737000,0,1.39999999,2083.4000
1627968583538000,1,0.38644758,2083.1000
1627968670597000,0,0.45000000,2087.8900
1627968670597000,0,1.40000000,2087.9900
1627968670597000,0,3.86008922,2088.0200
1627968727589000,0,0.75000000,2088.7000
1627968729972000,1,0.12300000,2087.3700
1627968762058000,0,0.28700000,2089.3800
1627968764220000,0,2.01536451,2090.4700
1627968767120000,1,1.40000000,2089.0700
1627968767120000,1,2.15627225,2089.0600
1627968776322000,0,0.84405698,2090.5500
1627968777301000,0,0.49489236,2090.5500
1627968824670000,0,0.01337840,2091.1900
1627968824763000,1,0.01210055,2089.1700
1627968837902000,1,0.05000000,2087.6200
1627968879779000,0,2.01840103,2087.5100
1627968879785000,0,0.00000001,2087.5100
1627968879785000,0,3.02760156,2087.7400
1627968890953000,1,0.01400000,2089.3900
1627968890967000,1,0.08071929,2089.3900
1627968891313000,0,0.48853982,2089.4100
1627968902109000,0,0.01400000,2090.8800
1627968912696000,1,0.01400000,2089.0000
1627968917238000,1,0.00100000,2089.0000
1627968922439000,1,1.22890000,2087.8600
1627968922439000,1,2.82611358,2087.0500
1627968922439000,1,0.50000000,2087.0500
1627968922439000,1,8.44498642,2087.0400
1627968929352000,0,0.11619494,2088.8000
1627968944109000,0,0.94177715,2090.7600
1627968944929000,0,6.00000000,2090.7700
1627968944929000,0,0.50000000,2090.7700
1627968944929000,0,0.50000000,2090.7800
1627968944929000,0,9.14626101,2090.7900
1627968944929000,0,6.00985860,2090.9600
1627968956468000,0,0.58679071,2090.3900
1627968957478000,0,0.12674679,2090.3900
1627968976096000,1,1.00000000,2090.0000
1627968977122000,1,0.38294739,2088.7800
1627969022811000,1,0.60699999,2090.2500
1627969022813000,1,0.00000001,2090.2500
1627969031537000,1,0.74175891,2089.4400
1627969037937000,0,0.01265204,2090.6900
1627969040951000,0,0.01317973,2091.4200
1627969041952000,0,0.01317974,2091.4200
1627969042992000,0,0.01317973,2092.1300
1627969083953000,0,0.50000000,2092.6100
1627969115776000,1,1.01492000,2088.9800
1627969115780000,1,0.00000476,2088.9800
1627969176356000,1,0.04699999,2088.0000
1627969176357000,1,0.00000001,2088.0000
1627969178407000,1,0.01005747,2087.0600
1627969193459000,0,1.40000000,2088.3000
1627969208247000,0,2.38030507,2089.9800
1627969246544000,0,0.28600377,2087.4200
1627969280520000,0,2.27412000,2086.5500
1627969280549000,0,0.00000175,2086.5500
1627969293811000,1,0.84691585,2086.5600
1627969295245000,1,0.01950081,2086.8700
1627969312360000,1,0.43403948,2089.2300
1627969339745000,1,2.01638171,2088.0800
1627969339745000,1,6.00000000,2087.8600
1627969339745000,1,0.50000000,2087.7400
1627969339745000,1,3.02469957,2087.7300
1627969339745000,1,0.40714898,2087.1000
1627969339745000,1,4.03326702,2087.0500
1627969339745000,1,1.82480000,2086.8600
1627969339745000,1,4.34982233,2086.8400
1627969356995000,1,0.01529577,2085.5100
1627969359185000,1,0.74779999,2085.0700
1627969359186000,1,0.00000001,2085.0700
1627969380181000,0,0.50000000,2085.1100
1627969380181000,0,2.96713579,2085.1200
1627969380182000,0,3.60186421,2085.1200
1627969380197000,0,4.04200000,2085.4200
1627969402080000,1,2.01910000,2085.3400
1627969402093000,1,0.00009660,2085.3400
1627969402093000,1,3.02820340,2085.3300
1627969434196000,1,2.34766505,2083.7500
1627969440258000,1,0.02284199,2081.9600
1627969453998000,1,0.01999999,2081.5900
1627969454000000,1,0.00000001,2081.5900
1627969502054000,0,1.45000000,2081.0200
1627969616541000,1,0.11655818,2088.8500
1627969617549000,0,0.93976965,2090.4000
1627969640044000,0,0.01662862,2089.3100
1627969676223000,0,0.18834099,2091.1800
1627969703739000,0,1.40000000,2090.2000
1627969703739000,0,4.03100000,2090.2100
1627969703739000,0,6.00000000,2090.2100
1627969703739000,0,4.03383378,2090.4100
1627969703739000,0,8.06379346,2090.4200
1627969819928000,0,0.46639999,2085.7900
1627969831432000,0,0.66172248,2086.7400
1627969862595000,0,0.22356634,2089.7600
1627969864413000,1,0.06182839,2088.4900
1627969881697000,1,0.50000000,2089.2400
1627969933331000,0,0.23151386,2091.5600
1627969965750000,1,1.41000000,2090.0000
1627969989800000,0,0.05843953,2089.0000
1627970017974000,0,0.16496480,2088.3900
1627970096373000,0,2.02027436,2086.1500
1627970096373000,0,1.06360139,2086.1500
1627970157534000,1,0.09800000,2087.0000
1627970161371000,1,0.00200000,2087.0000
1627970181738000,1,0.01000000,2085.0000
1627970192595000,1,0.67806801,2082.7900
1627970211916000,0,0.01310008,2084.2500
1627970233603000,0,0.09354254,2084.4300
1627970251807000,1,0.02626489,2084.1500
1627970276193000,1,0.11000000,2084.8900
1627970359327000,0,0.01428783,2083.8100
1627970377411000,0,0.16768250,2085.0200
1627970378643000,1,0.03000000,2083.4900
1627970402644000,1,3.72030352,2082.0000
1627970402645000,1,2.14267918,2082.0000
1627970406860000,1,0.28167500,2081.1800
1627970420792000,1,1.40000000,2079.5100
1627970420923000,1,1.27357374,2078.2000
1627970434165000,1,0.42830000,2077.4300
1627970435170000,1,1.40000000,2076.6100
1627970435170000,1,1.04135890,2076.6000
1627970435181000,1,4.95864110,2076.6000
1627970440755000,0,1.40000000,2077.3300
1627970449168000,1,1.40000000,2074.8200
1627970454236000,0,1.31451000,2076.4000
1627970455223000,0,1.40000000,2076.3800
1627970455424000,0,1.65000000,2076.9600
1627970456664000,0,0.40764000,2077.5700
1627970457794000,0,0.40764000,2077.7700
1627970461155000,0,1.07790000,2077.8100
1627970463295000,0,1.65682000,2079.1600
1627970470203000,0,0.66000000,2080.2200
1627970474117000,0,4.05200000,2079.7900
1627970475280000,1,1.40000000,2078.5800
1627970475280000,1,6.00000000,2078.5700
1627970490647000,1,0.13843623,2079.1300
1627970503812000,0,1.65000000,2081.6300
1627970506915000,0,2.18800000,2083.2600
1627970522160000,0,2.02277000,2083.2400
1627970525107000,0,1.40000000,2084.7300
1627970527509000,0,1.20000000,2085.4200
1627970527641000,0,2.52723000,2085.4200
1627970546918000,0,2.02046000,2085.6100
1627970569746000,0,0.79223000,2089.1300
1627970600303000,1,1.40000000,2085.3100
1627970605950000,0,1.10000000,2086.6000
1627970606010000,0,1.23731000,2086.6000
1627970606095000,0,0.56269000,2086.6000
1627970606157000,0,1.10000000,2086.6000
1627970619921000,0,0.05924823,2086.5700
1627970636834000,0,1.00000000,2085.0200
1627970647041000,0,1.65000000,2086.8200
1627970647105000,0,1.28731000,2086.8200
1627970647167000,0,1.75000000,2086.8200
1627970647345000,0,1.40000000,2086.8200
1627970661476000,1,1.26160000,2086.6000
1627970670170000,0,1.45000000,2087.0400
1627970670571000,0,0.56942000,2087.0400
1627970672427000,0,0.00000123,2087.0400
1627970674599000,0,0.90000000,2087.3500
1627970674663000,0,1.11915000,2087.3500
1627970678971000,0,0.00000088,2087.3500
1627970678971000,0,1.61142912,2087.7300
1627970679040000,0,0.40719000,2087.7300
1627970685774000,0,0.00000525,2087.7300
1627970688806000,0,0.66000000,2088.7400
1627970705468000,0,0.02342436,2090.4000
1627970710638000,0,0.03979395,2090.7700
1627970711397000,0,1.00000000,2090.7700
1627970719702000,0,0.54144593,2091.2400
1627970720374000,1,0.04000000,2089.6600
1627970720717000,0,1.47380206,2091.2400
1627970720717000,0,3.02287198,2091.4700
1627970720719000,0,0.00000001,2091.4700
1627970721013000,0,1.80994000,2091.5600
1627970741481000,0,1.45000000,2090.9900
1627970741553000,0,0.56550000,2090.9900
1627970744575000,0,0.00000178,2090.9900
1627970744575000,0,1.50736822,2090.9900
1627970749357000,0,0.50813000,2090.9900
1627970750080000,0,0.00000356,2090.9900
1627970750080000,0,2.01523644,2091.2200
1627970756478000,0,0.00000895,2091.2200
1627970756478000,0,0.04686275,2091.9900
1627970762858000,1,4.00000000,2091.2200
1627970764973000,1,0.02432422,2090.9900
1627970765127000,1,1.53000000,2090.9900
1627970765882000,1,0.91000000,2090.9900
1627970766140000,1,1.43000000,2090.9900
1627970769077000,1,0.08000000,2090.9900
1627970769282000,1,0.65000000,2090.9900
1627970769404000,1,0.00088680,2090.9900
1627970771202000,0,2.01534000,2090.9700
1627970773668000,0,0.00000022,2090.9700
1627970773668000,0,2.01533978,2090.9700
1627970781979000,1,0.04860385,2089.8000
1627970795569000,0,1.10000000,2090.9500
1627970799401000,0,0.00000044,2090.9700
1627970817023000,1,1.00000000,2092.2300
1627970833337000,0,2.01325000,2093.4000
1627970834378000,0,1.40000000,2094.2100
1627970834378000,0,0.47787898,2094.2200
1627970834378000,0,8.81790106,2094.3300
1627970834378000,0,0.66000000,2094.4100
1627970834378000,0,0.40692018,2094.5000
1627970834378000,0,6.50000000,2094.6600
1627970834378000,0,3.76560097,2094.7500
1627970840886000,0,1.73270000,2093.6400
1627970848550000,0,0.22990000,2093.4400
1627970854961000,1,4.16240000,2094.0000
1627970855000000,1,0.69624851,2094.0000
1627970865792000,0,0.66000000,2094.5400
1627970871002000,0,2.01282000,2094.1800
1627970877305000,0,0.00000021,2094.1800
1627970877305000,0,0.04635186,2094.6000
1627970901119000,0,0.01400000,2094.2500
1627970907622000,0,0.66000000,2095.7400
1627970910059000,0,0.66000000,2096.2600
1627970916544000,1,1.40000000,2095.0100
1627970916544000,1,0.20000000,2095.0000
1627970919507000,0,1.15000000,2095.1100
1627970936568000,0,0.11705290,2095.0000
1627970948862000,0,0.01302680,2095.0400
1627970950889000,1,0.04000000,2092.6700
1627970950889000,1,0.04000000,2092.6700
1627970950897000,1,0.04000000,2092.6700
1627970959426000,0,0.47801815,2093.3000
1627970959426000,0,0.82198185,2093.3100
1627970959492000,0,0.71370000,2093.3100
1627970969313000,1,1.28000000,2091.3300
1627970969313000,1,5.29000000,2091.3200
1627970969685000,0,1.20000000,2091.6700
1627970969763000,0,1.46358000,2091.6700
1627970970104000,0,2.80000000,2091.8400
1627970970178000,0,1.15000000,2091.8400
1627970999466000,0,1.00000000,2091.4700
1627971002956000,0,1.01520000,2091.4700
1627971003239000,0,0.04756373,2091.9300
1627971003326000,0,1.25000000,2091.9200
1627971013014000,0,0.47813000,2092.7600
1627971019210000,0,0.04219554,2094.6200
1627971024152000,0,0.01207846,2095.0300
1627971046646000,0,1.40000000,2094.2500
1627971049776000,0,2.90667000,2094.5400
1627971049858000,0,1.55000000,2094.5400
1627971049929000,0,1.15000000,2094.5400
1627971049999000,0,1.49333000,2094.5400
1627971057488000,0,0.23421546,2094.3400
1627971066350000,1,1.10000000,2091.4400
1627971070407000,0,0.04764543,2093.5900
1627971089810000,1,1.40000000,2091.9800
1627971111424000,0,1.40000000,2092.8400
1627971112142000,0,2.70667000,2093.1300
1627971120414000,1,0.48484000,2091.9400
1627971132158000,0,1.65000000,2093.2400
1627971132315000,0,0.47796000,2093.4700
1627971145434000,0,0.28589494,2093.4300
1627971168655000,1,0.01400000,2090.0000
1627971170262000,0,4.03100000,2090.5300
1627971172335000,0,0.05000000,2091.7500
1627971178658000,0,2.02204000,2090.5600
1627971183425000,1,0.92300000,2090.0000
1627971186755000,1,11.20000000,2090.0000
1627971186757000,1,23.21380000,2090.0000
1627971188420000,1,4.03393091,2090.0000
1627971189458000,1,2.93992144,2090.0000
1627971189478000,1,0.40768000,2090.0000
1627971189639000,0,2.01630694,2090.5100
1627971189639000,0,6.00000000,2090.5100
1627971189639000,0,0.47861546,2090.6300
1627971189639000,0,3.02446040,2090.6400
1627971189639000,0,4.02900000,2091.0200
1627971189639000,0,6.00000000,2091.0200
1627971189639000,0,3.45161720,2091.3700
1627971189851000,1,1.02684380,2090.0000
1627971191659000,1,2.60000000,2090.0000
1627971192209000,1,1.20000000,2090.0000
1627971192769000,1,0.65789717,2090.0000
1627971192783000,1,3.87331301,2090.0000
1627971193469000,0,3.65000000,2090.0100
1627971193546000,0,0.38200000,2090.0100
1627971195708000,0,4.02900000,2090.9200
1627971196000000,0,3.90000000,2090.9400
1627971196002000,0,0.12900000,2090.9400
1627971196321000,0,4.02900000,2091.2500
1627971197484000,0,4.02800000,2091.4800
1627971200823000,0,1.02216706,2092.4000
1627971200936000,0,3.00480000,2092.4000
1627971201002000,0,0.00003294,2092.4000
1627971230848000,1,0.38013000,2092.2400
1627971230950000,1,0.00000803,2092.2400
1627971262221000,0,1.75110000,2090.6000
1627971310280000,1,0.77000000,2090.0000
1627971310281000,1,0.37000000,2090.0000
1627971310281000,1,1.41000000,2090.0000
1627971310348000,1,4.55000000,2090.0000
1627971310414000,1,3.50000000,2090.0000
1627971310479000,1,1.39000000,2090.0000
1627971310482000,1,1.03130000,2090.0000
1627971310488000,1,3.68000000,2090.0000
1627971310495000,1,4.90000000,2090.0000
1627971310510000,1,7.55042850,2090.0000
1627971310510000,1,1.34374282,2090.0000
1627971348224000,0,0.81283100,2089.6100
1627971369619000,0,3.02579000,2089.4300
1627971393273000,1,0.10000000,2088.0200
1627971416521000,0,0.23425203,2088.3100
1627971440331000,0,2.01873000,2087.8700
1627971451631000,1,0.10000000,2086.9800
1627971467994000,0,2.01981717,2086.7000
1627971468102000,0,3.02965486,2086.9600
1627971468129000,0,2.01961537,2086.9400
1627971489194000,0,0.01228647,2089.2900
1627971510771000,0,0.01386118,2091.4500
1627971511800000,0,0.01386118,2091.0300
1627971512832000,0,0.01386118,2091.1800
1627971520993000,1,1.00000000,2091.3300
1627971536462000,0,0.05351861,2092.1500
1627971589541000,0,0.01422632,2093.8800
1627971590677000,1,0.45140210,2093.0000
1627971593905000,1,0.54859000,2093.0000
1627971594017000,1,0.00000790,2093.0000
1627971600196000,1,0.01200000,2092.2500
1627971602569000,0,0.66000000,2094.1000
1627971636046000,1,1.40000000,2093.3300
1627971636046000,1,2.01216380,2093.3200
1627971636046000,1,0.50000000,2093.1800
1627971636046000,1,8.84329270,2093.1700
1627971636098000,0,0.01400000,2093.1600
1627971636111000,0,2.23054350,2093.1600
1627971650287000,1,0.48779999,2092.6800
1627971650292000,1,0.00000001,2092.6800
1627971654402000,1,0.10099103,2091.4900
1627971710942000,1,1.40000000,2092.4300
1627971710942000,1,2.01334160,2092.4200
1627971710942000,1,0.92913672,2092.0000
1627971721436000,1,0.01028296,2091.2600
1627971727620000,1,0.01400000,2091.0000
1627971734980000,0,2.01538000,2092.0300
1627971757731000,1,0.01010665,2091.0000
1627971761132000,0,1.90000000,2091.0000
1627971764723000,0,2.09815000,2091.0000
1627971764798000,0,2.40000000,2091.0000
1627971778446000,0,0.05644525,2089.9900
1627971778446000,0,0.08397175,2090.2400
1627971778494000,1,1.00000000,2088.7800
1627971780419000,1,0.28870000,2088.6800
1627971780419000,1,1.18483000,2088.6800
1627971794334000,0,1.07941686,2090.2300
1627971806846000,0,0.02379494,2090.7800
1627971818258000,0,0.14277583,2090.7600
1627971832876000,0,0.01209933,2090.9100
1627971850180000,0,15.46073232,2091.0000
1627971850180000,0,2.24575200,2091.0000
1627971850181000,0,15.46073232,2091.0000
1627971850198000,0,9.67189660,2091.0000
1627971850242000,0,2.00000000,2091.0000
1627971850302000,0,1.85000000,2091.0000
1627971850323000,0,0.72567250,2091.0000
1627971853683000,0,0.21232000,2092.9000
1627971865544000,0,0.00000676,2092.9000
1627971865544000,0,0.07147640,2093.3600
1627971960047000,0,0.02318040,2094.3300
1627971981999000,0,0.42062457,2093.9100
1627971998718000,0,1.01761825,2091.5800
1627972017988000,0,0.54254351,2091.9400
1627972017995000,0,0.85745649,2091.9400
1627972052970000,1,1.00000000,2091.5100
1627972067894000,0,0.01699506,2092.9600
1627972102984000,0,0.09699391,2092.0900
1627972122493000,0,0.04788945,2092.1100
1627972181384000,0,0.01567264,2091.8200
1627972230519000,0,0.02136577,2089.1100
1627972236822000,0,0.09750353,2088.9500
1627972242216000,1,1.40000000,2086.5800
1627972242216000,1,5.99999999,2086.5800
1627972246408000,1,0.48888365,2086.4600
1627972275248000,0,0.02571284,2088.4500
1627972283984000,0,0.01663579,2089.2100
1627972285370000,1,2.01795452,2088.0400
1627972285465000,1,0.00000001,2088.0400
1627972287015000,0,0.01222240,2089.2000
1627972288034000,0,0.01222240,2089.2000
1627972288825000,1,0.29100000,2087.5100
1627972288826000,1,1.55495993,2087.5100
1627972288827000,1,0.17252248,2087.5100
1627972288827000,1,2.96691724,2087.2900
1627972288827000,1,0.06077012,2087.2900
1627972288827000,1,3.96156669,2086.8400
1627972288909000,1,0.28742377,2086.8400
1627972289634000,1,0.36980000,2086.8400
1627972289942000,1,0.36980000,2087.2900
1627972290006000,1,0.16040000,2087.2900
1627972290114000,0,0.01222240,2087.5000
1627972291100000,0,0.01222241,2087.5000
1627972292110000,0,0.01222240,2087.5000
1627972293158000,0,0.01269765,2087.5000
1627972294606000,1,3.66950000,2086.4400
1627972294654000,1,1.04179230,2086.4400
1627972294658000,1,0.97252520,2086.4400
1627972294666000,1,2.69734947,2086.4400
1627972304004000,0,0.09509455,2086.1500
1627972310227000,0,0.78548741,2085.4800
1627972320010000,0,0.01463063,2085.3700
1627972320209000,0,0.03553108,2085.3800
1627972327340000,1,1.00848973,2083.8000
1627972327346000,1,1.01295912,2083.8000
1627972327697000,0,6.00000000,2084.9100
1627972327697000,0,0.50000000,2085.1600
1627972327697000,0,3.63731114,2085.1700
1627972328739000,0,0.04764364,2083.8600
1627972334617000,1,0.98980000,2081.7900
1627972339858000,0,1.40000000,2082.9300
1627972339858000,0,4.60000000,2082.9400
1627972345882000,0,0.01391682,2084.1100
1627972346935000,0,0.01868088,2084.4400
1627972347947000,0,0.01391683,2084.4400
1627972348968000,0,0.01391682,2084.4400
1627972349978000,0,0.01391683,2084.4200
1627972362294000,0,0.21019975,2085.3600
1627972375285000,0,0.06018452,2086.2700
1627972380879000,1,1.40000000,2083.5600
1627972386066000,0,0.12371715,2083.6200
1627972398125000,0,2.09280000,2083.9400
1627972414327000,0,0.00980000,2084.2900
1627972446385000,0,2.02174000,2084.7000
1627972446602000,0,2.09280000,2085.1000
1627972450579000,0,0.01224387,2085.3900
1627972454600000,0,0.01632413,2085.5300
1627972482802000,0,0.04474873,2087.2100
1627972510056000,1,0.36500000,2083.8700
1627972510056000,1,8.51240068,2083.4200
1627972510056000,1,0.19740705,2083.0000
1627972517288000,1,0.30259294,2083.0000
1627972517344000,1,0.00000001,2083.0000
1627972527257000,0,1.00000000,2084.2200
1627972539216000,0,2.09280000,2082.4500
1627972557990000,0,0.07897354,2083.9100
1627972558332000,0,0.11534732,2083.9100
1627972559499000,0,0.95780411,2083.9100
1627972559975000,0,29.35000000,2083.9100
1627972560033000,0,12.31000000,2083.9100
1627972560047000,0,2.06594000,2083.9100
1627972560103000,0,1.09520000,2083.9100
1627972560105000,0,6.85000000,2083.9100
1627972560140000,0,10.80680000,2083.9100
1627972560142000,0,32.10597156,2083.9100
1627972618701000,0,0.09569506,2084.1200
1627972624518000,1,2.02100646,2084.1400
1627972624518000,1,0.00000001,2084.1400
1627972661871000,1,2.02262376,2082.2300
1627972676126000,0,0.02351556,2082.4900
1627972677112000,0,0.03764206,2082.5100
1627972680153000,1,0.04810000,2080.8600
1627972680288000,0,0.47760580,2082.5100
1627972741801000,0,0.23289270,2082.6100
1627972749030000,0,0.01668381,2082.3500
1627972800225000,0,0.04849026,2083.5000
1627972811307000,0,0.01193040,2084.5900
1627972817435000,0,0.09542076,2085.5000
1627972827908000,1,0.02259000,2083.7100
1627972856234000,0,0.01285591,2085.5200
1627972857253000,0,0.01285591,2085.5800
1627972858280000,0,0.01285591,2085.5800
1627972859389000,0,0.01285592,2085.5800
1627972860330000,0,0.01285591,2085.5800
1627972890128000,1,1.40000000,2082.9700
1627972890128000,1,6.00000000,2082.9600
1627972890128000,1,0.50000000,2082.8600
1627972890128000,1,4.04288333,2082.8500
1627972890128000,1,4.04363169,2082.7800
1627972890128000,1,6.00000000,2082.7500
1627972890128000,1,0.04178617,2082.6400
1627972890353000,0,0.23864252,2084.7500
1627972908702000,1,2.02218000,2082.8300
1627972927194000,1,0.35694154,2081.8000
1627972934671000,1,2.02400000,2081.2100
1627972934723000,1,0.00000253,2081.2100
1627972957699000,0,0.23879142,2083.4500
1627972958960000,1,1.01324102,2081.9800
1627972995111000,1,2.02010000,2085.4500
1627972995119000,1,0.00000475,2085.4500
1627972997218000,1,2.02083000,2084.8300
1627973008363000,1,0.10112450,2085.3600
1627973011304000,1,0.70756790,2085.3600
1627973040196000,1,0.04299913,2086.7500
1627973094408000,0,0.04732174,2085.9300
1627973116839000,0,0.60666130,2085.6500
1627973143991000,0,0.01898305,2084.7100
1627973156383000,1,0.40837727,2081.4000
1627973156383000,1,0.59162273,2080.7300
1627973157371000,0,0.04696731,2083.2400
1627973158376000,0,0.01409541,2083.4800
1627973159378000,0,0.23491565,2083.4800
1627973167401000,0,1.40000000,2082.3500
1627973167401000,0,2.46654796,2082.3600
1627973176670000,1,1.32149999,2080.1600
1627973195792000,1,2.02362339,2081.4600
1627973216544000,0,0.02350819,2083.2100
1627973246587000,1,2.02146126,2083.9300
1627973246587000,1,3.03253698,2083.4700
1627973246587000,1,1.40000000,2083.2600
1627973246587000,1,1.88138328,2083.2500
1627973259685000,0,2.02213245,2084.3500
1627973275783000,1,0.03256651,2084.5100
1627973277422000,0,0.02305916,2085.9000
1627973337388000,0,0.11704298,2085.5900
1627973338376000,0,0.02349391,2085.7200
1627973341704000,0,0.02391101,2085.6500
1627973342683000,1,2.02096276,2084.2900
1627973345186000,0,0.01400000,2085.4200
1627973368556000,1,0.10107748,2085.2200
1627973400273000,1,0.05585298,2086.3800
1627973408369000,0,0.01428128,2087.6300
1627973420774000,0,0.01428127,2086.8200
1627973463480000,0,0.38176839,2085.0600
1627973509667000,1,0.01486553,2085.6700
1627973518314000,0,0.01410585,2087.3200
1627973520239000,1,0.68491028,2086.1300
1627973524302000,0,0.13951808,2087.3200
1627973543426000,1,0.13569700,2084.8400
1627973571471000,1,2.01957000,2085.8500
1627973576427000,0,0.02301103,2086.3100
1627973606288000,0,0.50000000,2087.2400
1627973620702000,1,0.10223106,2085.4700
1627973621705000,1,0.10223106,2085.1800
1627973622740000,1,0.10223106,2085.1800
1627973623759000,1,0.10223106,2085.1900
1627973624754000,1,0.10064425,2085.1900
1627973625770000,1,0.10064425,2085.2100
1627973626795000,1,0.10064425,2085.7100
1627973627741000,0,0.07168695,2087.1300
1627973627826000,1,0.10064425,2085.7200
1627973628831000,1,0.10064426,2085.7200
1627973629900000,1,0.10064425,2085.8500
1627973640222000,1,0.07166528,2085.5000
1627973640501000,0,1.21250000,2087.1000
1627973640501000,0,2.01952835,2087.1200
1627973640501000,0,0.66576948,2087.1300
1627973640501000,0,0.79857458,2087.2500
1627973656698000,0,0.01231650,2086.1200
1627973657770000,0,0.01231650,2086.1200
1627973658740000,0,0.01231650,2086.1800
1627973659739000,0,0.01231650,2086.1700
1627973660772000,0,0.01231649,2086.1800
1627973661813000,0,0.01231650,2086.1700
1627973663130000,0,0.01231649,2086.1800
1627973690265000,1,2.01975380,2085.4200
1627973690265000,1,3.02965655,2085.2600
1627973696653000,0,0.04696953,2086.8400
1627973698619000,0,0.09351995,2086.8800
1627973699625000,0,0.11746675,2086.8800
1627973708493000,0,0.50000000,2086.6500
1627973752959000,0,0.23603437,2086.7300
1627973756486000,0,0.09395155,2086.7300
1627973760232000,1,0.19471420,2085.3600
1627973779035000,1,0.04796163,2085.0000
1627973800949000,0,0.01568559,2083.6800
1627973808304000,1,0.10085327,2082.1600
1627973818423000,0,0.02584551,2083.1200
1627973835818000,0,2.02398731,2082.4800
1627973838597000,0,0.01588684,2083.1800
1627973844879000,1,0.68212790,2082.1500
1627973858163000,1,0.00000001,2081.4600
1627973858163000,1,0.05623394,2081.0000
1627973879367000,0,0.24468383,2083.1800
1627973882137000,1,0.10154994,2081.7500
1627973908967000,0,0.04776053,2083.3100
1627973918864000,1,0.42315096,2081.0000
1627973918865000,1,0.00000001,2081.0000
1627973919436000,1,0.27655579,2080.0000
1627973919436000,1,0.00000001,2080.0000
1627973921759000,0,0.01985978,2080.8400
1627973922275000,1,1.99999999,2079.0000
1627973922825000,0,0.04765823,2080.8400
1627973925815000,1,0.00000001,2079.0000
1627973925815000,1,0.09999998,2078.7800
1627973933448000,0,0.01748457,2080.5200
1627973936457000,0,0.01324151,2080.2300
1627973937503000,0,0.01324151,2080.1100
1627973938518000,0,0.01324151,2080.1100
1627973950022000,1,0.00000002,2078.7800
1627973950022000,1,1.14129091,2078.4200
1627973954285000,1,0.25830614,2076.8800
1627973954324000,1,0.00000001,2076.8800
1627973963420000,1,0.39129000,2075.0200
1627973977589000,1,2.02949919,2075.8900
1627973977589000,1,3.04433026,2075.7300
1627973977589000,1,4.05912122,2075.3600
1627973977589000,1,0.45000000,2075.2500
1627973977589000,1,2.41704933,2075.2400
1627973988655000,0,0.45000000,2077.5600
1627973998374000,0,0.02356369,2077.4200
1627973998844000,1,2.02949631,2076.0700
1627973998844000,1,3.04422009,2075.9800
1627973998849000,1,0.00000001,2075.9800
1627974000562000,0,0.02395973,2076.4000
1627974002091000,0,0.35974219,2074.4300
1627974002173000,1,0.02800000,2073.0000
1627974024509000,1,0.03921755,2070.3800
1627974031700000,1,0.35286826,2071.0800
1627974034631000,1,0.01346400,2071.8600
1627974039392000,1,3.04933266,2071.6900
1627974040326000,1,0.00000001,2071.6900
1627974071586000,1,0.01400000,2070.3300
1627974089057000,1,0.00122265,2070.3300
1627974093224000,1,1.40000000,2067.5600
1627974094960000,1,0.85137000,2065.6900
