timestamp ms,type,amount,price
1625616018729000,1,3.20487363,1961.8400
1625616019151000,1,3.79812637,1961.8400
1625616065931000,0,0.49999999,1964.1000
1625616065940000,0,0.00000001,1964.1000
1625616101645000,1,0.50921164,1961.6600
1625616101684000,1,0.50921164,1961.6400
1625616101691000,1,4.54211770,1961.5300
1625616101693000,1,1.03965080,1961.5300
1625616101775000,1,0.31823150,1961.5300
1625616141874000,0,0.02510795,1961.5300
1625616152131000,1,5.50000000,1959.3100
1625616216165000,0,3.23000000,1961.2100
1625616216216000,0,0.00595975,1961.2100
1625616246596000,0,0.33448465,1961.1300
1625616277392000,0,1.72000000,1962.2700
1625616294244000,0,0.02532515,1964.4500
1625616314745000,0,0.01773039,1964.8700
1625616321244000,0,0.40000000,1965.0000
1625616425577000,0,0.09416805,1967.4400
1625616463617000,0,2.61936000,1968.1700
1625616469583000,0,3.22297000,1968.9300
1625616469601000,0,0.00000017,1968.9300
1625616469624000,0,2.04683490,1968.8400
1625616469637000,0,3.45316510,1968.8400
1625616469788000,0,0.50783591,1970.4600
1625616481091000,1,4.29000000,1969.9300
1625616491188000,1,0.29164500,1970.8600
1625616557965000,0,0.05270852,1974.7600
1625616564132000,0,0.00000001,1974.7600
1625616564132000,0,2.97706400,1975.0000
1625616564132000,0,6.39543971,1975.0000
1625616564147000,0,0.53719471,1975.0000
1625616570115000,0,0.10555816,1976.1500
1625616570116000,0,0.00000001,1976.1500
1625616571186000,0,0.01031924,1976.8900
1625616571186000,0,0.00968076,1976.8900
1625616571186000,0,0.00063847,1976.8900
1625616571220000,0,0.00000001,1976.8900
1625616594641000,0,0.17108064,1977.4300
1625616597469000,0,0.01031739,1977.7300
1625616597469000,0,0.04999999,1978.0000
1625616603003000,1,0.27020000,1977.3200
1625616611647000,0,0.00000001,1978.0000
1625616614935000,0,0.01200000,1980.0000
1625616614935000,0,0.88051876,1980.0000
1625616614995000,0,2.37027665,1980.2000
1625616615009000,0,7.62972335,1980.2000
1625616617289000,0,15.00000000,1981.0000
1625616619437000,0,0.04183000,1981.6000
1625616622091000,0,0.00000808,1981.6000
1625616634729000,1,0.04949535,1980.6300
1625616635193000,1,1.85000000,1980.5500
1625616658498000,0,0.87196066,1982.3500
1625616699400000,0,3.20610000,1979.6200
1625616699610000,0,0.00006099,1979.6200
1625616712462000,1,1.39970000,1979.1400
1625616747518000,1,0.87200000,1977.0400
1625616748156000,1,0.13301338,1976.3000
1625616771406000,1,0.05255960,1974.2800
1625616790189000,1,0.20000000,1975.4600
1625616798518000,1,0.23674332,1976.7400
1625616808672000,0,3.20860000,1977.8900
1625616840248000,0,0.04779667,1976.5300
1625616844667000,1,0.20200300,1975.0200
1625616860218000,1,0.45130063,1975.3600
1625616920797000,0,0.00002858,1977.8900
1625616958918000,1,2.97825015,1974.1600
1625617049700000,0,0.03783900,1972.7200
1625617081608000,1,0.50778949,1966.9700
1625617122263000,1,0.09640000,1968.9500
1625617322168000,0,3.22658182,1967.4600
1625617461618000,1,1.01269661,1965.0900
1625617462513000,1,2.09890000,1963.9700
1625617462513000,1,2.87540187,1963.8500
1625617479655000,1,0.01032752,1963.2000
1625617479660000,1,0.50942435,1961.7800
1625617480277000,1,1.27358629,1961.2600
1625617480277000,1,0.50942435,1961.2600
1625617501478000,1,0.02566351,1961.8800
1625617501730000,1,0.02561633,1962.0700
1625617507759000,1,0.50942435,1961.7600
1625617512184000,1,0.50942435,1961.3400
1625617512184000,1,1.27358629,1961.3400
1625617515328000,1,0.50942435,1960.5200
1625617515328000,1,1.27358629,1960.5200
1625617515328000,1,3.31153127,1960.5200
1625617525511000,1,0.50942435,1960.7400
1625617526339000,1,0.50942435,1960.6500
1625617526339000,1,1.27358628,1960.6400
1625617526349000,1,0.00000001,1960.6400
1625617550689000,1,0.50942435,1960.3000
1625617550689000,1,1.27358629,1960.3000
1625617550689000,1,3.31153127,1960.2600
1625617550710000,1,0.00000001,1960.2600
1625617555347000,1,0.50942435,1959.5300
1625617555347000,1,0.50942434,1959.5000
1625617557336000,1,0.50942435,1959.5100
1625617557336000,1,1.27358628,1959.5000
1625617564610000,1,0.50942434,1959.5000
1625617564628000,1,0.00000001,1959.5000
1625617564695000,1,1.27358629,1959.3100
1625617564695000,1,3.31141371,1959.3100
1625617564856000,1,0.00011757,1959.3100
1625617564856000,1,0.50942435,1959.3100
1625617590358000,0,4.14007035,1960.7900
1625617590600000,0,2.65168000,1960.7900
1625617590637000,0,0.50824965,1960.7900
1625617614131000,1,0.09640000,1957.7600
1625617806175000,1,0.51125000,1953.8600
1625617806624000,1,1.27868000,1953.3800
1625617806652000,1,0.00000081,1953.3800
1625617808594000,1,0.01038167,1952.9600
1625617883076000,1,0.51245790,1949.2600
1625617884586000,1,1.40000000,1948.0200
1625617884713000,1,0.51271011,1947.8200
1625617884713000,1,0.81000000,1947.0000
1625617884713000,1,3.00000000,1946.8500
1625617884753000,1,1.28178835,1946.7300
1625617884753000,1,0.51245790,1946.7300
1625617884753000,1,7.69985375,1946.7000
1625617884823000,1,1.80130000,1947.0400
1625617901160000,1,0.51341038,1946.1500
1625617901160000,1,1.80130000,1945.8400
1625617915125000,1,1.48250000,1945.0000
1625617915157000,1,0.00006794,1945.0000
1625617958666000,0,1.39999999,1947.2600
1625617991919000,1,2.42651845,1944.7400
1625617991920000,1,3.07348155,1944.7400
1625617991920000,1,0.51389582,1944.6400
1625618058995000,1,0.01043639,1942.7200
1625618058995000,1,3.00000000,1942.6800
1625618058995000,1,0.48595382,1942.4100
1625618058995000,1,7.40000000,1942.2900
1625618058995000,1,0.51181823,1941.4900
1625618059160000,1,0.00280752,1941.4900
1625618059160000,1,0.51429751,1941.4700
1625618059160000,1,0.40589497,1941.0700
1625618065782000,0,4.48878380,1942.4300
1625618066117000,1,0.05976563,1940.5000
1625618087870000,0,0.51488003,1943.5400
1625618087870000,0,1.28742545,1943.5600
1625618087886000,0,0.00000001,1943.5600
1625618130029000,1,0.51396449,1944.2400
1625618130029000,1,3.26098418,1944.2300
1625618130121000,1,1.28501671,1943.8200
1625618130142000,1,4.34837578,1943.7400
1625618130174000,1,0.51396449,1943.7500
1625618137792000,0,0.01482179,1945.1100
1625618222747000,0,1.40000000,1949.8400
1625618222786000,0,7.05100000,1949.9700
1625618222786000,0,4.33800000,1950.0900
1625618222786000,0,1.63327991,1950.4400
1625618222787000,0,1.36672009,1950.4400
1625618222787000,0,3.25520950,1950.4500
1625618222787000,0,0.48595383,1950.5600
1625618226958000,1,4.33600000,1950.0800
1625618288538000,0,0.03000000,1951.1700
1625618288577000,0,0.00257000,1951.1700
1625618289321000,0,0.01118698,1951.8400
1625618294894000,0,0.54241388,1952.8800
1625618319117000,1,0.18540000,1950.7700
1625618344075000,0,1.17515817,1951.8300
1625618344078000,0,4.32484183,1951.8300
1625618344078000,0,1.93980000,1951.8700
1625618344080000,0,11.21760168,1952.2100
1625618400640000,0,0.02441015,1952.5100
1625618403106000,1,1.35260000,1950.6200
1625618417444000,1,0.48595382,1948.8800
1625618480035000,0,3.25490562,1949.9400
1625618480074000,0,4.34011451,1950.0700
1625618480074000,0,1.83540000,1950.3700
1625618480074000,0,5.42571433,1950.5000
1625618480074000,0,0.48595383,1950.9200
1625618480074000,0,0.51287832,1950.9600
1625618480074000,0,2.17089836,1950.9700
1625618480086000,0,3.00000000,1950.4800
1625618480106000,0,4.33600000,1950.7400
1625618480106000,0,4.33838859,1950.9700
1625618480106000,0,0.59497486,1951.0300
1625618480170000,0,1.83540000,1949.9400
1625618480170000,0,1.41950562,1949.9400
1625618480393000,0,1.83540000,1951.9100
1625618480857000,0,5.50000000,1951.8200
1625618546661000,0,0.51215000,1953.9400
1625618700835000,0,0.10403398,1952.6300
1625618751093000,1,0.15622500,1952.8300
1625618782431000,0,5.00000000,1955.5600
1625618814092000,1,0.74258600,1955.7800
1625618888972000,1,0.14495365,1954.5900
1625618894105000,1,7.02900000,1954.2600
1625618894183000,1,0.11000000,1954.4000
1625618963723000,0,5.00000000,1953.9800
1625619126350000,0,0.01764348,1956.2600
1625619176050000,0,7.60000000,1956.3300
1625619207943000,0,0.01042615,1957.1000
1625619276382000,1,3.24011015,1957.9000
1625619295468000,1,0.09612948,1956.8100
1625619335094000,0,4.90000000,1955.1900
1625619367524000,0,5.10000000,1957.2800
1625619458376000,0,0.81000000,1960.0900
1625619458495000,0,6.39000000,1960.0900
1625620098332000,1,5.50000000,1959.6700
1625620098332000,1,1.00228005,1959.5900
1625620121903000,1,0.06340596,1959.7300
1625620359089000,0,0.01037151,1967.4100
1625620443430000,1,0.02317591,1965.4600
1625620575358000,1,0.05660000,1965.5400
1625620617026000,0,0.04988432,1969.1600
1625620745827000,1,0.05252564,1966.9000
1625620803793000,1,5.21446000,1968.4000
1625620839141000,1,4.29700000,1967.3200
1625620839141000,1,3.25300000,1967.3200
1625620839208000,1,3.35000000,1967.3200
1625620839263000,1,0.37900000,1967.3200
1625620918086000,0,0.02196742,1968.5800
1625621001908000,0,0.00044831,1968.5800
1625621020836000,1,0.04809082,1969.7300
1625621065775000,0,1.39124606,1971.7400
1625621092081000,0,0.06000000,1973.6600
1625621092095000,0,0.00200000,1973.6600
1625621103410000,1,0.08434634,1972.2100
1625621228250000,1,6.96500000,1972.7900
1625621228250000,1,4.28600000,1972.7300
1625621259670000,0,0.02307828,1975.5100
1625621295284000,1,4.28400000,1972.8300
1625621311038000,1,1.40000000,1972.2700
1625621366995000,0,0.03891446,1972.0000
1625621367280000,0,2.05000000,1972.0000
1625621384080000,0,2.32000000,1972.0000
1625621385461000,0,0.00896254,1972.0000
1625621496194000,1,4.29000000,1970.5500
1625621590737000,0,1.40000000,1971.3200
1625621608328000,1,5.50000000,1969.5900
1625621791706000,1,3.21933000,1970.1500
1625621791723000,1,0.00000173,1970.1500
1625621791741000,1,0.50733093,1969.9100
1625621791741000,1,0.28876907,1969.9000
1625621791742000,1,4.00375465,1969.9000
1625621791742000,1,3.00000000,1969.5600
1625621791742000,1,4.29282438,1969.5400
1625621791742000,1,0.47989737,1969.4700
1625621791742000,1,1.26839162,1969.3800
1625621791742000,1,1.63192271,1969.0700
1625621791747000,1,4.80686286,1969.0700
1625621791747000,1,3.29800351,1968.9000
1625621791747000,1,8.58504743,1968.6500
1625621791747000,1,2.32347015,1968.2800
1625621791747000,1,30.10390000,1968.2700
1625621791747000,1,0.81000000,1968.2400
1625621791747000,1,8.58912931,1967.6800
1625621791747000,1,4.40000000,1967.5800
1625621791748000,1,2.45000000,1966.9200
1625621791748000,1,0.90800000,1966.3400
1625621791748000,1,11.31879073,1965.9700
1625621791752000,1,10.14644131,1965.9700
1625621791752000,1,1.70001786,1964.9800
1625621791822000,0,2.00000000,1966.9500
1625621791870000,0,0.16388674,1966.9500
1625621793029000,0,0.47310172,1967.6900
1625621794139000,0,0.20510000,1967.5000
1625621794139000,0,41.24490000,1967.5100
1625621796950000,0,1.41061362,1966.5700
1625621796966000,0,6.39999999,1966.5800
1625621797028000,0,0.00000001,1966.5800
1625621813838000,1,3.70167000,1965.3100
1625621813872000,1,21.52486425,1965.3100
1625621813892000,1,3.80000000,1965.3100
1625621813944000,1,3.15000000,1965.3100
1625621813975000,1,22.00000000,1965.3100
1625621813998000,1,3.75000000,1965.3100
1625621814052000,1,1.30306575,1965.3100
1625621827438000,1,0.17549000,1963.4200
1625621827747000,1,0.00000547,1963.4200
1625621827788000,1,4.70000000,1962.6900
1625621827917000,1,0.50870910,1961.4400
1625621827917000,1,0.06025134,1961.4400
1625621827917000,1,0.44864415,1961.4400
1625621827917000,1,0.90559739,1961.0900
1625621827921000,1,1.85247108,1961.0900
1625621827936000,1,0.54982561,1961.0900
1625621828027000,1,3.00000000,1960.5100
1625621828027000,1,4.31000000,1960.5000
1625621828045000,1,0.90800000,1960.2400
1625621828542000,1,0.50889549,1958.0700
1625621828929000,1,0.47989737,1957.1900
1625621830921000,1,1.97744113,1956.0100
1625621832697000,0,0.11000000,1956.7700
1625621833127000,0,1.78409999,1957.0600
1625621833839000,0,1.40000000,1957.9500
1625621833839000,0,0.38410000,1957.9600
1625621833856000,0,1.40000000,1957.9600
1625621834117000,0,2.00000000,1958.3600
1625621834117000,0,1.20000000,1958.5600
1625621836376000,1,0.11000000,1958.2200
1625621836376000,1,1.29000000,1958.2100
1625621846568000,0,0.47989738,1959.3400
1625621846568000,0,3.00000000,1959.3600
1625621846568000,0,5.41179095,1959.3700
1625621846574000,0,1.60920905,1959.3700
1625621847079000,0,0.51078783,1959.6900
1625621847079000,0,1.27694351,1959.6900
1625621847600000,0,5.49975361,1960.2600
1625621887717000,1,1.40000000,1958.4000
1625621887727000,1,1.35851814,1958.4000
1625621887727000,1,0.73980569,1958.4000
1625621887729000,1,0.83085870,1958.4000
1625621887729000,1,0.71704243,1958.4000
1625621887730000,1,0.45377504,1958.4000
1625621887730000,1,0.65821554,1958.3100
1625621887730000,1,0.72273325,1958.3100
1625621887731000,1,0.01905121,1958.3100
1625621887758000,1,0.66216947,1958.0800
1625621887778000,1,0.89920356,1958.0800
1625621887801000,1,57.49482697,1958.0800
1625621887801000,1,3.23893383,1958.0800
1625621887832000,1,0.51021450,1957.4900
1625621887832000,1,0.28588550,1957.0400
1625621887905000,1,3.00000000,1956.5000
1625621887905000,1,6.80000000,1956.4900
1625621887905000,1,3.31699693,1956.0900
1625621887905000,1,0.66647202,1956.0900
1625621888041000,1,0.05110000,1956.5000
1625621888061000,1,3.23889285,1956.6000
1625621888061000,1,3.26733355,1956.5000
1625621888061000,1,0.51021450,1956.5000
1625621888061000,1,5.39809765,1956.4000
1625621888206000,1,0.90800000,1956.1000
1625621888206000,1,0.60929855,1956.0900
1625621888206000,1,2.07731031,1955.2200
1625621888239000,0,1.27630900,1956.2400
1625621888348000,1,0.01038167,1952.9600
1625621889692000,0,1.29000000,1950.5800
1625621889917000,1,0.09503466,1951.2100
1625621889931000,1,0.11000000,1951.2100
1625621891983000,1,4.32900000,1953.0900
1625621891983000,1,2.70900000,1951.3200
1625621893663000,1,0.57348000,1951.2100
1625621894212000,1,0.00000434,1951.2100
1625621898482000,0,0.11000000,1950.6400
1625621898795000,0,1.81740000,1950.9800
1625621900871000,1,1.83250000,1950.1000
1625621900871000,1,19.84800000,1949.4500
1625621900871000,1,5.50000000,1949.4000
1625621900881000,0,1.40000000,1949.2700
1625621900925000,0,1.88371534,1949.2700
1625621901619000,0,1.40000000,1949.2600
1625621902958000,1,3.20000000,1949.6200
1625621904366000,0,0.87233015,1950.6600
1625621905458000,1,1.13700000,1949.6200
1625621906491000,1,4.33700000,1949.2100
1625621911885000,0,1.39999999,1951.4800
1625621911885000,0,0.00000001,1951.4800
1625621913670000,0,1.76218891,1952.0900
1625621913707000,0,0.29651109,1952.0900
1625621913707000,0,2.94873947,1952.1700
1625621916528000,1,4.33300000,1951.4800
1625621918228000,1,2.35000000,1950.9300
1625621918282000,1,1.98300000,1950.9300
1625621922115000,1,1.40000000,1951.3900
1625621929156000,1,7.04000000,1951.2800
1625621933991000,1,1.90000000,1953.0800
1625621934041000,1,2.42900000,1953.0800
1625621937642000,0,2.07800000,1954.8800
1625621939300000,1,4.32900000,1952.8700
1625621962320000,1,3.60000000,1954.7700
1625621982328000,1,4.32400000,1955.3400
1625621983225000,0,0.03728650,1956.0300
1625622000617000,0,0.15586544,1951.9000
1625622071876000,0,1.40000000,1952.2600
1625622071876000,0,2.93100000,1952.4900
1625622138093000,0,0.78000000,1954.9600
1625622155264000,0,0.15199999,1955.1300
1625622155266000,0,0.00000001,1955.1300
1625622174890000,1,2.83207000,1955.9400
1625622175659000,1,4.32299999,1955.7400
1625622175660000,1,0.00000001,1955.7400
1625622184292000,0,0.02542351,1956.8500
1625622196803000,0,0.20000000,1956.7400
1625622199016000,0,0.85621263,1956.7300
1625622215992000,0,2.00000000,1960.4000
1625622216052000,0,1.50000000,1960.4000
1625622216194000,0,0.40000000,1960.4000
1625622217017000,0,1.40000000,1960.4000
1625622226975000,1,0.04778400,1959.6100
1625622229353000,1,1.38950000,1959.8900
1625622256771000,1,5.50000000,1958.0000
1625622256771000,1,1.40000000,1957.9100
1625622256771000,1,0.51027816,1957.8600
1625622256771000,1,1.27572630,1957.3100
1625622256771000,1,1.00197779,1957.2100
1625622262010000,0,1.40000000,1958.3200
1625622418480000,1,8.32990000,1956.2200
1625622427229000,1,4.32400000,1954.6900
1625622477428000,1,0.06088287,1954.2100
1625622915548000,0,1.43950000,1957.3200
1625622915616000,0,0.75544562,1957.3200
1625622915633000,0,5.40505438,1957.3200
1625622918890000,1,0.10803243,1957.1900
1625622978368000,0,4.50000000,1958.1900
1625623159115000,1,0.10800496,1959.9100
1625623228195000,1,0.15586300,1961.8600
1625623229323000,1,2.85505000,1961.4000
1625623229388000,1,1.70000000,1961.4000
1625623372445000,0,0.02193701,1959.0400
1625623552277000,0,0.50000000,1952.6900
1625623648362000,0,0.15586350,1951.3400
1625623652915000,0,6.20000000,1951.4300
1625623697298000,0,2.08943151,1952.1000
1625623752909000,0,0.76573934,1952.6900
1625623753837000,0,0.86848813,1952.6900
1625623755337000,0,2.96577252,1952.6900
1625623755364000,0,0.00000001,1952.6900
1625623757780000,0,1.95000000,1953.3200
1625623757862000,0,2.40000000,1953.3200
1625623876698000,0,0.10334296,1954.2500
1625624021644000,1,0.51223000,1950.4400
1625624212427000,1,1.63777000,1953.6100
1625624450877000,0,0.02334128,1953.1400
1625624544524000,1,1.40000000,1951.6500
1625624544524000,1,3.24920043,1951.6400
1625624567515000,0,0.15591029,1950.6700
1625624606546000,0,1.27343376,1950.5200
1625624606605000,0,0.10326624,1950.5200
1625624720476000,1,0.14701621,1948.5900
1625624960035000,1,0.10842181,1949.7100
1625625002868000,1,5.50000000,1950.6900
1625625002868000,1,4.45395248,1950.6700
1625625177975000,0,1.00344650,1953.4800
1625625194604000,0,4.32900000,1953.3800
1625625213372000,1,5.00000000,1952.9500
1625625226854000,1,5.79407858,1952.8600
1625625320276000,1,0.10827322,1954.5000
1625625493550000,1,4.32400000,1954.3500
1625625493550000,1,0.17600000,1954.2800
1625625512779000,0,0.04664531,1954.7600
1625625684207000,1,0.67685106,1955.1200
1625625956730000,0,0.25000000,1962.0600
1625625986395000,1,5.35000000,1959.1800
1625625986404000,1,1.66300000,1959.1800
1625626032370000,0,2.60000000,1959.7500
1625626256500000,0,0.14993171,1963.0700
1625626266484000,1,0.10000000,1961.4900
1625626450980000,0,0.48000000,1960.8900
1625626451125000,0,0.00230791,1960.8900
1625626640724000,1,0.10776987,1961.6800
1625626672327000,0,3.23273979,1962.9000
1625626672518000,0,0.00000001,1962.9000
1625626674196000,0,1.82000000,1962.9000
1625626674386000,0,1.41273980,1962.9000
1625626758450000,0,5.50000000,1966.7500
1625626760853000,1,0.10777079,1966.3000
1625626776011000,0,1.40000000,1967.3000
1625626776167000,0,0.01037151,1967.4100
1625626811400000,1,1.29160000,1968.2500
1625626843755000,0,1.40000000,1969.6300
1625626843755000,0,0.81000000,1969.7300
1625626843755000,0,4.29723005,1969.8900
1625626843755000,0,2.06770000,1970.1200
1625626843755000,0,8.19342642,1970.1500
1625626887698000,1,1.40000000,1969.1000
1625626896276000,1,5.50000000,1967.4300
1625626935614000,1,0.11100000,1964.6500
1625627037361000,1,0.12161210,1964.4200
1625627080543000,1,0.05000000,1965.5600
1625627156473000,1,0.07500000,1967.1100
1625627163604000,1,1.40000000,1966.5700
1625627163604000,1,5.50000000,1966.5500
1625627163604000,1,0.48102189,1966.3700
1625627163604000,1,1.31447526,1966.3400
1625627221383000,0,3.22819537,1966.0200
1625627264817000,0,1.22000000,1965.8500
1625627269529000,0,1.58838400,1965.8500
1625627269542000,0,0.42004121,1965.8500
1625627270968000,0,5.38000000,1966.4100
1625627292786000,1,0.10000000,1966.2900
1625627292966000,1,0.01030240,1966.2900
1625627321375000,0,1.81084400,1967.2300
1625627321392000,0,1.41561823,1967.2300
1625627340361000,0,0.13400000,1967.6400
1625627361066000,1,0.10756507,1968.3900
1625627408941000,0,1.40000000,1968.7400
1625627408941000,0,3.22000000,1968.7500
1625627640245000,0,0.07200964,1970.6700
1625627856743000,1,5.40000000,1968.8000
1625628027283000,0,1.40000000,1968.6400
1625628027283000,0,0.71600000,1968.6500
1625628027292000,0,0.71599999,1968.4800
1625628027292000,0,1.10466281,1968.4800
1625628027295000,0,0.71599999,1968.4800
1625628081526000,0,0.10700000,1967.4700
1625628081529000,0,0.00042731,1967.4700
1625628088776000,1,1.40000000,1967.4200
1625628165328000,0,0.21000000,1970.6700
1625628332213000,0,0.01578792,1973.6600
1625628332213000,0,0.00000001,1973.6600
1625628362116000,0,0.02310845,1973.4400
1625628524584000,0,0.10912032,1971.8600
1625628531227000,1,0.12000000,1970.0000
1625628531255000,1,0.28126000,1970.0000
1625628538974000,0,0.50000000,1971.1900
1625628538979000,0,4.29000000,1970.8000
1625628538985000,0,3.22044837,1971.2900
1625628539647000,0,0.50000000,1971.6200
1625628546507000,0,1.40000000,1971.6000
1625628558092000,0,3.21835361,1972.1100
1625628558092000,0,0.50000000,1972.1100
1625628558098000,0,0.47996804,1972.4300
1625628558098000,0,4.29116690,1972.4400
1625628600241000,0,4.28700000,1973.3300
1625628600241000,0,2.34913366,1973.5800
1625628600241000,0,1.86456969,1973.5900
1625628711650000,0,4.27900000,1976.2100
1625628712390000,0,1.38849999,1976.2000
1625628712399000,0,0.00000001,1976.2000
1625628721777000,0,0.26006260,1977.3700
1625628758388000,0,0.01031739,1977.7300
1625628758388000,0,6.94900000,1978.9900
1625628758428000,0,3.01031738,1978.7100
1625628758429000,0,1.26368262,1978.7100
1625628766132000,0,0.31015456,1979.1100
1625628785171000,1,0.05421807,1977.5100
1625628787313000,1,0.92181096,1976.9100
1625628787486000,1,0.47818904,1976.9100
1625628819318000,1,1.34580000,1976.0900
1625628819322000,1,3.20932661,1975.9600
1625628819322000,1,5.34603508,1975.8200
1625628831641000,0,2.80000000,1976.3200
1625628832906000,1,0.12996465,1975.6900
1625628837737000,1,1.00000000,1976.2000
1625628866868000,0,5.50000000,1975.0800
1625628866926000,0,1.13000000,1975.6700
1625628866926000,0,0.50644707,1975.8100
1625628874140000,0,0.18000000,1976.3200
1625628974567000,0,0.06940299,1976.6100
1625629034993000,1,0.15400000,1976.3300
1625629041772000,1,0.10697246,1976.5300
1625629503850000,0,0.03903462,1980.1800
1625629509269000,1,4.26900000,1979.7400
1625629509277000,1,2.12180000,1979.5800
1625629509302000,1,6.93500000,1980.1500
1625629529935000,1,0.10000000,1978.7400
1625629536450000,1,2.12180000,1977.3600
1625629536530000,1,0.10700000,1977.2700
1625629550234000,1,1.40000000,1974.3100
1625629557281000,1,0.10000000,1972.7800
1625629592231000,1,3.21244043,1973.7600
1625629608240000,1,4.28329930,1973.3100
1625629608631000,1,4.28329930,1973.3100
1625629608631000,1,5.35456907,1973.2100
1625629612634000,1,3.21565927,1972.1700
1625629639385000,0,0.04620333,1973.5100
1625629797756000,1,3.21530053,1972.0000
1625629929978000,0,3.14873999,1974.7000
1625629949663000,1,0.25083249,1973.6200
1625629958898000,0,0.10078041,1974.5900
1625630036946000,1,0.00519100,1974.9200
1625630226301000,1,0.32933000,1978.1000
1625630241359000,0,0.01256124,1979.9000
1625630249337000,1,0.00000623,1978.1000
1625630249337000,1,0.10026477,1977.8700
1625630325195000,0,0.50539254,1979.9200
1625630336407000,0,0.04958950,1980.7700
1625630400862000,0,0.05314304,1979.7200
1625630403936000,0,4.05000000,1981.0700
1625630404427000,0,0.64171974,1981.0700
1625630404433000,0,2.60828026,1981.0700
1625630443589000,1,0.10999999,1976.7400
1625630490388000,1,0.13413524,1974.7700
1625630527191000,0,0.42880616,1977.9100
1625630636535000,1,0.22817516,1974.3000
1625630687316000,1,1.37200000,1971.7600
1625630722585000,1,0.10701345,1973.2100
1625630733581000,0,1.40000000,1974.7800
1625630880270000,0,0.04749320,1980.1000
1625630923268000,1,2.43635597,1978.8000
1625630931685000,0,3.20817419,1977.4800
1625630931734000,0,2.00010000,1978.0600
1625630931740000,0,4.27676315,1978.2000
1625630931740000,0,3.00000000,1978.2000
1625630931740000,0,0.97117114,1978.2600
1625630931743000,0,4.62882886,1978.2600
1625630931847000,0,3.20817419,1977.4800
1625630931847000,0,0.50590390,1978.3300
1625630931847000,0,1.63375047,1978.5300
1625630931885000,0,1.29850000,1978.2500
1625630931885000,0,3.71309594,1978.5300
1625630931934000,0,0.95716354,1978.9700
1625630931979000,0,0.50585272,1978.5200
1625630931982000,0,0.00005118,1978.5200
1625630931982000,0,1.04293646,1978.9700
1625630931982000,0,0.50585272,1978.9900
1625630931982000,0,1.73896437,1979.0000
1625630931999000,0,1.54884036,1979.0000
1625630931999000,0,2.82381870,1979.2000
1625630932053000,0,0.49828949,1978.9600
1625631000316000,0,1.00165999,1979.8200
1625631159935000,0,0.07466176,1978.0200
1625631188148000,0,1.02146000,1977.4800
1625631188193000,0,0.00000611,1977.4800
1625631189463000,0,4.27500000,1978.0400
1625631189463000,0,4.27400000,1978.0500
1625631189479000,0,6.94600000,1978.1400
1625631189570000,0,6.94800000,1978.1600
1625631202225000,1,4.27600000,1976.8600
1625631202299000,1,4.27600000,1976.8400
1625631219011000,1,1.00170000,1977.1300
1625631219129000,1,4.27300000,1976.9900
1625631219129000,1,1.98807093,1976.6600
1625631219140000,1,6.94900000,1976.7200
1625631219140000,1,2.99900000,1976.6600
1625631219172000,1,1.49686105,1976.6600
1625631219173000,1,0.46406802,1976.6600
1625631219173000,1,6.94800000,1976.6400
1625631337838000,0,4.27700000,1976.6500
1625631509705000,0,4.13320548,1975.5700
1625631511757000,0,0.90478064,1975.5700
1625631515375000,0,0.46201388,1975.5700
1625631528760000,1,0.09687878,1975.0700
1625631563049000,1,0.10707492,1976.5700
1625631586794000,1,0.40215882,1977.9500
1625631663283000,0,0.31365912,1978.7800
1625631663284000,0,0.00000001,1978.7800
1625631702015000,0,0.10000000,1979.5400
1625631709646000,0,0.00684704,1979.5400
1625631709646000,0,2.90315296,1979.9600
1625631709653000,0,0.54684704,1979.9600
1625631721492000,0,3.00000000,1981.9700
1625631721770000,0,0.50468346,1982.7100
1625631721787000,0,0.85896252,1982.7000
1625631721787000,0,0.54103748,1982.7000
1625631721787000,0,0.38508886,1982.9800
1625631721796000,0,0.65862868,1982.9800
1625631721867000,0,0.77408410,1982.9800
1625631721875000,0,1.18219836,1982.9800
1625631721875000,0,0.09326700,1983.0000
1625631721876000,0,0.71700846,1983.1600
1625631721929000,0,0.54467484,1983.1600
1625631722053000,0,0.07003109,1982.9700
1625631722064000,0,0.43465237,1982.9700
1625631722064000,0,1.40000000,1982.9700
1625631722079000,0,3.28015307,1983.6900
1625631722079000,0,0.86600931,1983.9700
1625631722111000,0,0.61552804,1983.9700
1625631722122000,0,0.31166808,1983.9700
1625631722215000,0,1.90679457,1983.9700
1625631722215000,0,0.26202783,1984.0000
1625631722225000,0,2.71297217,1984.0000
1625631722229000,0,0.02413430,1984.3300
1625631722386000,0,3.74000000,1984.9700
1625631722386000,0,10.00000000,1985.0000
1625631722386000,0,0.10130331,1985.0600
1625631722386000,0,1.82180000,1985.4600
1625631722386000,0,0.04689669,1985.6200
1625631722716000,0,0.15143685,1985.6200
1625631722742000,0,0.11000000,1985.6200
1625631723153000,0,0.05000000,1985.6300
1625631723153000,0,0.60354718,1985.9400
1625631723350000,0,0.59645282,1985.9400
1625631723527000,0,0.10410000,1987.0000
1625631724775000,0,0.01026388,1988.0400
1625631724775000,0,2.59403612,1989.3100
1625631725079000,0,0.01030510,1989.3100
1625631725118000,0,1.05040000,1989.3300
1625631725118000,0,0.02390000,1989.5000
1625631725118000,0,1.00000000,1989.9600
1625631725118000,0,0.47815573,1989.9900
1625631725118000,0,0.12600000,1990.0000
1625631725118000,0,1.94754427,1990.0000
1625631725587000,0,5.50000000,1989.9000
1625631725587000,0,0.05245573,1990.0000
1625631725587000,0,1.00000000,1990.0000
1625631725587000,0,0.50000000,1990.0000
1625631725687000,0,1.08368708,1990.4600
1625631725687000,0,0.07854295,1990.8700
1625631725871000,0,1.00000000,1991.0700
1625631726005000,0,4.02720181,1990.9800
1625631726705000,0,0.96344000,1993.0000
1625631726705000,0,0.03731605,1993.4800
1625631726916000,0,5.50000000,1992.9100
1625631728435000,0,0.08759720,1994.6900
1625631728707000,0,3.70000000,1994.7900
1625631728707000,0,0.13720511,1995.0000
1625631728707000,0,0.65913101,1995.0000
1625631728707000,0,0.01856464,1995.4500
1625631729417000,0,0.01045315,1996.3100
1625631729417000,0,0.03813897,1996.8000
1625631729417000,0,0.50155633,1997.0000
1625631729417000,0,0.47815573,1997.2100
1625631729417000,0,2.00000000,1997.4600
1625631729736000,0,0.55000000,1998.0000
1625631729736000,0,0.01021088,1998.3600
1625631729736000,0,0.65893213,1998.6800
1625631729813000,1,0.95631000,1995.9000
1625631730139000,1,4.22900000,1998.7400
1625631730455000,0,0.02000000,1998.6900
1625631730455000,0,1.70000000,1998.7900
1625631730455000,0,6.22955829,1999.0000
1625631730455000,0,0.24269268,1999.5200
1625631730455000,0,2.03833125,1999.9700
1625631730638000,1,1.40000000,1997.5900
1625631730638000,1,5.47000000,1997.4500
1625631730726000,1,1.98960000,1998.0900
1625631730933000,1,3.00000000,1996.0100
1625631731027000,1,1.98960000,1996.5800
1625631731088000,1,0.95631144,1996.7300
1625631731290000,1,1.98960000,1995.9200
1625631731406000,0,0.14355861,1996.7400
1625631731716000,0,1.40000000,1997.4900
1625631732596000,1,1.40000000,1995.0900
1625631732673000,0,0.50155000,1996.1200
1625631734994000,1,1.40000000,1996.7000
1625631735097000,0,0.47815000,1998.4200
1625631735741000,1,1.90000000,1997.1000
1625631736054000,0,5.50000000,1998.2200
1625631736054000,0,1.40000000,1998.3100
1625631736730000,1,1.40000000,1998.0800
1625631737039000,0,4.22900000,1997.9900
1625631737831000,1,1.40000000,1997.1600
1625631737861000,1,5.47900000,1997.1600
1625631740832000,1,1.40000000,1996.9800
1625631740832000,1,5.47900000,1996.9700
1625631744165000,1,1.40000000,1997.1900
1625631744224000,1,2.10602000,1997.1800
1625631759136000,0,2.05090000,1999.1500
1625631759136000,0,12.58019366,1999.1700
1625631759523000,0,1.40000000,1999.9900
1625631759523000,0,0.65090000,1999.9900
1625631759726000,0,0.01200000,2000.0000
1625631759726000,0,0.47160842,2000.0000
1625631759726000,0,0.56170973,2000.0000
1625631759726000,0,0.56032199,2000.0000
1625631759726000,0,0.22847864,2000.0000
1625631759726000,0,2.54109013,2000.0000
1625631759726000,0,12.45000000,2000.0000
1625631759726000,0,0.00890987,2000.0000
1625631759726000,0,1.00000000,2000.0000
1625631759726000,0,0.10000000,2000.0000
1625631759726000,0,1.00000000,2000.0000
1625631759726000,0,0.15230748,2000.0000
1625631759726000,0,0.01000000,2000.0000
1625631759726000,0,2.90357374,2000.0000
1625631760741000,0,0.09642626,2000.0000
1625631760741000,0,0.38688589,2000.0000
1625631760741000,0,0.03394747,2000.0000
1625631760741000,0,1.50000000,2000.0000
1625631760741000,0,0.47071349,2000.0000
1625631760741000,0,0.28597779,2000.0000
1625631760741000,0,0.64897368,2000.0000
1625631760741000,0,0.79616472,2000.0000
1625631760741000,0,0.15000000,2000.0000
1625631760741000,0,0.20000000,2000.0000
1625631760741000,0,0.68336553,2000.0000
1625631760741000,0,8.68831052,2000.0000
1625631760741000,0,4.00000000,2000.0000
1625631760741000,0,0.71640698,2000.0000
1625631760741000,0,0.40000000,2000.0000
1625631760741000,0,0.11952767,2000.0000
1625631764738000,0,0.00047233,2000.0000
1625631764738000,0,0.10555817,2000.0600
1625631764738000,0,0.52510507,2000.2700
1625631764738000,0,0.36886443,2001.0100
1625631765710000,1,1.40000000,1999.4500
1625631768358000,0,0.63113557,2001.0100
1625631772807000,0,0.66066983,1998.9300
1625631773626000,0,3.56830000,1998.9300
1625631779365000,0,3.05000000,2001.4900
1625631779784000,0,1.28110000,2001.7900
1625631779834000,0,1.00000000,2002.0000
1625631779834000,0,0.28119418,2002.0000
1625631793337000,0,4.22100000,2003.5900
1625631793814000,0,1.40000000,2003.9400
1625631794581000,0,6.85700000,2003.9500
1625631794656000,0,0.51400000,2004.0000
1625631794656000,0,0.15760000,2004.0000
1625631803342000,1,0.10602194,2002.8700
1625631805004000,0,6.85800000,2004.1900
1625631805043000,0,0.01017848,2004.2300
1625631805150000,0,0.41500000,2004.1700
1625631805223000,0,0.49924115,2004.9600
1625631805223000,0,2.50075885,2005.0000
1625631805474000,0,0.49917000,2004.9900
1625631805518000,0,0.49924115,2005.0000
1625631807124000,0,0.01017113,2005.6800
1625631807451000,0,1.40000000,2006.9500
1625631807451000,0,0.49866855,2006.9600
1625631807451000,0,4.38133145,2006.9700
1625631807467000,0,0.49866855,2006.9700
1625631807467000,0,0.73000000,2007.0000
1625631807467000,0,0.11846137,2007.0000
1625631811991000,0,0.49837000,2007.9700
1625631815504000,1,1.40000000,2006.3100
1625631815919000,1,0.47815000,2005.5300
1625631816010000,1,0.81585000,2005.5300
1625631816844000,1,0.47815000,2004.4400
1625631818850000,1,0.47815572,2003.6700
1625631828409000,0,0.49907000,2005.1000
1625631835416000,0,1.65000000,2005.1500
1625631836457000,0,4.21600000,2005.5300
1625631866822000,0,0.88450886,2007.6000
1625631871970000,0,0.49858000,2007.5300
1625631872113000,0,0.00000899,2007.5300
1625631872113000,0,2.59999101,2007.7500
1625631872184000,0,4.24500000,2007.7500
1625631888318000,0,0.49835000,2008.3200
1625631888383000,0,0.00000046,2008.3200
1625631889804000,1,4.90000000,2007.0500
1625631890202000,1,2.14900000,2006.3100
1625631890259000,1,2.14900000,2006.4100
1625631890261000,1,2.14899999,2006.4100
1625631890262000,1,1.20200001,2006.4100
1625631899745000,0,2.02260618,2008.3000
1625631906344000,0,0.02434893,2008.3300
1625631923913000,1,0.99898000,2006.5900
1625631926449000,0,0.01015842,2008.6800
1625631926449000,0,1.29090549,2008.9700
1625631926633000,0,2.90909451,2008.9700
1625631926633000,0,0.77304891,2009.0000
1625631926633000,0,0.59852447,2009.0000
1625631937977000,0,2.80215517,2008.1900
1625631942872000,0,2.50000000,2008.1900
1625631942939000,0,2.16671000,2008.1900
1625631942941000,0,8.73250774,2008.1900
1625631942960000,0,5.54416584,2008.1900
1625631942970000,0,5.89318291,2008.1900
1625631960252000,0,0.98313086,2008.2300
1625631972663000,1,5.50000000,2004.1000
1625631972663000,1,9.09131182,2004.0000
1625631972672000,1,0.90868818,2004.0000
1625631978309000,1,0.03700000,2004.0000
1625631978314000,1,0.00081193,2004.0000
1625632015351000,1,0.15809743,2002.3200
1625632016863000,0,0.37167934,2004.1200
1625632023830000,1,0.01281886,2003.3900
1625632028997000,1,0.05420638,2003.2500
1625632052928000,0,0.10532122,2004.9000
1625632052936000,0,0.00000001,2004.9000
1625632074491000,1,1.40000000,2003.5600
1625632074491000,1,1.85262931,2003.5100
1625632076287000,0,1.40000000,2006.8700
1625632076287000,0,0.46069031,2006.8800
1625632090277000,0,2.95493066,2006.9800
1625632090285000,0,1.59506934,2006.9800
1625632100244000,0,0.21230000,2009.4600
1625632100244000,0,0.73254442,2009.4700
1625632100249000,0,0.00000001,2009.4700
1625632100360000,0,0.02436514,2009.8700
1625632100360000,0,0.34269184,2010.0000
1625632100360000,0,0.10734607,2010.0000
1625632100360000,0,0.30000000,2010.0000
1625632100360000,0,0.10000000,2010.0000
1625632100360000,0,0.10000000,2010.1000
1625632105457000,0,0.17343220,2010.5600
1625632108958000,0,1.00000000,2011.0000
1625632109471000,0,0.01242625,2011.8700
1625632119093000,0,0.98000000,2009.3600
1625632122191000,0,1.00000000,2009.5900
1625632129219000,0,1.49880316,2008.8400
1625632129986000,1,1.85399999,2006.6700
1625632145370000,0,0.01705735,2009.6900
1625632147099000,0,3.87000000,2009.9800
1625632147099000,0,1.61812570,2010.0400
1625632155874000,1,1.40000000,2008.6200
1625632155874000,1,2.41888586,2008.6100
1625632155891000,1,1.78711414,2008.6100
1625632169900000,0,1.37200000,2009.7800
1625632169928000,0,0.02800000,2009.7800
1625632183296000,1,4.20700000,2008.3300
1625632188042000,1,4.20800000,2007.6700
1625632200255000,0,0.11616937,2009.8900
1625632203124000,0,0.80999999,2011.4300
1625632203129000,0,0.00000001,2011.4300
1625632231107000,0,0.07000000,2010.3500
1625632231110000,0,0.00608241,2010.3500
1625632233936000,1,1.90000000,2011.2700
1625632237551000,0,0.20383340,2011.9700
1625632237551000,0,3.87000000,2011.9800
1625632237551000,0,0.07000000,2012.0000
1625632237551000,0,0.24999999,2012.0000
1625632237672000,0,0.00000001,2012.0000
1625632274467000,0,0.50000000,2012.6400
1625632274599000,0,4.00000000,2012.9800
1625632275125000,0,0.49684000,2013.9900
1625632275147000,0,0.00000503,2013.9900
1625632275147000,0,0.10000000,2014.0000
1625632275169000,0,1.24205153,2014.4200
1625632275239000,0,0.10138400,2014.6500
1625632275239000,0,3.22915602,2014.9900
1625632275239000,0,0.11000000,2015.0000
1625632275239000,0,0.11634599,2015.0000
1625632275239000,0,3.00000000,2015.0900
1625632275246000,0,4.30360000,2015.3100
1625632276480000,0,0.00004320,2015.3100
1625632276964000,0,3.91000000,2015.6800
1625632277245000,0,0.05000000,2015.5800
1625632277452000,0,1.49000000,2015.6800
1625632277479000,0,0.05000000,2015.7400
1625632277723000,0,5.50000000,2015.6400
1625632278302000,0,0.01648100,2015.8600
1625632278302000,0,1.96351900,2016.3700
1625632278635000,0,2.12000000,2016.3700
1625632279892000,0,2.20000000,2016.2600
1625632279958000,0,3.30000000,2016.2600
1625632280302000,0,0.00677600,2016.3700
1625632280302000,0,5.50000000,2016.3700
1625632291325000,1,0.01006503,2014.4000
1625632291608000,1,0.02168726,2012.2700
1625632294065000,1,3.97399134,2012.1200
1625632294065000,1,0.22500866,2012.1200
1625632294067000,1,2.87300000,2011.9600
1625632344371000,0,0.95132701,2012.4100
1625632353441000,1,1.06750000,2008.5400
1625632355448000,1,3.15000000,2007.3700
1625632355503000,1,2.35000000,2007.3700
1625632356898000,1,1.95190000,2006.7900
1625632358494000,1,5.49999999,2006.4600
1625632363634000,1,0.01908900,2005.7000
1625632397148000,0,0.10000000,2007.3000
1625632416173000,0,0.01708906,2007.6500
1625632425413000,0,0.98291000,2007.6500
1625632425436000,0,0.00000094,2007.6500
1625632436515000,0,0.04888581,2010.3900
1625632440286000,0,0.05655773,2009.3300
1625632517491000,1,5.50000000,2006.7600
1625632523732000,1,0.10512599,2006.8300
1625632530783000,0,0.01486664,2007.8500
1625632560619000,1,0.19276647,2007.3500
1625632562847000,1,0.01037999,2007.3500
1625632596433000,1,5.50000000,2009.6000
1625632596433000,1,3.09018675,2009.5500
1625632616422000,1,0.30405662,2009.1800
1625632620304000,1,4.72936000,2009.1800
1625632621299000,1,0.46141795,2008.9100
1625632643827000,1,0.10527102,2008.7200
1625632749839000,0,0.35600000,2008.1700
1625632749839000,0,5.49999999,2008.1800
1625632750001000,0,0.00000001,2008.1800
1625632793857000,0,0.09887082,2007.9700
1625632803165000,1,0.01100000,2006.8100
1625632811121000,0,4.11312918,2007.9700
1625632821442000,0,6.84600000,2008.0500
1625632822992000,1,1.25000000,2007.5900
1625632856357000,0,0.12216085,2009.2000
1625632858329000,1,0.01755603,2007.5500
1625632864010000,1,0.08752133,2007.9700
1625632884099000,0,0.10528385,2008.9500
1625632938867000,1,1.40000000,2010.9200
1625632988102000,0,4.20000000,2012.9300
1625632988102000,0,3.00000000,2012.9800
1625632988102000,0,1.85584916,2013.2800
1625632996609000,1,2.00000000,2013.4800
1625633004029000,1,0.10516676,2015.0100
1625633004370000,0,0.03700000,2015.9800
1625633004423000,0,2.96300000,2015.9800
1625633047974000,1,1.40000000,2012.0900
1625633049553000,0,1.00000000,2012.1400
1625633071182000,0,0.01334760,2012.6400
1625633088115000,0,1.00000000,2012.6400
1625633113252000,0,0.38665240,2012.6400
1625633113252000,0,0.29334760,2012.6400
1625633113322000,0,0.05000000,2012.6400
1625633113327000,0,5.15665240,2012.6400
1625633113327000,0,3.00000000,2012.7900
1625633113358000,0,3.00000000,2013.0500
1625633113358000,0,3.00000000,2013.0800
1625633113358000,0,4.64504152,2013.0900
1625633125330000,0,0.36000000,2013.0900
1625633125338000,0,0.44000000,2013.0900
1625633125344000,0,0.03000000,2013.0900
1625633129894000,1,0.01727970,2013.2600
1625633160283000,1,0.13028194,2013.9200
1625633163897000,1,4.19900000,2013.0800
1625633164145000,1,0.11000000,2012.9700
1625633165957000,1,2.07833786,2012.9700
1625633166393000,1,0.97568769,2012.9700
1625633171869000,1,0.02488933,2012.9900
1625633172854000,1,0.04200551,2012.9900
1625633177076000,1,1.03497000,2012.9700
1625633192875000,1,0.00000445,2012.9700
1625633219415000,1,0.50770054,2012.2800
1625633222924000,1,0.45619069,2012.2800
1625633242925000,1,0.34125641,2012.0100
1625633258439000,1,1.18464861,2011.0900
1625633258842000,1,6.82300000,2011.0800
1625633258842000,1,6.82400000,2011.0800
1625633262764000,1,2.29827475,2011.1300
1625633262764000,1,3.20172525,2011.1300
1625633262764000,1,6.85000000,2011.0700
1625633262893000,1,1.74270000,2010.7300
1625633262893000,1,6.83099999,2010.7300
1625633262897000,1,0.00000001,2010.7300
1625633264472000,1,0.53090054,2010.7400
1625633272562000,1,5.50000000,2010.9700
1625633272562000,1,0.97658067,2010.8700
1625633273068000,1,5.50000000,2010.9100
1625633273068000,1,0.35441933,2010.8900
1625633273509000,1,0.35818067,2010.9900
1625633282145000,0,0.03000000,2011.7700
1625633282198000,0,0.00072552,2011.7700
1625633289109000,0,0.04999999,2013.0000
1625633289110000,0,0.00000001,2013.0000
1625633300818000,1,1.00000000,2013.0000
1625633328540000,1,0.65059073,2010.8100
1625633334078000,1,2.00000000,2010.8100
1625633336523000,0,1.40000000,2012.7000
1625633336523000,0,4.42077682,2012.7100
1625633345651000,1,1.40000000,2011.0500
1625633345651000,1,5.50000000,2011.0400
1625633345651000,1,3.00000000,2010.9500
1625633345651000,1,4.67731295,2010.9400
1625633345651000,1,2.15168705,2010.9400
1625633345651000,1,5.50000000,2010.9200
1625633348086000,1,0.56242504,2008.9700
1625633352298000,0,0.09319714,2010.7900
1625633352326000,0,1.30680286,2010.7900
1625633352326000,0,4.20500000,2011.0900
1625633352481000,0,0.11000000,2011.2400
1625633352519000,0,0.38764613,2011.2400
1625633352540000,0,1.24370000,2011.7500
1625633356945000,1,1.74270000,2009.8100
1625633364301000,1,0.10519506,2009.6000
1625633427085000,0,1.40000000,2012.7600
1625633427085000,0,0.49713155,2012.7700
1625633427085000,0,4.36299449,2012.8000
1625633451566000,0,1.40000000,2013.7000
1625633451684000,0,0.49684503,2013.9300
1625633455025000,0,0.86000000,2011.8400
1625633456524000,0,0.09706757,2013.5500
1625633527845000,1,1.40000000,2013.4400
1625633527845000,1,0.28000000,2013.4300
1625633536110000,1,0.01256851,2013.2700
1625633539544000,0,0.81000000,2015.3500
1625633539648000,0,0.49640109,2015.9300
1625633539648000,0,0.74449891,2016.2500
1625633542010000,0,0.81000000,2016.5300
1625633542010000,0,0.49634196,2016.5400
1625633549833000,0,0.28000000,2016.9800
1625633549833000,0,1.29000000,2016.9800
1625633550627000,0,1.63000000,2016.9800
1625633551010000,0,0.80999999,2017.1700
1625633552650000,1,1.38740000,2015.4300
1625633552650000,1,2.51260000,2015.4200
1625633556085000,1,1.06687816,2015.2100
1625633556125000,1,4.19600000,2015.2100
1625633556207000,1,1.55612184,2015.2100
1625633571407000,0,0.39206877,2017.2500
1625633572015000,0,0.00800140,2017.2500
1625633573980000,0,2.87000000,2017.7800
1625633574344000,0,0.46954037,2018.4800
1625633574346000,0,0.46954037,2018.4800
1625633574359000,0,0.46091926,2018.4800
1625633574710000,0,1.40000000,2018.9500
1625633574710000,0,1.68000000,2018.9700
1625633574723000,0,1.99000000,2018.9700
1625633574798000,0,4.87000000,2018.9800
1625633574798000,0,0.01010654,2018.9900
1625633574798000,0,6.00000000,2019.0000
1625633574986000,0,0.13191055,2019.0600
1625633576357000,1,1.40000000,2018.6000
1625633576357000,1,1.93374823,2018.5900
1625633576429000,0,0.05000000,2020.0000
1625633576429000,0,2.11000000,2020.0000
1625633577091000,0,0.00669123,2020.0000
1625633577091000,0,0.10000000,2020.8000
1625633577091000,0,2.54330877,2020.9800
1625633577170000,0,0.45669123,2020.9800
1625633577255000,0,0.11789422,2021.0000
1625633577255000,0,0.10540000,2021.0000
1625633577255000,0,0.77670578,2021.0300
1625633577317000,0,0.22329422,2021.0300
1625633578913000,1,1.40000000,2019.9400
1625633604545000,0,0.10000000,2017.5500
1625633604576000,0,0.00501846,2017.5500
1625633608075000,1,0.01514040,2016.6800
1625633631173000,1,0.35158400,2015.0500
1625633636922000,1,0.01393290,2015.0500
1625633642428000,1,0.02831086,2015.0700
1625633663263000,0,2.18260000,2020.0000
1625633667873000,0,0.13253918,2019.7800
1625633678452000,0,0.81000000,2020.0000
1625633678463000,0,0.00740000,2020.0000
1625633708511000,0,3.75999999,2021.9700
1625633708515000,0,0.00000001,2021.9700
1625633708710000,0,0.49476049,2022.5400
1625633708778000,0,1.23687704,2023.0400
1625633708778000,0,0.02255305,2023.3400
1625633708835000,0,0.93714899,2023.9500
1625633709087000,0,1.40000000,2023.9400
1625633709087000,0,2.27853667,2023.9500
1625633709087000,0,0.49476049,2023.9900
1625633709087000,0,1.23687704,2023.9900
1625633709087000,0,2.00000000,2024.0000
1625633709087000,0,17.60000000,2024.1300
1625633709087000,0,1.92130000,2024.1400
1625633709087000,0,0.81000000,2024.2700
1625633709087000,0,0.10555817,2024.2800
1625633709087000,0,0.05953341,2024.3600
1625633709087000,0,0.29343422,2024.6000
1625633709245000,0,0.49476049,2023.9500
1625633709426000,0,0.02948748,2024.6800
1625633709426000,0,0.10051252,2025.0000
1625633709434000,0,3.29948748,2025.0000
1625633709877000,0,0.49476049,2024.6700
1625633709877000,0,0.49476049,2024.6700
1625633709877000,0,1.23667902,2024.6700
1625633710087000,0,0.44706769,2025.9800
1625633710264000,0,1.43000000,2025.9800
1625633710592000,0,2.99000000,2025.9800
1625633710640000,0,0.00293231,2025.9800
1625633710933000,0,0.02500000,2027.0000
1625633710933000,0,0.12877183,2027.0100
1625633711038000,0,0.39770192,2027.0100
1625633712368000,1,1.40000000,2026.3000
1625633712561000,1,1.40000000,2026.2600
1625633712561000,1,6.77200000,2026.0000
1625633712894000,1,0.11000000,2025.6900
1625633713001000,1,1.29000000,2025.6900
1625633713237000,1,2.01920000,2025.1300
1625633714589000,0,0.65000000,2026.1600
1625633714940000,0,0.64000000,2026.1600
1625633718043000,1,1.40000000,2025.0600
1625633718043000,1,0.65205000,2025.0500
1625633718101000,1,3.25000000,2025.0500
1625633718172000,1,1.47895000,2025.0500
1625633721113000,1,3.52105000,2024.0700
1625633724054000,1,0.65969922,2024.0600
1625633727034000,0,1.39999999,2026.0200
1625633727036000,0,0.00000001,2026.0200
1625633727036000,0,0.46857450,2026.1700
1625633727110000,0,0.49381741,2026.4600
1625633727110000,0,4.17600000,2026.4600
1625633735926000,1,1.40000000,2025.2100
1625633735926000,1,2.09106566,2025.2000
1625633740585000,0,1.40000000,2027.1100
1625633753806000,0,0.49345676,2027.9800
1625633754003000,0,1.40000000,2029.0500
1625633754003000,0,1.23361789,2029.0600
1625633754003000,0,1.80718211,2029.0600
1625633754058000,0,0.31956944,2029.0600
1625633754282000,0,0.01005515,2029.3100
1625633754282000,0,3.87000000,2029.7800
1625633754282000,0,0.40000000,2030.0000
1625633754282000,0,0.02000000,2030.0000
1625633754282000,0,1.00000000,2030.0000
1625633754282000,0,1.00000000,2030.0000
1625633754282000,0,0.10000000,2030.0000
1625633754282000,0,0.65893213,2030.0600
1625633754282000,0,0.01025337,2030.1800
1625633755109000,0,0.11000000,2030.9800
1625633756629000,1,1.50000000,2029.7800
1625633759671000,1,0.77322000,2028.4900
1625633759671000,1,2.01920000,2027.6900
1625633776960000,1,1.39419999,2028.6100
1625633777040000,1,0.00000001,2028.6100
1625633796324000,1,0.25000000,2025.5800
1625633803946000,1,0.02536150,2025.0100
1625633804565000,1,0.53994074,2025.0000
1625633804565000,1,0.01001412,2024.6400
1625633805007000,1,1.20710000,2023.9800
1625633817541000,0,1.23240000,2025.5900
1625633817541000,0,0.59043145,2025.9200
1625633823558000,0,0.40546491,2025.6500
1625633839220000,1,0.11000000,2023.2600
1625633839327000,1,3.00000000,2022.4600
1625633839327000,1,17.32100000,2022.4500
1625633844639000,1,0.10422572,2022.1100
1625633866445000,0,0.04927000,2021.1200
1625633866451000,0,0.00000532,2021.1200
1625633877737000,0,0.02553070,2022.5700
1625633880254000,0,0.79458451,2024.1800
1625633897899000,0,0.02227732,2025.5000
1625633898296000,1,0.79460000,2023.9800
1625633898296000,1,0.49537377,2023.9700
1625633902336000,1,0.40000000,2024.0000
1625633907379000,1,0.04455324,2024.4900
1625633960144000,0,1.40000000,2026.1800
1625633960144000,0,3.60000000,2026.1900
1625633964579000,1,0.10448506,2024.5000
1625634000301000,0,4.17600000,2024.3800
1625634005151000,0,0.49358341,2028.8200
1625634005171000,0,0.00000001,2028.8200
1625634018507000,1,1.31780000,2024.9300
1625634028214000,1,4.17700000,2023.7200
1625634035881000,1,1.00000000,2023.1300
1625634060335000,1,0.62414329,2025.8100
1625634062020000,1,0.99950986,2025.6700
1625634065937000,1,1.20000000,2025.2900
1625634084682000,1,0.10448924,2027.9600
1625634090439000,0,0.10000000,2029.4900
1625634090439000,0,0.03038251,2029.8500
1625634092833000,0,1.40000000,2029.7500
1625634092833000,0,0.24848257,2029.7600
1625634118012000,1,0.01743341,2025.5200
1625634120249000,0,0.02352035,2027.7900
1625634161320000,0,0.49368000,2026.9300
1625634182182000,0,0.01629271,2027.6000
1625634187607000,0,0.97902903,2027.3300
1625634196092000,0,0.01453980,2028.0800
1625634197182000,1,1.40000000,2025.4600
1625634204710000,1,0.10428833,2025.1100
1625634208077000,1,0.01763056,2025.1000
1625634217206000,0,0.46857450,2028.4200
1625634217206000,0,0.49320365,2028.8500
1625634217206000,0,0.72386359,2028.8600
1625634226813000,1,0.87050000,2026.7500
1625634226813000,1,0.32950000,2026.3600
1625634234243000,1,0.20000000,2026.4000
1625634324801000,1,0.10439067,2025.4300
1625634356719000,1,0.07322600,2025.0800
1625634360599000,0,0.30440000,2026.9200
1625634360599000,0,5.50000000,2026.9300
1625634360599000,0,0.49370038,2027.0400
1625634360599000,0,1.23436097,2027.2500
1625634360599000,0,2.31503068,2027.2700
1625634395060000,1,0.01251516,2025.0100
1625634427144000,1,1.35720493,2025.0000
1625634427144000,1,0.25000000,2025.0000
1625634429728000,0,0.49397839,2026.2000
1625634429728000,0,0.00000001,2026.2000
1625634430672000,1,0.01788551,2023.8000
1625634445033000,1,0.10434056,2023.7500
1625634451094000,0,0.49399304,2026.2700
1625634451730000,0,0.49389544,2026.6200
1625634451756000,0,0.00000001,2026.6200
1625634480981000,0,1.40000000,2025.8900
1625634480981000,0,0.12691840,2025.9000
1625634511072000,1,1.27780000,2022.5500
1625634511489000,1,0.17800000,2021.9900
1625634514140000,1,0.24721000,2020.8000
1625634514147000,1,0.00000397,2020.8000
1625634516738000,1,0.08819363,2020.0000
1625634517893000,1,0.91364034,2020.0100
1625634519546000,0,0.91370000,2020.1100
1625634524699000,1,3.06782254,2019.2300
1625634537270000,1,0.12457301,2017.3700
1625634539052000,1,0.54125921,2016.7800
1625634555726000,1,1.72389787,2014.6100
1625634556038000,1,3.11588206,2014.6300
1625634563445000,1,0.01569172,2014.8200
1625634565110000,1,0.10473880,2015.3100
1625634567287000,1,1.40000000,2016.7100
1625634567287000,1,4.19100000,2016.7000
1625634567287000,1,2.00000000,2016.2300
1625634567287000,1,0.19529325,2016.0100
1625634567712000,1,0.37842408,2016.7100
1625634569543000,1,0.39251780,2016.8000
1625634578736000,1,4.18900000,2017.7800
1625634579723000,1,0.12795992,2017.7500
1625634584089000,0,1.39999999,2019.1900
1625634596102000,0,0.49543212,2020.1300
1625634596102000,0,0.50456788,2020.4400
1625634618071000,0,1.40000000,2020.8800
1625634632274000,1,0.04399999,2019.8600
1625634632274000,1,0.00000001,2019.8600
1625634649752000,1,2.16253754,2020.5600
1625634653251000,1,1.40000000,2020.4100
1625634653251000,1,2.78473945,2020.4000
1625634653776000,1,2.17173945,2020.3700
1625634656244000,1,2.02603372,2019.8500
1625634685245000,1,0.10465155,2019.5400
1625634685923000,1,0.23874811,2019.5400
1625634716611000,1,0.29804403,2019.6100
1625634748940000,1,1.00000000,2019.7000
1625634776224000,1,0.99230891,2019.5400
1625634795411000,1,3.00000000,2018.7000
1625634805343000,1,0.10464410,2017.7800
1625634807984000,1,0.55058925,2017.0600
1625634841012000,0,0.29000000,2017.0800
1625634843602000,0,0.01618578,2017.2800
1625634844833000,0,1.00000000,2017.0000
1625634855339000,1,2.00000000,2016.5000
1625634855339000,1,0.49567360,2016.0300
1625634855339000,1,0.30648157,2016.0200
1625634935710000,0,0.02289024,2019.1800
1625634971008000,0,0.01961219,2017.3000
1625634977409000,0,0.01375748,2017.6200
1625634979777000,1,0.98889158,2015.5100
1625634985435000,1,0.01254246,2016.0300
1625634988148000,0,0.16342076,2017.8400
1625634994632000,0,0.46000000,2018.8900
1625634997499000,1,0.01000000,2016.3500
1625634998233000,0,0.00854083,2018.8900
1625634998233000,0,8.36806827,2019.0300
1625635014550000,0,8.14000000,2019.4700
1625635018532000,0,0.46000000,2020.2500
1625635032907000,1,0.01396909,2018.2200
1625635061884000,1,0.01520993,2018.3800
1625635076660000,1,1.00000000,2018.9700
1625635081473000,0,5.39000000,2020.0800
1625635081901000,1,1.00055152,2018.9700
1625635096716000,0,1.20000000,2021.5600
1625635120859000,0,0.02450000,2022.0000
1625635123105000,0,0.00050000,2022.0000
1625635139858000,0,1.39999999,2022.9100
1625635146032000,0,6.99500000,2022.9200
1625635146693000,1,1.40000000,2021.5200
1625635152117000,0,4.80910000,2021.7900
1625635152310000,0,1.98590000,2021.7900
1625635154898000,0,1.40000000,2021.9000
1625635160096000,0,0.01472981,2022.4100
1625635165547000,1,0.10469274,2020.8200
1625635174461000,1,0.89513264,2020.5600
1625635174551000,0,1.40000000,2021.8100
1625635174551000,0,0.32697569,2021.8200
1625635188768000,1,1.39999999,2020.3100
1625635188907000,1,6.79700000,2020.1700
1625635188907000,1,4.18400000,2020.1700
1625635196356000,0,0.05828169,2022.2000
1625635209651000,0,3.00622365,2021.3200
1625635212704000,1,6.79900000,2019.4300
1625635212704000,1,4.18500000,2019.3800
1625635227767000,0,1.56371559,2018.3000
1625635256556000,0,0.01231828,2018.9500
1625635294022000,1,0.02615671,2017.4300
1625635294886000,1,0.42490607,2017.4300
1625635300911000,1,0.02540922,2017.8400
1625635320435000,0,0.40955278,2019.1300
1625635336376000,0,0.01479880,2017.7300
1625635338604000,1,0.07271276,2016.1000
1625635340311000,1,4.19100000,2015.7800
1625635340410000,1,0.90830000,2015.2100
1625635340410000,1,2.31530000,2015.2000
1625635344117000,1,0.04833604,2015.1500
1625635345106000,1,4.14566396,2015.1500
1625635345106000,1,3.00000000,2014.5300
1625635345106000,1,6.81600000,2014.5200
1625635345106000,1,7.88957271,2014.5100
1625635345106000,1,3.14876333,2014.5000
1625635347008000,1,1.00050472,2015.1100
1625635389131000,1,0.25010955,2015.2300
1625635440272000,1,0.15215923,2015.0400
1625635455634000,0,0.11000000,2015.1700
1625635455635000,0,0.04273708,2015.1700
1625635460614000,1,0.20000101,2015.2800
1625635508579000,0,0.20000000,2016.2700
1625635510854000,1,0.50009682,2014.7100
1625635538831000,1,0.13301888,2016.6800
1625635558748000,0,0.01225000,2017.9900
1625635558791000,0,0.00025000,2017.9900
1625635562985000,1,0.09927671,2015.2300
1625635616454000,1,2.48572943,2015.7600
1625635622155000,1,0.20000000,2015.7600
1625635637542000,1,0.17400000,2016.6100
1625635652506000,1,0.61827058,2016.6300
1625635680564000,1,0.89926086,2018.6000
1625635685812000,1,4.18700000,2018.6100
1625635704836000,1,0.12500000,2018.2200
1625635710915000,1,1.40000000,2018.2600
1625635716172000,0,0.50009681,2019.3400
1625635716173000,0,0.89990319,2019.3400
1625635716857000,0,0.49546157,2020.0000
1625635716857000,0,0.49453843,2020.0100
1625635717328000,0,0.10000000,2020.6300
1625635717328000,0,0.29748198,2022.2300
1625635727474000,1,1.71279000,2020.3500
1625635727546000,1,1.15321000,2020.3500
1625635795569000,1,1.44215040,2017.7500
1625635809175000,1,2.83023890,2017.1100
1625635821614000,1,0.40192391,2016.9600
1625635825748000,1,0.10467861,2016.8400
1625635846218000,0,4.37887297,2019.1200
1625635857582000,1,0.62269285,2017.5200
1625635861689000,1,0.54530000,2017.5200
1625635866176000,0,1.37213818,2018.3900
1625635869891000,1,0.00000715,2017.5200
1625635873047000,1,0.10001875,2016.6100
1625635920261000,1,0.26140606,2016.7500
1625635945836000,1,0.10475500,2014.5100
1625635964657000,0,1.04587060,2015.6700
1625635981141000,1,0.01000000,2014.4000
1625635992772000,1,0.00006503,2014.4000
1625636010109000,1,0.10505216,2014.1000
1625636014883000,1,1.16635206,2014.1000
1625636016929000,1,0.05032064,2014.1000
1625636026901000,1,0.53506206,2013.9500
1625636031418000,1,0.03385500,2013.7600
1625636039913000,1,0.05236507,2013.7000
1625636040274000,1,0.10711978,2013.7000
1625636046859000,1,0.03928984,2012.7300
1625636048001000,1,0.10000000,2012.4300
1625636048003000,1,4.09700000,2012.4300
1625636058287000,1,4.20299999,2010.3800
1625636067945000,1,0.99957956,2009.6700
1625636095767000,0,0.29750000,2010.7900
1625636103005000,1,0.02552064,2012.1400
1625636115915000,1,0.05457164,2012.3400
1625636130021000,1,0.03761795,2013.3200
1625636143039000,1,0.10257914,2013.3200
1625636156060000,1,0.38889924,2012.0700
1625636186106000,1,0.35828348,2011.9100
1625636216463000,1,0.40000000,2012.0800
1625636247588000,1,0.12305736,2012.0900
1625636279736000,0,0.08880354,2013.6200
1625636280268000,1,0.08684762,2011.9300
1625636308195000,0,1.40000000,2013.5900
1625636370420000,1,4.20100000,2010.6900
1625636373276000,0,0.20261483,2011.9700
1625636377332000,1,0.24175993,2010.4500
1625636381401000,1,3.47069732,2010.3900
1625636392326000,1,0.04911831,2010.3600
1625636394381000,1,4.15388169,2010.3600
1625636402340000,1,0.09927287,2010.4300
1625636411075000,1,0.32657948,2010.6000
1625636411847000,1,0.51010000,2010.5600
1625636421582000,1,1.10030000,2010.6100
1625636464888000,1,0.76783280,2012.0500
1625636465891000,1,2.72770488,2012.0500
1625636478416000,1,0.10316445,2011.5700
1625636508958000,1,0.02652839,2011.4300
1625636508958000,1,0.13639184,2011.3100
1625636509433000,1,0.13639184,2011.3200
1625636520253000,1,0.08934840,2009.6700
1625636520436000,1,0.01801983,2009.7800
1625636533425000,1,0.99867098,2011.4800
1625636567128000,1,0.01501898,2010.6500
1625636588715000,0,0.01480620,2010.3300
1625636596479000,0,0.49769072,2010.7400
1625636604532000,1,0.32100152,2010.8300
1625636617082000,1,0.24573507,2010.2400
1625636640274000,1,0.05553900,2009.6100
1625636648416000,0,0.01470435,2011.9700
1625636648776000,0,0.02472688,2011.9800
1625636662123000,1,3.27815297,2010.5800
1625636708653000,0,0.01700000,2011.9800
1625636725741000,0,0.00063578,2011.9800
1625636773140000,0,0.02973638,2015.1000
1625636804340000,1,0.01006503,2014.4000
1625636804340000,1,4.19300000,2013.9300
1625636804340000,1,2.74793074,2013.9300
1625636804854000,1,3.88093074,2013.9500
1625636822976000,0,0.00988382,2013.3900
1625636846038000,1,0.10491565,2011.3300
1625636848391000,1,0.05000000,2011.3300
1625636870912000,1,5.50000000,2011.6100
1625636870912000,1,2.02571540,2011.5000
1625636876277000,1,0.49820256,2011.3400
1625636896231000,0,0.83000000,2013.3500
1625636896922000,0,0.00322850,2013.3500
1625637050204000,0,0.55423423,2014.8400
1625637086130000,1,0.10491770,2013.3600
1625637120275000,1,0.15576405,2013.6800
1625637123638000,0,0.01485884,2015.4800
1625637181696000,0,0.26000000,2016.5400
1625637181697000,0,0.00260000,2016.5400
1625637182213000,1,0.05000000,2014.7000
1625637184986000,0,0.20261484,2017.4500
1625637184986000,0,5.50000000,2017.4600
1625637189723000,0,1.40000000,2017.9100
1625637201995000,0,1.40000000,2018.7200
1625637202446000,0,0.49561000,2019.2300
1625637206223000,1,0.10489525,2018.3300
1625637212249000,1,2.60000000,2018.4900
1625637212310000,1,0.49400000,2018.4900
1625637227851000,0,0.01969897,2020.4100
1625637228533000,0,0.26522145,2020.0100
1625637229829000,1,0.04325736,2018.2900
1625637258763000,1,1.40000000,2018.0000
1625637259700000,1,0.34700000,2017.6700
1625637273926000,0,0.49578581,2018.3300
1625637298629000,1,0.17983540,2016.1800
1625637337609000,1,0.01540274,2017.4700
1625637371576000,1,0.50000000,2018.7600
1625637398475000,1,1.27560000,2017.9700
1625637398480000,1,1.05660000,2017.9700
1625637398504000,1,0.21900000,2017.9700
1625637398591000,1,1.10045488,2017.9700
1625637416200000,1,0.49644464,2016.7100
1625637417162000,1,1.00000000,2016.7400
1625637417171000,1,0.05660000,2016.7400
1625637417171000,1,0.08340000,2016.7100
1625637418175000,1,1.40000000,2016.7600
1625637418175000,1,1.60000000,2016.7500
1625637419177000,0,0.62548044,2018.2700
1625637453620000,0,5.50000000,2018.1700
1625637502834000,0,0.01259532,2018.4000
1625637516227000,1,3.39089052,2017.2400
1625637527838000,1,3.40630000,2017.0800
1625637527857000,1,0.00006960,2017.0800
1625637527919000,1,6.06200000,2017.0700
1625637527931000,1,0.00009997,2017.0700
1625637527931000,1,6.54590003,2016.9300
1625637527931000,1,0.00009997,2016.9300
1625637527931000,1,1.59430003,2016.7600
1625637528338000,1,0.00015344,2016.7600
1625637540615000,0,1.40000000,2016.5800
1625637565132000,1,0.56002834,2015.3000
1625637566355000,1,0.10466381,2015.0200
1625637600311000,1,1.00000000,2015.0700
1625637619908000,1,2.25000000,2018.6700
1625637656296000,0,0.38856936,2020.1700
1625637691920000,1,0.07128716,2020.5600
1625637691976000,1,1.57831987,2020.5600
1625637692771000,1,0.19514376,2019.7600
1625637720284000,1,2.18282142,2019.6600
1625637730566000,0,1.40000000,2021.1700
1625637730566000,0,5.50000000,2021.1800
1625637730566000,0,6.74742683,2022.0200
1625637731065000,0,0.39746671,2021.8800
1625637751892000,0,0.49482000,2022.1800
1625637751972000,0,0.00000904,2022.1800
1625637765348000,1,0.42300000,2022.6700
1625637765862000,1,1.40000000,2022.2300
1625637765862000,1,1.11756336,2022.2200
1625637774705000,1,0.78610000,2022.3600
1625637805946000,0,1.00000000,2021.9800
1625637808398000,1,0.76369735,2021.8300
1625637814401000,1,0.17590865,2022.8900
1625637822401000,1,0.17706505,2022.7600
1625637826409000,1,0.15915543,2022.7600
1625637878997000,1,0.80157458,2021.6400
1625637901496000,1,0.26023714,2021.9200
1625637924064000,1,2.58045136,2021.7600
1625637927040000,1,1.34700000,2021.7600
1625637932560000,1,1.13901581,2021.3700
1625637939564000,1,0.92757148,2021.2700
1625637964068000,1,3.11086419,2021.1700
1625637979753000,1,0.68367580,2021.1700
1625637979756000,1,0.84908122,2021.1700
1625637979757000,1,3.31332106,2021.1700
1625637979762000,1,0.67901519,2021.1700
1625638016504000,1,0.06644309,2020.9900
1625638016504000,1,8.66837108,2020.0900
1625638016504000,1,6.79600000,2020.0800
1625638016504000,1,0.02500000,2020.0000
1625638016504000,1,9.44418583,2019.6800
1625638031737000,1,0.41930101,2020.5800
1625638056788000,1,0.11900785,2019.6300
1625638060224000,1,0.05000000,2019.6300
1625638061213000,1,0.04962903,2019.6300
1625638067936000,0,0.49000000,2021.0600
1625638067958000,0,0.00511814,2021.0600
1625638071280000,1,0.61868179,2020.4100
1625638073670000,0,0.22030486,2021.3000
1625638080328000,1,0.09990367,2020.4200
1625638085791000,1,0.10669712,2019.7000
1625638092241000,1,0.12648559,2019.7000
1625638099266000,1,0.92205659,2019.4200
1625638117809000,1,0.07529164,2018.9000
1625638123303000,1,0.36083611,2018.7200
1625638136888000,1,0.07290777,2018.7300
1625638152334000,1,0.09640000,2017.5100
1625638152850000,0,0.01659967,2018.8600
1625638157872000,1,1.64083626,2017.3600
1625638182888000,1,0.05125931,2015.4800
1625638185889000,1,0.04476141,2015.4100
1625638200695000,0,0.43932576,2017.0000
1625638204413000,1,0.80036826,2016.2900
1625638263500000,1,0.75922056,2018.1000
1625638265988000,1,0.06208238,2018.1000
1625638278509000,1,0.52921682,2016.7500
1625638287040000,1,0.10463446,2017.1000
1625638290514000,1,0.24977780,2017.0300
1625638312933000,0,0.02466045,2017.4000
1625638333371000,1,0.02380532,2015.2900
1625638376337000,1,0.49670096,2013.2200
1625638418723000,1,0.06055507,2012.5100
1625638420173000,1,0.11493970,2012.5200
1625638489247000,0,1.23580000,2014.6000
1625638489247000,0,0.76420000,2014.6100
1625638533947000,1,0.17777313,2015.5600
1625638542679000,0,0.14615373,2016.3700
1625638636399000,1,3.49987294,2012.9700
1625638647212000,1,0.10488733,2012.5100
1625638651165000,1,3.07730682,2012.5000
1625638654174000,1,0.00000001,2012.5000
1625638676252000,1,0.20020000,2010.7900
1625638702911000,1,4.20200000,2010.3200
1625638702911000,1,3.00000000,2009.4500
1625638702911000,1,5.83881247,2009.4400
1625638703510000,1,0.10000000,2009.6700
1625638734985000,1,4.20300000,2010.4400
1625638734985000,1,3.00000000,2009.7500
1625638734985000,1,2.31995093,2009.7400
1625638833966000,0,0.11634000,2015.2500
1625638836731000,0,0.00000599,2015.2500
1625638874040000,0,0.14500000,2015.8000
1625638884357000,0,1.40000000,2016.3400
1625638884357000,0,5.50000000,2016.3500
1625638884357000,0,0.49618434,2016.7200
1625638884357000,0,5.11397366,2016.7300
1625638884783000,1,3.92992239,2015.1400
1625638915151000,0,0.01477175,2015.9000
1625638985934000,1,1.34130000,2017.5500
1625638985934000,1,1.12373938,2017.4700
1625639036249000,0,0.06076881,2017.0900
1625639088285000,1,0.55000000,2017.6100
1625639098760000,1,0.03734149,2017.6800
1625639125172000,0,0.49273783,2019.3700
1625639131110000,0,3.20000000,2019.4800
1625639146772000,0,0.40000000,2020.3100
1625639158305000,0,0.97143807,2020.5700
1625639160303000,1,0.12504129,2018.8200
1625639169412000,0,3.08245605,2019.5000
1625639234324000,0,0.11137427,2020.4200
1625639241191000,0,5.50000000,2020.4000
1625639241191000,0,1.40000000,2020.4900
1625639241191000,0,2.54558430,2020.5200
1625639265005000,0,0.14032292,2020.9100
1625639280279000,0,0.79590000,2021.4300
1625639280279000,0,0.08962995,2021.4400
1625639321289000,1,1.39999999,2018.3800
1625639321858000,0,2.20000000,2018.1200
1625639321931000,0,1.80000000,2018.1200
1625639366696000,0,0.11042421,2017.1300
1625639367703000,0,0.10464903,2015.6900
1625639371342000,1,0.18228100,2015.3700
1625639418990000,0,0.09853631,2019.5600
1625639458225000,1,0.17494092,2018.7500
1625639475822000,0,0.02465862,2017.5500
1625639478280000,1,0.13150000,2015.9500
1625639487529000,1,0.92300000,2015.2100
1625639516268000,0,0.40371642,2016.2000
1625639516268000,0,2.59628358,2016.7000
1625639521162000,0,0.20067776,2017.0900
1625639521162000,0,1.43875249,2017.1800
1625639524866000,1,0.92300000,2015.9700
1625639526155000,1,0.02242152,2015.8300
1625639533175000,1,0.25000000,2015.6900
1625639544590000,1,0.04500000,2015.9100
1625639571239000,1,0.22219837,2015.2400
1625639571350000,1,0.70080000,2015.2400
1625639599772000,0,0.42821091,2016.7500
1625639600147000,0,0.29100000,2016.7500
1625639640295000,1,1.25365964,2016.8900
1625639651355000,0,0.20383310,2019.2500
1625639654898000,1,0.19828664,2017.7200
1625639696892000,0,0.02430788,2020.3900
1625639801162000,0,0.03621141,2020.3500
1625639801178000,0,0.00000001,2020.3500
1625639810841000,1,0.23520000,2018.8100
1625639810841000,1,2.31873225,2018.8000
1625639816581000,0,0.01456964,2020.9100
1625639817562000,0,0.48518790,2020.7100
1625639880275000,0,0.48992027,2020.0000
1625639937312000,0,0.07285675,2018.8200
1625639973166000,1,5.50000000,2018.2200
1625639973166000,1,6.80300000,2017.7800
1625639973166000,1,4.46535647,2017.6600
1625640001114000,0,0.24294762,2019.0100
1625640017944000,1,1.91899999,2018.9600
1625640017946000,1,0.00000001,2018.9600
1625640040647000,0,0.51007973,2020.0000
1625640040803000,0,0.09300000,2020.2200
1625640040819000,0,1.59264174,2020.2200
1625640045502000,0,0.02989000,2020.3000
1625640045545000,0,0.00061000,2020.3000
1625640055136000,1,0.69908110,2019.5500
1625640061262000,0,0.49484863,2022.0300
1625640061262000,0,14.05818203,2022.0400
1625640061280000,0,0.04892254,2021.4900
1625640061287000,0,4.29982169,2021.4900
1625640061288000,0,1.15125577,2021.4900
1625640106645000,1,1.38115339,2019.4500
1625640116481000,0,4.36759852,2020.6900
1625640120279000,0,0.23891436,2020.1400
1625640211728000,1,0.22047697,2016.8000
1625640303282000,1,0.07366742,2016.8800
1625640305315000,1,0.25271670,2017.2400
1625640309727000,1,0.30000000,2017.1400
1625640328176000,0,0.10000000,2017.1000
1625640328329000,0,0.00471965,2017.1000
1625640336259000,1,3.65000000,2016.5000
1625640336352000,1,0.11000000,2016.5000
1625640336480000,1,6.14000000,2016.5000
1625640365481000,1,0.25273299,2016.3900
1625640390086000,0,0.04929549,2018.4400
1625640397825000,1,0.20000000,2016.8500
1625640402943000,0,0.04682870,2018.4200
1625640423602000,0,0.35660000,2019.1500
1625640423660000,1,1.65000000,2019.1500
1625640423744000,1,10.28300000,2019.1500
1625640423744000,1,0.00006644,2019.1500
1625640429522000,0,0.46820113,2018.9400
1625640448152000,1,0.10479509,2017.3700
1625640476899000,0,0.02431194,2017.4200
1625640509460000,1,0.99640000,2016.3400
1625640540413000,1,4.11098800,2016.6700
1625640566174000,1,0.20024020,2016.6700
1625640568224000,1,0.10474250,2016.6600
1625640621237000,1,1.00000000,2016.9400
1625640623544000,0,1.06355466,2018.2500
1625640669700000,0,0.09033046,2018.8700
1625640688330000,1,0.10476445,2017.8600
1625640711257000,0,0.01442949,2017.7000
1625640716210000,1,0.10071184,2016.5200
1625640728666000,0,0.04187652,2017.0900
1625640733355000,0,0.50333054,2016.3200
1625640749415000,1,0.01920757,2014.1800
1625640772297000,1,0.50000000,2014.3900
1625640784282000,1,0.94285548,2012.2400
1625640802930000,1,0.65354718,2013.4800
1625640812937000,0,0.09869269,2016.3600
1625640816729000,1,0.01964822,2015.6500
1625640816770000,1,0.00000001,2015.6500
1625640907609000,0,0.02472332,2012.2700
1625640911751000,0,0.26515410,2012.9200
1625640960265000,0,0.07374960,2013.6300
1625640979216000,1,0.00833900,2013.3600
1625640981475000,0,0.25000000,2014.6700
1625641051450000,1,0.05000000,2014.3600
1625641078333000,0,1.79551634,2015.7400
1625641099857000,1,0.11029199,2014.1400
1625641120365000,1,2.00000000,2015.3100
1625641184806000,1,0.34190000,2014.5700
1625641278311000,0,0.00085462,2017.0900
1625641278311000,0,0.01168692,2017.3100
1625641278957000,1,0.01962618,2015.8900
1625641280321000,1,0.01506239,2015.4800
1625641320264000,1,0.07638189,2015.8100
1625641322504000,0,0.09888535,2017.6900
1625641323387000,0,0.02465923,2017.5000
1625641345854000,0,0.98918787,2019.0300
1625641394973000,0,0.04877170,2020.1600
1625641399737000,1,0.15361125,2019.7400
1625641422722000,0,0.20821792,2022.0300
1625641427906000,1,0.01760319,2020.1500
1625641544265000,0,0.10000000,2018.8400
1625641556460000,1,0.05050184,2017.0800
1625641566883000,0,0.11000000,2020.0000
1625641578846000,0,0.09000000,2020.0000
1625641616236000,1,0.04963178,2019.7000
1625641618765000,0,1.00000000,2021.3800
1625641622835000,1,0.01293989,2020.0400
1625641637129000,0,0.09836714,2022.2200
1625641642339000,1,0.15358004,2020.6400
1625641662010000,1,0.25118084,2020.2200
1625641686429000,0,0.75660000,2021.1300
1625641796524000,1,0.06100000,2019.1600
1625641796856000,1,1.08690000,2019.1600
1625641796856000,1,0.03923561,2019.1500
1625641800259000,0,0.02795155,2021.9500
1625641838937000,1,0.15356444,2021.1200
1625641840550000,1,0.62967325,2020.6800
1625641888597000,1,0.03722884,2021.5800
1625641899545000,1,0.15354982,2021.5200
1625641912816000,1,3.19143456,2021.7400
1625641916241000,0,0.09660071,2023.0100
1625641917256000,0,0.65353832,2023.0500
1625641933550000,0,0.01439512,2022.9100
1625641942933000,1,1.52691840,2022.0000
1625641944398000,1,4.18300000,2021.6000
1625641972188000,0,1.00000000,2021.2300
1625641988325000,1,0.15358590,2020.4100
1625641998482000,1,0.02600000,2020.6500
1625642035941000,1,4.18300000,2020.7500
1625642037287000,0,0.14560494,2022.3100
1625642037426000,1,5.50000000,2020.9100
1625642037426000,1,3.14229462,2020.7500
1625642037641000,0,0.03690022,2022.2100
1625642091447000,0,0.21050105,2020.7500
1625642092972000,0,0.02256161,2020.7500
1625642160286000,0,0.45910342,2022.1900
1625642160370000,0,0.01230349,2022.1900
1625642179920000,1,0.15357030,2020.8200
1625642198757000,1,0.10014961,2021.0600
1625642207350000,1,0.10384203,2022.8800
1625642207363000,1,0.00000001,2022.8800
1625642216410000,1,0.04907157,2021.6300
1625642241213000,1,0.15355567,2021.3700
1625642251546000,0,0.10079856,2023.6400
1625642255165000,1,0.05340198,2022.0300
1625642301726000,1,0.15354008,2022.4600
1625642322425000,0,0.01085007,2024.8700
1625642337524000,0,0.70996974,2024.9700
1625642338236000,0,1.99003026,2024.9700
1625642338236000,0,0.34210418,2025.0000
1625642338246000,0,0.00000001,2025.0000
1625642349093000,1,2.00000000,2025.0400
1625642349157000,0,3.00000000,2025.0000
1625642357779000,1,2.00000000,2025.2600
1625642357779000,1,3.36643523,2025.2600
1625642385492000,1,2.67948641,2025.0000
1625642400257000,1,0.03297453,2021.7400
1625642449871000,0,0.12302115,2022.0100
1625642471757000,1,5.50000000,2021.6700
1625642471757000,1,2.22837823,2021.6200
1625642516302000,0,0.48478839,2023.5800
1625642570705000,0,0.02416866,2023.0900
1625642599084000,0,4.90000000,2021.6700
1625642616819000,0,0.02201060,2021.7000
1625642629335000,1,0.01515000,2020.1100
1625642638152000,1,0.01515000,2019.9000
1625642650326000,0,4.16205435,2018.4200
1625642696231000,1,1.47999999,2015.0000
1625642703906000,0,1.40000000,2016.2200
1625642753333000,0,0.09968841,2018.6900
1625642786310000,1,0.05047744,2017.3100
1625642897468000,0,13.02800000,2020.2400
1625642930320000,0,0.49478497,2022.3800
1625642930320000,0,4.42523574,2022.4000
1625642932932000,0,0.04808901,2022.2800
1625642942616000,1,0.01528336,2020.4200
1625643000266000,1,1.29981939,2019.7100
1625643046544000,0,0.49457941,2023.3000
1625643046544000,0,0.24466459,2023.5400
1625643058150000,1,1.40000000,2022.4400
1625643061122000,1,0.02902975,2021.4700
1625643085268000,1,5.50000000,2022.4300
1625643085268000,1,2.00000000,2022.3300
1625643085268000,1,5.50000000,2022.3100
1625643085268000,1,4.18000000,2022.0100
1625643085268000,1,6.79300000,2021.9900
1625643085268000,1,1.98850000,2021.8000
1625643085268000,1,0.46775257,2021.7100
1625643085268000,1,0.49463812,2020.3800
1625643085268000,1,30.63480000,2020.0200
1625643085268000,1,1.23633815,2019.9400
1625643085268000,1,32.09952536,2019.9300
1625643113626000,0,7.19126150,2024.6400
1625643113639000,0,14.55191640,2024.6400
1625643125243000,1,0.15348000,2024.2900
1625643128357000,1,0.23747393,2024.2000
1625643131448000,0,0.24815709,2026.1800
1625643131911000,0,5.50000000,2026.5300
1625643131911000,0,0.58081189,2026.6200
1625643138728000,0,11.25000000,2025.0000
1625643138741000,0,8.75000000,2025.0000
1625643160102000,1,0.23747393,2025.0000
1625643164267000,1,0.39682701,2025.0400
1625643197080000,1,1.13800000,2025.7100
1625643209762000,1,0.10441997,2024.9000
1625643252343000,1,0.02450000,2024.5500
1625643296910000,0,0.01436990,2026.7600
1625643309566000,1,1.12450000,2025.7200
1625643309566000,1,5.50000000,2025.7100
1625643320908000,1,4.17700000,2024.7200
1625643321202000,1,4.17600000,2024.4400
1625643321467000,1,1.26736142,2024.6600
1625643321573000,1,1.30995451,2024.6600
1625643321896000,1,0.73059232,2024.4800
1625643329879000,1,0.10433902,2023.5000
1625643340680000,0,0.02996883,2024.7700
1625643368624000,0,0.02458817,2023.3300
1625643395614000,1,4.17800000,2022.9700
1625643404010000,1,3.35000000,2022.4000
1625643411120000,1,1.40000000,2020.2000
1625643422355000,0,1.40000000,2021.2400
1625643444279000,0,1.20000000,2022.3000
1625643460521000,0,5.39000000,2022.2000
1625643478719000,0,5.50000000,2023.0400
1625643478719000,0,2.73229402,2023.2100
1625643480275000,0,0.12942062,2023.4600
1625643483597000,0,5.26316779,2023.3500
1625643637160000,1,0.99388023,2020.8300
1625643644558000,0,0.73798020,2021.6900
1625643716260000,0,0.01699132,2022.9800
1625643720269000,0,1.39214104,2022.8900
1625643811881000,1,0.01509850,2021.3500
1625643846006000,1,1.40000000,2021.2900
1625643846006000,1,0.10000000,2020.8400
1625643852197000,1,1.40000000,2021.2000
1625643852197000,1,0.49445714,2021.1900
1625643852197000,1,1.10554286,2021.1800
1625643882956000,0,1.40000000,2021.2800
1625643902900000,0,1.37770000,2023.0600
1625643902916000,0,0.00530000,2023.0600
1625643977298000,0,1.00000000,2024.9800
1625644080292000,0,0.31392838,2025.9700
1625644086447000,0,0.57115614,2025.9700
1625644088165000,0,1.21491548,2025.9700
1625644113810000,1,1.40000000,2024.8100
1625644113810000,1,2.45000000,2024.5700
1625644113810000,1,0.49357367,2024.5500
1625644113810000,1,10.20506380,2024.5300
1625644113811000,1,14.54863747,2024.5300
1625644117684000,0,1.40000000,2025.0800
1625644124589000,0,1.37200000,2026.6700
1625644124771000,0,0.46743802,2027.0600
1625644124771000,0,0.58735927,2027.4700
1625644140363000,1,1.37200000,2025.3200
1625644183470000,0,0.50000000,2024.7400
1625644197476000,0,0.13050918,2025.0000
1625644197476000,0,0.86969711,2025.5200
1625644200313000,0,0.02743116,2025.4000
1625644236402000,0,3.00000000,2028.9700
1625644237603000,0,0.17000000,2029.2000
1625644237603000,0,0.01005515,2029.3100
1625644237627000,0,5.94403503,2030.0000
1625644237627000,0,0.75206588,2030.0000
1625644237627000,0,1.06496921,2030.0000
1625644237628000,0,0.86185653,2030.0000
1625644237636000,0,1.99818966,2030.0000
1625644237639000,0,0.71291744,2030.0000
1625644237639000,0,0.72803906,2030.0000
1625644237639000,0,0.50000000,2030.0000
1625644237639000,0,0.08944862,2030.0000
1625644237640000,0,0.72461823,2030.0000
1625644237640000,0,0.57091133,2030.0000
1625644237642000,0,0.90577278,2030.0000
1625644237645000,0,0.70924904,2030.0000
1625644237747000,0,0.71338262,2030.6400
1625644237747000,0,0.60194102,2030.6400
1625644237747000,0,0.85057160,2030.6400
1625644237747000,0,0.56521854,2030.6400
1625644237753000,0,0.71338262,2030.6400
1625644237754000,0,1.08104906,2030.6400
1625644237754000,0,0.71338263,2030.6400
1625644237754000,0,0.98227300,2030.6400
1625644238403000,0,1.40000000,2030.8600
1625644238403000,0,1.00325484,2030.9800
1625644238406000,0,2.03475873,2030.9800
1625644238657000,0,1.22044238,2030.9800
1625644238716000,0,0.60154405,2030.9800
1625644238934000,0,0.87260000,2030.9700
1625644238934000,0,1.00000000,2031.1100
1625644238934000,0,20.12740000,2031.3500
1625644239012000,0,22.00000000,2031.3500
1625644239090000,0,0.66349567,2031.3500
1625644239092000,0,0.74059431,2031.3500
1625644239294000,0,0.49249924,2031.8800
1625644239298000,0,0.89303312,2031.8800
1625644239448000,0,1.00000000,2032.0000
1625644239491000,0,0.04048053,2032.1300
1625644239839000,0,3.45000000,2032.9700
1625644239890000,0,0.49218412,2032.9900
1625644239890000,0,0.10000000,2033.0000
1625644239890000,0,0.75000000,2033.3300
1625644239969000,0,1.23031472,2033.9300
1625644239969000,0,0.88243982,2033.9400
1625644239969000,0,3.42924546,2033.9500
1625644240183000,0,0.46743801,2033.9400
1625644240229000,0,0.02474611,2033.9400
1625644240229000,0,0.99845389,2033.9400
1625644240457000,0,0.23186083,2033.9400
1625644240938000,0,2.11270000,2033.9500
1625644241381000,0,0.00005454,2033.9500
1625644241381000,0,0.03762174,2034.0600
1625644241381000,0,0.02071178,2034.9800
1625644241381000,0,0.52961194,2035.0000
1625644241544000,0,4.47038806,2035.0000
1625644242596000,1,3.54200000,2033.9500
1625644242636000,1,0.88243000,2033.9400
1625644242636000,1,26.30000000,2033.9400
1625644242644000,1,2.00000000,2033.6700
1625644242695000,1,11.40000000,2033.6500
1625644242695000,1,10.60000000,2033.4000
1625644243958000,0,5.50000000,2033.8400
1625644245346000,0,0.02545548,2035.7400
1625644245348000,0,0.00000001,2035.7400
1625644246009000,1,2.00000000,2035.5200
1625644246009000,1,2.74700000,2035.0800
1625644248253000,0,0.46743802,2036.2100
1625644248253000,0,5.49999999,2036.5300
1625644248265000,0,0.00000001,2036.5300
1625644250859000,1,1.40000000,2034.8600
1625644265840000,1,0.12690260,2033.7300
1625644282264000,1,2.15400000,2034.1400
1625644286887000,1,1.27310000,2033.5100
1625644290029000,1,4.30000000,2031.1700
1625644322455000,1,1.40000000,2030.1800
1625644322455000,1,4.10000000,2030.1700
1625644323000000,1,5.50000000,2029.0800
1625644335594000,1,0.72700000,2025.0900
1625644335594000,1,1.40000000,2025.0900
1625644335696000,1,5.50000000,2025.1900
1625644336791000,1,4.79682000,2024.0900
1625644343779000,1,0.03760000,2024.6100
1625644343783000,1,0.00000836,2024.6100
1625644345926000,0,0.61757425,2024.9400
1625644346408000,0,0.03953832,2024.9400
1625644346422000,0,0.74288743,2024.9400
1625644347447000,0,1.40000000,2025.7100
1625644363112000,1,3.36240000,2025.8300
1625644368914000,0,4.70233510,2026.3100
1625644376210000,1,1.50290977,2024.9800
1625644376377000,0,0.50000000,2026.9400
1625644388615000,0,0.04792924,2026.8700
1625644425708000,0,0.24440679,2024.3300
1625644428286000,1,0.50000000,2021.7900
1625644428733000,1,0.10384204,2020.8600
1625644437390000,0,0.09599600,2021.2600
1625644440256000,0,0.12207212,2020.6800
1625644441524000,0,1.40000000,2020.6500
1625644441524000,0,15.00000000,2020.6900
1625644442140000,0,0.49509362,2021.4200
1625644442140000,0,0.37825680,2021.6900
1625644453293000,1,1.40000000,2020.3100
1625644471862000,0,0.01200048,2022.1500
1625644472141000,0,0.01472261,2022.1500
1625644481222000,0,1.40000000,2021.3400
1625644481222000,0,5.50000000,2021.3400
1625644481222000,0,3.10000000,2021.5400
1625644486571000,0,0.24021065,2021.6900
1625644489575000,1,1.40000000,2020.0600
1625644490208000,1,0.11000000,2019.0400
1625644494738000,1,0.15000000,2016.5000
1625644495018000,1,0.55000000,2016.6200
1625644521252000,0,0.55119999,2018.4100
1625644521254000,0,0.00000001,2018.4100
1625644543584000,0,0.50000001,2018.9600
1625644546292000,0,0.04804712,2019.0600
1625644562440000,1,0.54800000,2015.9700
1625644570307000,1,0.00000001,2015.0000
1625644570307000,1,0.01005999,2014.4000
1625644570340000,1,0.00000504,2014.4000
1625644570645000,1,1.40000000,2012.3500
1625644570645000,1,0.33709000,2012.3400
1625644571419000,1,0.15921747,2012.3400
1625644571419000,1,1.24078253,2012.3400
1625644573307000,1,1.39999999,2011.2400
1625644573317000,1,0.00000001,2011.2400
1625644574731000,0,0.87478753,2012.7200
1625644581743000,1,1.04427538,2009.6900
1625644582404000,1,0.10000000,2008.1000
1625644582404000,1,0.49712167,2007.9700
1625644582404000,1,1.24306370,2007.9700
1625644583544000,1,6.69999999,2006.6300
1625644583544000,1,0.00000001,2006.6300
1625644583603000,1,3.03000000,2006.1200
1625644584395000,1,2.10485000,2004.7200
1625644584462000,1,3.39515000,2004.7200
1625644585765000,1,0.01011645,2004.1600
1625644585765000,1,0.92433216,2002.0000
1625644585791000,1,1.08956893,2002.0000
1625644586364000,0,0.82505600,2000.9600
1625644586720000,1,0.64895486,2000.6200
1625644586726000,1,0.49712000,2000.6200
1625644586738000,1,4.35392514,2000.6200
1625644586862000,1,0.10000000,2000.0000
1625644586862000,1,0.25000000,2000.0000
1625644586862000,1,6.87100000,1997.6500
1625644586862000,1,0.24000000,1995.9700
1625644586862000,1,4.82866644,1995.9600
1625644586979000,1,0.17524104,1995.9600
1625644587301000,1,0.17524104,1996.5800
1625644587701000,1,5.50000000,1996.0500
1625644587701000,1,0.75000000,1995.0000
1625644587701000,1,0.01016841,1993.9200
1625644587701000,1,1.76983159,1990.8600
1625644587735000,1,0.76678915,1990.8600
1625644587735000,1,8.40066005,1990.8500
1625644587735000,1,0.81000000,1990.8500
1625644587735000,1,2.45000000,1990.8400
1625644587735000,1,0.02405551,1990.8300
1625644587735000,1,7.82486931,1990.1300
1625644587735000,1,0.30000000,1990.0000
1625644587735000,1,6.05138445,1988.0000
1625644588418000,1,0.05047239,1996.9700
1625644589523000,0,0.11000000,2000.1800
1625644589531000,0,1.29000000,2000.1800
1625644589857000,0,1.40000000,2000.6100
1625644589857000,0,0.14701000,2000.6200
1625644590049000,0,1.40000000,2000.6100
1625644591588000,0,1.40000000,2002.8300
1625644593096000,1,1.40000000,2001.9300
1625644593096000,1,0.55000000,2001.9200
1625644593165000,1,3.55000000,2001.9200
1625644593599000,1,1.40000000,2000.5100
1625644593667000,1,4.10000000,2000.5100
1625644594302000,0,4.70318000,2001.4400
1625644594530000,0,0.00000600,2001.4400
1625644594627000,1,0.50000001,2001.4300
1625644597082000,1,1.40000000,2002.3600
1625644601939000,1,3.44271525,2004.4600
1625644609472000,0,1.40000000,2004.8500
1625644609472000,0,2.09480000,2004.8600
1625644609472000,0,2.53662074,2005.6000
1625644609472000,0,1.70260554,2005.6100
1625644620066000,1,1.40000000,2004.6900
1625644621391000,1,0.02509875,2004.0200
1625644621597000,1,0.02542351,2004.0200
1625644621792000,1,0.02532193,2004.0200
1625644636860000,1,8.55620000,2002.1000
1625644641154000,1,0.49966022,1998.9500
1625644641154000,1,0.00000001,1998.9500
1625644678929000,0,3.49858401,2006.8400
1625644678982000,0,1.40000000,2006.8300
1625644679117000,0,0.49858402,2006.9400
1625644679193000,0,3.00000000,2007.5700
1625644679193000,0,8.55925186,2007.5800
1625644685114000,0,5.50000000,2006.2200
1625644685114000,0,4.12273541,2006.3300
1625644697488000,1,0.14826727,2005.6600
1625644746278000,0,0.01015000,2008.6800
1625644746594000,0,0.00000842,2008.6800
1625644766550000,0,1.00000000,2010.2400
1625644767549000,1,0.45554369,2009.4700
1625644767673000,1,0.95390300,2009.4500
1625644767673000,1,2.58995758,2009.4500
1625644767673000,1,1.95613942,2009.4500
1625644767677000,1,1.44749235,2009.4800
1625644767677000,1,0.90398947,2009.4800
1625644767677000,1,0.18513892,2009.4800
1625644767740000,1,1.25180000,2009.4800
1625644767740000,1,3.00000000,2009.4600
1625644767800000,1,0.49740850,2008.7200
1625644773453000,0,1.40000000,2011.6800
1625644773453000,0,2.53662074,2011.6800
1625644773453000,0,0.77501547,2011.6900
1625644781234000,1,1.40000000,2010.4900
1625644792099000,1,0.01256000,2009.8500
1625644792134000,1,0.00000312,2009.8500
1625644797296000,1,0.52460302,2009.1900
1625644803011000,0,2.80018785,2012.1400
1625644832523000,1,5.50000000,2008.7200
1625644860581000,1,0.07586379,2006.9300
1625644864006000,0,0.77386000,2009.8800
1625644877907000,1,2.52300000,2009.0400
1625644905182000,0,1.40000000,2014.0700
1625644916851000,1,1.40000000,2013.9800
1625644916949000,1,1.93690000,2013.6200
1625644917433000,0,0.01414755,2014.7800
1625644924479000,0,0.49681541,2014.1700
1625644924479000,0,0.61816545,2014.6500
1625644926290000,0,2.97954000,2014.6500
1625644926369000,0,4.66776000,2014.6500
1625644927202000,0,0.00000193,2014.6500
1625644928823000,0,7.66083309,2015.8200
1625644928839000,0,3.50332612,2015.8200
1625644928876000,0,8.13224000,2015.8200
1625644928888000,0,3.77372641,2015.8200
1625644928905000,0,13.19067438,2015.8200
1625644929055000,0,8.09967783,2015.9000
1625644929260000,0,43.86040000,2015.9000
1625644929504000,0,7.95442217,2015.9000
1625644930975000,1,2.85442000,2016.3300
1625644931051000,1,2.65000000,2016.3300
1625644931116000,1,4.55000000,2016.3300
1625644931166000,1,19.55548000,2016.3300
1625644931789000,0,0.50000000,2016.2300
1625644943154000,0,0.49639615,2015.9700
1625644943154000,0,0.00000001,2015.9700
1625644943508000,0,0.21000000,2016.4000
1625644944273000,0,0.62281245,2016.4000
1625644945079000,1,15.00000000,2016.5700
1625644945969000,0,1.40000000,2017.1100
1625644946688000,1,1.40000000,2016.2500
1625644962115000,1,0.21000000,2015.6000
1625644968100000,0,0.49601697,2017.7300
1625644968114000,0,0.00000001,2017.7300
1625644968199000,0,1.94200000,2018.0500
1625644970054000,0,0.01010654,2018.9900
1625644976922000,0,1.39999999,2019.6700
1625644976924000,0,0.00000001,2019.6700
1625644976935000,0,1.39999999,2019.5700
1625644977107000,0,1.40000000,2019.5700
1625644982558000,1,1.08956082,2018.0900
1625644983968000,1,0.15374700,2018.6100
1625644984841000,1,0.15665300,2018.6100
1625644984841000,1,1.54100000,2018.6100
1625645007818000,1,14.55888389,2019.0500
1625645007862000,1,12.94400683,2019.0500
1625645047332000,0,1.90390000,2017.8000
1625645048678000,0,1.88500000,2018.0200
1625645075315000,1,0.90258400,2018.9800
1625645086715000,0,0.05000000,2020.8500
1625645141249000,1,1.89540000,2018.4900
1625645160306000,0,0.13798884,2019.9400
1625645183136000,1,0.15357127,2020.4700
1625645186477000,0,1.40000000,2022.6900
1625645199893000,0,0.49999999,2024.2500
1625645199894000,0,0.00000001,2024.2500
1625645207807000,1,1.25000000,2024.5300
1625645238846000,1,0.46832030,2023.9900
1625645238846000,1,4.03475366,2023.4000
1625645276491000,1,0.65000000,2023.4400
1625645280279000,0,0.04936098,2025.1100
1625645336521000,1,0.04880190,2024.1500
1625645337526000,0,0.09642626,2026.1000
1625645364116000,0,0.04911591,2025.8200
1625645370366000,0,0.01196609,2025.3300
1625645389633000,1,0.01016698,2023.0800
1625645390128000,0,0.04502806,2024.6900
1625645396690000,0,0.48435258,2025.1500
1625645399067000,1,1.33200000,2023.5900
1625645400280000,0,0.04033104,2024.5700
1625645407767000,0,1.40000000,2026.5100
1625645407767000,0,2.38950000,2026.5200
1625645416697000,1,0.52879999,2025.5600
1625645433612000,0,0.03351952,2026.1600
1625645433902000,1,1.39999999,2024.4300
1625645440553000,1,4.12324115,2023.7400
1625645457573000,1,5.80000000,2023.2400
1625645458401000,1,4.17500000,2022.6300
1625645467408000,1,0.20180000,2019.2400
1625645467978000,1,0.46832030,2018.4300
1625645467978000,1,2.33186755,2018.2100
1625645509078000,0,0.02431968,2020.8600
1625645509210000,1,5.50000000,2018.9200
1625645509210000,1,2.65112048,2018.6200
1625645520289000,0,0.05141725,2021.1900
1625645524490000,1,0.15684867,2020.6100
1625645569821000,1,4.18400000,2018.7400
1625645569876000,1,1.94020000,2018.3800
1625645605712000,0,1.27039372,2019.9000
1625645607178000,1,1.27030000,2018.1900
1625645607284000,1,1.94020000,2017.6000
1625645616399000,0,0.04513416,2020.5500
1625645639061000,1,0.49000000,2019.6700
1625645640268000,0,0.42701058,2020.9900
1625645740373000,1,0.10627371,2018.3900
1625645744480000,1,5.50000000,2019.5600
1625645744480000,1,1.39999999,2019.4800
1625645744482000,1,2.08882780,2019.4800
1625645760264000,0,0.07712576,2020.1300
1625645827258000,1,0.03021926,2019.1000
1625645851780000,0,1.00000000,2019.5000
1625645880265000,0,0.02450787,2018.6600
1625645893367000,1,1.40000000,2017.1600
1625645893367000,1,0.40000000,2017.0500
1625645899776000,1,7.55266803,2017.0500
1625645899776000,1,6.80400000,2017.0400
1625645899776000,1,0.74417159,2017.0400
1625645908179000,0,1.06938000,2017.8000
1625645937064000,1,6.05138445,2016.6900
1625645954625000,0,1.40000000,2016.1300
1625645997224000,0,1.10875394,2017.4900
1625646000259000,0,0.09801835,2017.7200
1625646030784000,1,0.13500000,2017.6500
1625646037816000,1,3.28277060,2018.9400
1625646056455000,0,0.63073219,2021.2500
1625646073632000,1,0.50000000,2019.7200
1625646123058000,0,0.60620000,2021.9800
1625646123161000,0,0.90800000,2021.9900
1625646140246000,0,0.01213331,2022.9400
1625646176582000,0,0.12135053,2021.7700
1625646188957000,0,1.40000000,2022.7800
1625646239415000,0,1.86278439,2021.9400
1625646254451000,1,1.40000000,2020.0800
1625646271042000,0,0.01473567,2019.4400
1625646283795000,0,0.04514734,2019.6600
1625646299246000,1,1.77859999,2016.0600
1625646301252000,0,5.50000000,2016.9700
1625646301252000,0,2.40985658,2017.2300
1625646306199000,0,0.49590383,2017.9400
1625646306199000,0,1.50409617,2018.1600
1625646310445000,1,1.40000000,2016.2700
1625646310445000,1,0.37859999,2016.2600
1625646310449000,1,0.31247558,2016.2600
1625646310584000,1,0.37859000,2016.2700
1625646339112000,0,0.49000000,2016.1700
1625646353117000,1,14.57592637,2014.9600
1625646424937000,0,1.32800000,2016.5000
1625646425494000,1,0.22000000,2017.2100
1625646430349000,0,0.01216621,2016.1800
1625646457610000,0,0.01217816,2015.4200
1625646490694000,0,0.01216886,2016.8600
1625646503860000,0,0.04687050,2016.6200
1625646516051000,0,0.02439736,2016.5300
1625646537697000,1,1.40000000,2014.0000
1625646537697000,1,0.50884197,2014.0000
1625646582799000,0,0.17565752,2015.9800
1625646591077000,1,0.18946317,2012.2400
1625646609900000,0,0.50000000,2014.0900
1625646637298000,0,0.02407826,2015.4500
1625646639912000,0,0.02440487,2015.4500
1625646656464000,0,0.14601938,2015.3300
1625646656613000,1,0.04425773,2013.2900
1625646717992000,1,4.80000000,2012.0500
1625646718000000,1,2.78281312,2012.0000
1625646718089000,1,1.01728419,2011.2400
1625646776256000,0,0.04869371,2011.7300
1625646811130000,1,0.10000000,2011.9900
1625646823710000,0,0.02491193,2012.6900
1625646849024000,1,1.00000000,2011.6800
1625646853629000,1,0.05070000,2012.2500
1625646898532000,0,0.02436351,2012.4300
1625646901252000,1,1.40000000,2010.6900
1625646901252000,1,3.81992894,2010.4600
1625646902379000,0,0.04893196,2012.0000
1625646922335000,0,1.40000000,2014.1800
1625646961026000,0,0.23081450,2015.3300
1625647008446000,1,0.05598756,2016.1300
1625647047266000,1,1.25000000,2015.7500
1625647048390000,1,1.86923531,2015.2300
1625647075852000,1,2.74297603,2016.4000
1625647119923000,1,1.73452000,2016.7700
1625647137885000,0,0.54752384,2018.2500
1625647214633000,1,1.40000000,2016.0600
1625647215252000,0,0.29676526,2017.2800
1625647273193000,0,1.24460000,2018.1100
1625647274729000,0,0.07418761,2018.6100
1625647296783000,0,1.40000000,2018.2900
1625647296783000,0,1.08966159,2018.3000
1625647348308000,0,1.88220000,2016.5300
1625647348878000,0,0.23000000,2016.8100
1625647435895000,1,0.10000000,2015.5500
1625647454612000,0,0.01217593,2016.0000
1625647478651000,0,0.01217931,2015.1900
1625647533769000,1,0.02124182,2014.7400
1625647551662000,0,0.02439216,2017.0800
1625647610699000,1,0.03755071,2015.0600
1625647623089000,0,0.01705663,2016.5700
1625647661740000,1,0.11186830,2016.2600
1625647716722000,1,0.01940000,2017.0200
1625647747424000,0,0.07221507,2018.2500
1625647754463000,1,0.04960000,2016.8000
1625647754464000,1,1.15580000,2016.8000
1625647754464000,1,4.00910000,2016.3700
1625647794369000,0,0.01216332,2017.8800
1625647820804000,0,1.35000000,2018.2000
1625647857792000,1,0.02147935,2017.0600
1625647881142000,1,0.05471726,2017.2900
1625647904289000,0,1.00000000,2019.1100
1625647923736000,0,0.16258756,2018.8500
1625647949130000,0,0.01216241,2018.1400
1625648000039000,1,0.05034413,2017.6000
1625648000551000,0,0.04016161,2019.0600
1625648141640000,1,0.03000000,2016.4300
1625648141640000,1,0.03488861,2016.4300
1625648219617000,0,0.12202079,2018.0500
1625648225328000,1,0.60000000,2016.7200
1625648228877000,0,0.24652280,2018.1500
1625648233029000,0,1.51563424,2018.2300
1625648247280000,1,1.00000000,2016.4100
1625648310594000,0,0.01216965,2016.8300
1625648314963000,0,2.34753091,2016.5400
1625648359349000,0,3.14608000,2016.3300
1625648397606000,0,0.04865519,2016.0900
1625648399850000,0,0.09770802,2015.7600
1625648409223000,0,0.45237862,2017.0800
1625648427602000,1,0.26053117,2016.7300
1625648461092000,0,1.90392000,2017.4100
1625648461302000,0,1.23877000,2017.4100
1625648463357000,0,0.00000129,2017.4100
1625648463357000,0,3.14268871,2017.4100
1625648463502000,0,0.00000258,2017.4100
1625648481426000,0,3.14198000,2017.8100
1625648493912000,1,0.04431663,2016.9700
1625648547770000,0,0.04515539,2019.1000
1625648576756000,1,0.01437255,2015.4700
1625648585854000,1,0.12076417,2015.3300
1625648636412000,1,0.20000000,2013.3800
1625648647004000,1,0.10000000,2013.8100
1625648678082000,1,0.30000000,2011.0500
1625648678130000,1,0.29999999,2011.1500
1625648678132000,1,0.29999999,2011.1500
1625648697671000,1,0.14200000,2011.5400
1625648709730000,1,0.01000000,2011.1500
1625648716398000,1,3.02227176,2011.1500
1625648729212000,1,1.92000000,2011.2500
1625648747076000,1,0.27906296,2011.5400
1625648770897000,1,1.00000000,2008.0000
1625648774145000,0,0.04871732,2009.3400
1625648777069000,0,0.15361900,2009.0800
1625648814723000,0,0.20094000,2009.2000
1625648816606000,0,0.00000515,2009.2000
1625648816606000,0,0.24375353,2010.3800
1625648850960000,0,0.36256035,2009.0600
1625648857546000,1,2.10420000,2007.8900
1625648857571000,1,0.00000501,2007.8900
1625648876529000,0,0.07326288,2008.8800
1625648877503000,0,0.01952868,2008.7800
1625648892055000,0,0.19915034,2007.8800
1625649033216000,0,15.00000000,2009.0700
1625649060375000,1,2.10212165,2009.5000
1625649060432000,1,0.00000001,2009.5000
1625649117174000,0,0.01765751,2009.6400
1625649120281000,0,0.04938515,2010.0400
1625649240303000,0,0.04709807,2008.3900
1625649270798000,1,1.54762539,2006.6300
1625649270907000,1,0.55807048,2006.6300
1625649273923000,1,2.19370000,2005.2500
1625649275445000,0,0.15372700,2006.1800
1625649275573000,1,0.01000000,2004.1600
1625649277526000,0,0.88068000,2005.0000
1625649278324000,0,0.05588700,2004.7900
1625649280248000,1,0.00011645,2004.1600
1625649282274000,0,4.50000000,2004.7500
1625649282688000,1,1.17580000,2003.4100
1625649282688000,1,0.47268257,2003.3600
1625649319535000,1,0.93972950,2001.0100
1625649319538000,1,4.24055159,2001.0100
1625649319544000,1,1.01971891,2001.0100
1625649319626000,1,13.01272564,2001.0000
1625649345589000,0,0.04828828,2007.2300
1625649347593000,1,5.50000000,2005.2900
1625649347593000,1,1.30000000,2005.1400
1625649347817000,1,0.49846473,2004.8200
1625649356526000,1,2.46207796,2004.7100
1625649389584000,1,3.05000000,2004.5000
1625649389670000,1,1.28496000,2004.5000
1625649389726000,1,0.00000133,2004.5000
1625649421341000,1,0.20309700,2001.7700
1625649430585000,1,0.01562138,2000.8200
1625649436429000,1,1.40000000,2001.3300
1625649436429000,1,3.39058524,2001.3300
1625649437375000,1,1.84655846,2001.9800
1625649504564000,1,0.03216119,2004.7100
1625649530634000,0,0.01000000,2004.9000
1625649530728000,0,0.49000000,2004.9000
1625649536386000,1,0.13502620,2004.5500
1625649579240000,0,1.00000000,2007.4300
1625649598741000,1,0.40803113,2005.4800
1625649617321000,0,0.49829000,2008.2300
1625649618549000,0,0.00000583,2008.2300
1625649618549000,0,1.69999417,2008.2400
1625649618617000,0,1.46036000,2008.2400
1625649618724000,0,0.00001400,2008.2400
1625649618724000,0,1.24580005,2008.3500
1625649626413000,0,4.21405638,2008.6800
1625649636973000,0,0.00000001,2008.6800
1625649636973000,0,1.95539999,2008.8700
1625649636992000,0,4.03345000,2008.8700
1625649637007000,0,14.62373325,2008.8700
1625649637074000,0,6.35000000,2008.8700
1625649637146000,0,6.91741676,2008.8700
1625649637995000,0,5.26714445,2009.4400
1625649637995000,0,26.17215555,2009.5600
1625649639230000,0,2.48190151,2009.5600
1625649641985000,0,14.62183359,2009.5600
1625649642124000,0,15.41270000,2009.5600
1625649651401000,1,14.98011000,2010.4000
1625649651456000,1,8.40000000,2010.4000
1625649651462000,1,10.87990000,2010.4000
1625649651465000,1,22.00000000,2010.4000
1625649651487000,1,5.46069000,2010.4000
1625649682586000,1,2.10405000,2008.6900
1625649724404000,0,1.08990000,2010.4900
1625649724434000,0,2.35405000,2010.4900
1625649724505000,0,2.60000000,2010.4900
1625649724579000,0,0.27476981,2010.4900
1625649725887000,0,1.60279322,2010.6100
1625649734785000,0,0.00000001,2010.6100
1625649790344000,0,1.20812930,2011.9000
1625649790980000,0,0.01053233,2011.9000
1625649808332000,1,0.09700000,2011.2900
1625649859830000,0,0.95389730,2011.5600
1625649864650000,1,0.04710112,2008.6500
1625649870379000,1,1.40000000,2007.9800
1625649870379000,1,4.36696404,2007.8100
1625649896864000,1,1.00000000,2008.1000
1625649918516000,1,0.05004796,2009.0700
1625649942759000,1,0.01300000,2008.8400
1625649960286000,0,0.14061489,2010.4100
1625650076239000,1,0.10000000,2008.0000
1625650076239000,1,0.00772718,2007.4000
1625650106499000,0,3.15770000,2009.2400
1625650126904000,1,0.01250000,2007.5500
1625650160416000,1,5.48750000,2007.5500
1625650198502000,0,0.02752914,2008.9700
1625650200282000,0,0.00000001,2008.9700
1625650200282000,0,0.01349066,2010.0100
1625650256281000,0,0.02440964,2012.0200
1625650289080000,0,0.12081736,2010.5400
1625650306777000,0,0.98969543,2010.7600
1625650320276000,0,0.11248817,2010.7200
1625650365764000,1,0.15384600,2014.0700
