timestamp ms,type,amount,price
1626134423126000,1,0.46329999,1713.2700
1626134423129000,1,0.00000001,1713.2700
1626134457032000,1,1.00000000,1712.7200
1626134502351000,0,0.34254600,1712.5800
1626134532220000,1,0.00000932,1708.5700
1626134586198000,1,0.34250000,1706.9500
1626134646035000,1,0.20113195,1705.0000
1626134648410000,1,0.00000001,1705.0000
1626134651195000,1,6.19999999,1703.1900
1626134651204000,1,0.00000001,1703.1900
1626134651210000,1,0.55170665,1703.1100
1626134679363000,0,3.00000000,1704.2500
1626134679363000,0,1.93810000,1704.2800
1626134679363000,0,0.83791000,1704.5100
1626134728247000,1,2.50000000,1700.8900
1626134728465000,1,0.05000000,1700.8100
1626134728465000,1,0.31368955,1700.2300
1626134728465000,1,0.34904706,1700.0000
1626134728465000,1,0.30000000,1699.9900
1626134728465000,1,3.00000000,1699.2900
1626134728465000,1,2.94856104,1699.2800
1626134756629000,1,1.40000000,1700.9900
1626134756629000,1,4.82899999,1700.9700
1626134756633000,1,1.37100001,1700.9700
1626134756633000,1,0.03000000,1700.9700
1626134756682000,1,16.29267383,1700.8500
1626134784312000,1,6.20000000,1701.6000
1626134825140000,0,0.11000000,1702.3600
1626134970828000,1,0.32545718,1705.6500
1626134970840000,1,1.07454282,1705.6500
1626134970840000,1,1.60000000,1705.6300
1626134970840000,1,3.54300349,1705.5500
1626134970887000,1,0.50481164,1705.5400
1626134970893000,1,0.08111541,1705.5400
1626134977576000,0,1.40000000,1704.9800
1626135124581000,1,0.30000000,1706.3400
1626135177327000,1,0.05556703,1706.4700
1626135177394000,1,0.02972780,1706.6800
1626135191127000,0,0.03414296,1708.1300
1626135217907000,0,6.20000000,1709.6600
1626135337580000,0,1.29000000,1707.5000
1626135382640000,0,0.08110000,1710.2000
1626135384449000,0,0.05850000,1710.7000
1626135391934000,1,0.58476990,1708.5800
1626135477237000,1,0.02238439,1705.5900
1626135498627000,1,0.00000001,1705.5900
1626135688209000,1,0.15790505,1699.3900
1626135688209000,1,2.32162776,1699.3900
1626135850542000,0,0.05550000,1704.7700
1626135996526000,1,0.09900252,1704.8100
1626136001738000,0,0.16827506,1706.4000
1626136095304000,0,0.04825686,1709.1500
1626136113229000,0,0.01289563,1707.7600
1626136134732000,1,0.05557490,1707.0000
1626136136975000,1,0.11500000,1707.0000
1626136202144000,0,2.46990523,1706.6400
1626136265931000,1,1.40000000,1706.9400
1626136265931000,1,2.46753985,1706.9400
1626136265931000,1,8.98012698,1706.9300
1626136265931000,1,21.96000000,1706.9200
1626136265931000,1,0.58535085,1706.8500
1626136265931000,1,1.74019748,1706.6800
1626136265931000,1,2.10000000,1706.6500
1626136265931000,1,19.84200000,1706.6400
1626136265931000,1,0.58540666,1706.5800
1626136265931000,1,3.70210222,1706.3800
1626136265931000,1,3.80541949,1706.3500
1626136271162000,0,1.26893654,1708.3300
1626136271181000,0,0.13106346,1708.3300
1626136271779000,0,6.00000000,1708.7000
1626136271841000,0,0.11000000,1708.9300
1626136271841000,0,0.55391302,1708.9400
1626136283641000,1,1.40000000,1708.7900
1626136283641000,1,2.00000000,1708.7800
1626136283641000,1,7.27350000,1708.7700
1626136283758000,1,2.00008832,1708.7700
1626136283758000,1,3.79871168,1708.7600
1626136286693000,1,3.89440000,1709.5300
1626136292929000,0,6.20000000,1710.6900
1626136299223000,0,6.20000000,1711.2400
1626136300364000,1,21.02600000,1710.4400
1626136300375000,1,15.68380000,1709.8100
1626136300667000,1,0.58421000,1710.4500
1626136310133000,0,1.40000000,1712.6500
1626136312367000,0,1.58195827,1712.8200
1626136316663000,1,0.58358230,1711.5900
1626136316663000,1,0.58362221,1711.5700
1626136316663000,1,15.15189625,1711.5500
1626136316757000,1,1.57285514,1711.5500
1626136328973000,1,0.58399712,1709.1100
1626136328975000,1,0.00000001,1709.1100
1626136378442000,1,0.14829003,1712.2200
1626136440414000,1,0.58307772,1713.7900
1626136440445000,1,0.00000001,1713.7900
1626136440445000,1,2.45776311,1713.7500
1626136503381000,1,0.58237000,1715.7800
1626136593305000,0,2.45376398,1718.6700
1626136593305000,0,0.55391302,1718.9500
1626136608110000,0,0.10000000,1720.0700
1626136624248000,0,0.03961506,1721.7400
1626136737416000,1,0.10000784,1716.2800
1626136845003000,1,8.87054000,1714.2300
1626137071121000,1,0.09818771,1714.8800
1626137078109000,0,0.67717599,1716.5700
1626137192054000,1,0.24578687,1715.7300
1626137204737000,0,0.36699999,1716.8100
1626137209775000,0,0.00000001,1716.8100
1626137250336000,1,0.58241000,1715.7100
1626137412601000,1,0.58316000,1713.3100
1626137412696000,1,0.00000029,1713.3100
1626137494084000,1,0.15000000,1712.5700
1626137536853000,1,0.01999999,1712.2200
1626137545487000,1,0.00000001,1712.2200
1626137642798000,0,0.16643600,1710.0100
1626137785868000,0,5.99999999,1711.0300
1626137795142000,1,0.04000000,1710.4100
1626137840095000,0,5.40000000,1711.2300
1626138139595000,1,0.58426000,1709.7100
1626138142145000,1,0.00000328,1709.7100
1626138142145000,1,0.58406672,1709.3600
1626138142364000,1,0.00000545,1709.3600
1626138258366000,1,0.04378054,1708.1800
1626138276184000,1,1.40000000,1707.1300
1626138276224000,1,0.58533127,1706.9500
1626138276295000,1,1.46335753,1706.8100
1626138276295000,1,0.15656507,1706.8000
1626138360261000,0,0.02318216,1708.3400
1626138366346000,0,0.03373011,1708.4400
1626138469690000,0,5.49999999,1709.1200
1626138518912000,1,0.49326065,1707.5500
1626138720251000,0,0.01741088,1704.4200
1626138844321000,1,0.16464291,1702.8900
1626138846334000,0,0.10000000,1704.2700
1626139112263000,1,0.49509272,1704.2000
1626139112263000,1,1.97792756,1704.2000
1626139129872000,0,0.80396106,1704.9100
1626139129874000,0,2.81379690,1704.9100
1626139129875000,0,0.79088852,1704.9100
1626139129875000,0,0.51935632,1704.9100
1626139129876000,0,0.71898956,1704.9100
1626139129876000,0,1.35300764,1704.9100
1626139178372000,0,0.05860943,1706.2100
1626139241784000,1,0.07421931,1704.3900
1626139272697000,1,0.49440735,1704.3500
1626139303990000,0,0.10000000,1705.3500
1626139433263000,1,0.58679348,1702.2500
1626139433263000,1,0.21320652,1702.2400
1626139434419000,1,0.11000000,1702.1100
1626139450351000,1,0.20600000,1701.2700
1626139450377000,1,0.05890000,1701.2700
1626139458019000,1,0.58718627,1700.8900
1626139458019000,1,0.66346638,1700.8400
1626139458020000,1,0.74054735,1700.8400
1626139458107000,1,0.58718627,1700.8400
1626139458116000,1,1.46798041,1700.4900
1626139458116000,1,3.08385845,1700.4300
1626139458117000,1,0.76020477,1700.4300
1626139458119000,1,0.76020477,1700.4300
1626139458120000,1,0.86506061,1700.4300
1626139458121000,1,2.27300004,1700.4300
1626139458122000,1,0.77986524,1700.4300
1626139458123000,1,2.22818640,1700.4300
1626139458124000,1,2.47066551,1700.4300
1626139458126000,1,0.72743733,1700.4300
1626139458257000,1,0.58718626,1700.8500
1626139458334000,1,0.00000001,1700.8500
1626139529589000,0,0.21483045,1704.6000
1626139549028000,1,0.58709000,1702.2700
1626139584041000,0,7.09999999,1702.3600
1626139625216000,1,0.58688989,1702.7900
1626139625357000,1,0.00000001,1702.7900
1626139668115000,1,0.58675000,1703.2200
1626139718567000,0,2.10903340,1701.4200
1626139718822000,0,4.69096660,1701.4200
1626139889196000,0,0.11000000,1705.8700
1626139934748000,0,0.04000000,1706.1100
1626139980580000,1,0.58516588,1707.4800
1626139980580000,1,1.88293412,1707.4500
1626140096375000,0,5.09999999,1709.0300
1626140118565000,1,0.58471000,1708.6900
1626140118596000,1,0.00000423,1708.6900
1626140391916000,1,0.58416000,1710.5300
1626140509977000,1,0.58390000,1711.5400
1626140775500000,1,0.58432000,1709.9400
1626140895732000,1,0.58426000,1710.2100
1626140952169000,1,0.05922128,1710.5800
1626140997450000,1,0.05001364,1712.1300
1626141014354000,1,0.58347000,1712.6400
1626141108967000,0,4.90000000,1713.9400
1626141333316000,1,0.49211137,1711.3500
1626141483102000,0,6.18261876,1710.3600
1626141483143000,0,0.65776824,1710.3600
1626141483222000,0,0.15961300,1710.3600
1626141536997000,0,0.22892330,1710.6400
1626141537504000,0,0.01720037,1710.6400
1626141693516000,0,0.01727424,1713.2000
1626141847840000,1,0.58496000,1708.2500
1626142014901000,0,0.18905412,1707.6700
1626142042586000,1,0.12107979,1706.7600
1626142084787000,1,0.58483000,1708.5400
1626142145842000,1,6.20000000,1706.8600
1626142145842000,1,0.58544093,1706.6900
1626142145842000,1,0.93591105,1706.6900
1626142354864000,0,0.59000000,1707.8800
1626142357731000,1,0.49339210,1706.6900
1626142547871000,1,0.58505632,1707.7900
1626142548193000,1,0.58504263,1707.2600
1626142789331000,1,0.49341407,1710.7700
1626142795023000,1,0.58401000,1710.7300
1626142896000000,1,0.58332000,1712.7800
1626142939538000,1,0.58328179,1712.5400
1626142953561000,1,0.58361000,1712.0300
1626143010709000,1,0.58373000,1711.4800
1626143012689000,1,0.58394939,1711.0100
1626143012689000,1,0.87575061,1710.9900
1626143402624000,1,0.05909695,1709.6900
1626143520293000,0,0.02087453,1711.9800
1626143544628000,1,0.01171661,1709.5200
1626143608188000,0,0.01500000,1708.7300
1626143715454000,1,0.58409000,1710.5600
1626143735069000,1,0.06896374,1710.4000
1626143754060000,1,0.01500000,1710.9900
1626143785504000,0,0.07825629,1712.4200
1626143785597000,0,0.09712606,1712.4200
1626143785683000,0,0.05931730,1712.4200
1626143893212000,1,0.58343000,1712.5800
1626144000373000,0,2.45985176,1713.7000
1626144018024000,0,2.40220595,1714.0800
1626144067591000,0,3.00000000,1714.4100
1626144149751000,0,0.02099539,1714.5000
1626144180797000,0,1.00092137,1714.8300
1626144484365000,1,0.58336000,1712.8700
1626144485400000,1,0.58353000,1712.3900
1626144536683000,0,0.05088631,1712.5300
1626144677260000,1,0.58337000,1712.4700
1626144786068000,1,0.58313000,1712.8800
1626144840616000,1,0.10197000,1712.8600
1626144992680000,1,0.09336000,1711.0400
1626145012365000,1,0.58408000,1710.5400
1626145071207000,0,2.46268332,1710.7000
1626145079175000,1,0.58414000,1710.1500
1626145080692000,1,0.58414000,1709.6600
1626145085708000,1,0.58479630,1708.2200
1626145086377000,1,0.58479000,1707.9900
1626145086725000,1,0.00000630,1707.9900
1626145086725000,1,0.58413370,1707.6700
1626145283870000,1,1.40000000,1709.2200
1626145283870000,1,0.10572154,1709.2100
1626145366874000,0,0.67581842,1709.3100
1626145525399000,0,0.37725614,1711.4200
1626145598392000,0,1.40000000,1711.9400
1626145770682000,0,0.47920000,1713.2400
1626145770686000,0,0.05840000,1713.2400
1626145834185000,0,0.01737899,1713.8400
1626145921191000,1,0.58324000,1713.3100
1626145921441000,1,4.45000000,1713.3000
1626145921501000,1,4.90000000,1713.3000
1626145921564000,1,0.36600000,1713.3000
1626146121416000,0,1.65108145,1716.1500
1626146172703000,0,2.45438811,1716.5700
1626146283584000,1,0.58203412,1716.5800
1626146341746000,0,2.45429895,1716.7100
1626146380174000,1,0.58234296,1715.6500
1626146380205000,1,0.00000001,1715.6500
1626146546927000,1,0.58324643,1713.2400
1626146740114000,1,2.00500000,1712.8700
1626146899853000,1,8.85000000,1713.8900
1626146964016000,0,0.28696664,1715.7700
1626147125451000,0,0.65180000,1713.4700
1626147125451000,0,1.09018618,1713.6800
1626147877310000,1,3.36789000,1713.2000
1626147885065000,1,0.00000633,1713.2000
1626148167822000,0,3.30000000,1712.3100
1626148256562000,0,0.05724274,1712.7600
1626148316561000,0,0.01717044,1711.6300
1626148400009000,0,0.05808963,1712.8700
1626148440258000,0,0.06009268,1714.3700
1626148686868000,0,0.02905245,1712.4200
1626149002352000,1,0.09841120,1709.6300
1626149005676000,0,0.09000789,1711.1000
1626149384193000,0,0.19089393,1713.4400
1626149384283000,0,0.04999647,1713.4400
1626149395177000,0,0.11883985,1713.2300
1626149473187000,0,0.10000000,1713.8000
1626149636492000,0,0.10000000,1714.0600
1626149636991000,1,0.11000000,1712.6600
1626149637533000,1,0.58376531,1711.5300
1626149638004000,1,0.58376531,1708.8800
1626149638004000,1,0.59891525,1708.8800
1626149682283000,1,6.20000000,1710.7200
1626149682283000,1,4.45889346,1710.5400
1626149748781000,1,2.00010000,1709.5000
1626149807190000,1,1.05000000,1708.9400
1626149927052000,0,0.01739402,1711.1200
1626150118110000,0,0.10018464,1712.3500
1626150176790000,0,0.14304895,1711.6900
1626150267997000,1,0.36362000,1707.9900
1626150268008000,1,0.00000785,1707.9900
1626150385184000,1,0.18214494,1708.6800
1626150427786000,0,2.46497542,1709.8600
1626150427786000,0,0.10306134,1710.1200
1626150703302000,0,0.11638583,1709.8300
1626150717759000,0,0.85991379,1710.1600
1626150720270000,0,0.14669993,1709.9600
1626150807349000,1,0.02900410,1707.0000
1626150826585000,0,0.01743659,1708.1300
1626150847113000,0,1.00000000,1707.5000
1626150896688000,0,2.00000000,1708.7900
1626150964228000,0,0.10000001,1708.6600
1626151068898000,0,0.05000001,1708.1200
1626151297336000,0,5.00000000,1709.1100
1626151323614000,0,0.01945662,1709.9500
1626151438014000,0,1.57255978,1708.9000
1626151438190000,0,0.28621878,1708.9000
1626151444659000,1,0.28290000,1707.5000
1626151444659000,1,3.71650000,1707.4900
1626151498366000,0,0.17469012,1708.7400
1626151516048000,0,0.01164164,1709.3800
1626151556585000,1,0.16000000,1707.3900
1626151577225000,1,2.46729000,1707.8100
1626151670853000,0,2.83868595,1711.2800
1626151748840000,1,2.46385000,1710.3000
1626151941273000,1,0.58520011,1707.6600
1626151941280000,1,0.00000001,1707.6600
1626151947880000,0,0.02032049,1707.0600
1626152020385000,0,1.20175032,1707.1100
1626152035235000,1,0.09793487,1704.8300
1626152053493000,0,1.40000000,1706.4800
1626152053493000,0,1.51460842,1706.4900
1626152149673000,1,1.30210000,1706.9600
1626152160244000,0,0.06783853,1707.9600
1626152170088000,0,0.02034986,1707.7300
1626152237846000,0,6.20000000,1707.2900
1626152237846000,0,0.14990193,1707.5300
1626152277431000,0,0.17218414,1707.5900
1626152280290000,0,0.02877303,1707.5800
1626152386452000,0,0.11079983,1706.2300
1626152391795000,0,0.23090000,1706.3500
1626152399263000,0,0.08523898,1706.4300
1626152510257000,0,1.19733001,1706.4700
1626152510755000,0,2.50895781,1706.4700
1626152516645000,0,0.01723030,1706.3500
1626152523171000,1,2.47113296,1705.4600
1626152625450000,1,0.60000000,1703.9400
1626152640229000,0,0.11902645,1704.8800
1626152642909000,0,0.01920123,1704.7300
1626152691185000,1,0.58679848,1702.9600
1626152936581000,1,0.18000000,1700.5000
1626152936581000,1,0.28142532,1700.4500
1626152936581000,1,0.00000001,1700.4500
1626152936898000,1,0.02220000,1700.0000
1626152936898000,1,1.00000000,1700.0000
1626152937570000,1,2.00000000,1699.1800
1626152938349000,1,2.31660015,1699.1800
1626152938353000,1,1.88339985,1699.1800
1626152949705000,1,6.20000000,1698.8200
1626152950043000,1,0.58832447,1698.3700
1626152950044000,1,0.00000001,1698.3700
1626152950045000,1,0.55367617,1698.1800
1626152950067000,1,1.47083049,1697.9800
1626153035755000,1,0.58881333,1696.3900
1626153035755000,1,1.25658667,1696.3800
1626153035875000,1,0.85881098,1696.0600
1626153035947000,1,0.61323198,1696.0600
1626153035971000,1,0.35470153,1695.7000
1626153036043000,1,1.49069847,1695.7000
1626153036197000,1,0.04677652,1695.4500
1626153036208000,1,0.00000001,1695.4500
1626153036267000,1,0.58881333,1695.0600
1626153036267000,1,1.47204296,1695.0600
1626153043761000,1,2.54996238,1693.7700
1626153049378000,1,4.70221000,1694.6600
1626153051291000,1,4.62293381,1693.9700
1626153055318000,1,6.20000000,1694.2600
1626153087136000,0,0.01741913,1695.8700
1626153157661000,0,0.02884126,1694.8800
1626153174023000,1,0.56234129,1693.1400
1626153200176000,1,0.01713596,1692.4500
1626153218037000,0,0.14685653,1693.8300
1626153225344000,1,0.59059176,1691.3400
1626153225674000,1,0.59059176,1691.2200
1626153225674000,1,1.47689545,1691.1700
1626153225800000,1,2.61646334,1691.1200
1626153225934000,1,2.20000000,1691.1200
1626153225958000,1,10.19900000,1691.1200
1626153225996000,1,8.80405724,1691.1200
1626153226069000,1,0.01182657,1691.1100
1626153226307000,1,0.59059176,1690.2500
1626153226307000,1,1.00000000,1690.2400
1626153226307000,1,0.04200000,1690.0000
1626153226307000,1,0.10000000,1690.0000
1626153226307000,1,0.02400000,1690.0000
1626153228712000,1,1.00000000,1689.4700
1626153230938000,0,2.11449999,1690.5600
1626153230940000,0,0.00000001,1690.5600
1626153231001000,0,3.74166680,1690.6600
1626153231058000,0,2.35926282,1690.6600
1626153240222000,0,0.01986673,1691.3600
1626153248870000,0,1.96382947,1692.1000
1626153249127000,0,5.98440927,1692.1000
1626153249132000,0,10.38793445,1692.1000
1626153249136000,0,1.38582681,1692.1000
1626153291965000,1,0.09481133,1692.0900
1626153307657000,1,0.82399999,1691.0300
1626153307666000,1,0.00000001,1691.0300
1626153325215000,1,4.99999999,1689.1000
1626153325262000,1,0.00000001,1689.1000
1626153325654000,1,0.05000000,1688.0000
1626153325654000,1,0.10000000,1688.0000
1626153326227000,1,4.00000000,1687.6100
1626153327432000,1,0.58800000,1685.6800
1626153328695000,1,1.40000000,1685.1000
1626153328695000,1,6.20000000,1685.0900
1626153328695000,1,0.04300000,1685.0000
1626153328695000,1,0.55446884,1685.0000
1626153328695000,1,0.55776629,1684.9800
1626153328695000,1,1.44376487,1684.3700
1626153329145000,1,0.94126485,1683.8300
1626153329145000,1,0.02067756,1683.4900
1626153329152000,1,0.00000001,1683.4900
1626153329662000,0,0.55776630,1684.1600
1626153330512000,1,0.87980000,1682.6200
1626153330512000,1,0.59331796,1682.6100
1626153330772000,1,1.04275566,1682.6900
1626153331171000,1,5.15724434,1682.6900
1626153331738000,1,5.87497375,1682.8900
1626153331746000,1,0.32502625,1682.8900
1626153331994000,1,0.59407227,1682.0100
1626153331994000,1,0.02033022,1682.0000
1626153331999000,1,0.00000001,1682.0000
1626153332296000,1,1.48489000,1681.6600
1626153332441000,1,0.59407227,1681.5700
1626153333475000,1,0.55776000,1681.6200
1626153333961000,1,1.35000000,1681.1600
1626153334042000,1,1.00000000,1681.0800
1626153334134000,0,1.40000000,1681.7400
1626153337186000,0,1.03008406,1685.6100
1626153340782000,1,0.11000000,1683.3100
1626153355792000,1,2.50210000,1684.2600
1626153370485000,1,1.00000000,1684.0100
1626153396926000,1,0.25000000,1680.0000
1626153396926000,1,0.02591210,1680.0000
1626153396926000,1,0.14367261,1680.0000
1626153396926000,1,0.02580000,1680.0000
1626153396926000,1,0.04400000,1680.0000
1626153396926000,1,0.50000000,1680.0000
1626153396926000,1,0.41061529,1680.0000
1626153396999000,1,0.89114661,1680.0000
1626153396999000,1,0.10000000,1680.0000
1626153396999000,1,0.02500000,1680.0000
1626153396999000,1,0.19073339,1680.0000
1626153397579000,1,0.08638838,1680.0000
1626153397616000,1,1.72287823,1680.0000
1626153397616000,1,0.35536904,1680.0000
1626153397616000,1,0.35000000,1680.0000
1626153397616000,1,0.85688392,1680.0000
1626153397616000,1,5.30435390,1679.0400
1626153400504000,1,0.28499999,1679.4800
1626153402767000,1,0.58399999,1678.0000
1626153402903000,1,0.00000001,1678.0000
1626153403449000,1,0.50000000,1677.0000
1626153403449000,1,0.11124626,1677.0000
1626153403509000,1,0.00000001,1677.0000
1626153403552000,0,0.05697413,1678.1300
1626153404214000,1,0.19778760,1676.0000
1626153404594000,0,0.11000000,1677.8400
1626153408162000,0,1.29000000,1679.3900
1626153408198000,0,0.11000000,1679.3800
1626153409095000,1,2.51130482,1676.7900
1626153415649000,1,1.40000000,1676.4500
1626153415649000,1,3.97528135,1676.4400
1626153435170000,0,1.40000000,1680.2100
1626153435170000,0,1.95400578,1680.9800
1626153435170000,0,0.64851151,1680.9900
1626153442098000,1,1.23541171,1678.8900
1626153454090000,1,2.28923200,1679.3200
1626153454119000,1,0.22049815,1679.3200
1626153464404000,1,2.51047559,1678.4700
1626153464404000,1,3.76530739,1678.3900
1626153465273000,1,0.10000000,1677.9700
1626153465279000,1,0.00096934,1677.9700
1626153504792000,1,0.26761342,1679.4500
1626153544142000,1,0.03285209,1677.9700
1626153554255000,0,0.55776630,1677.0000
1626153554257000,0,3.00000000,1677.1000
1626153583603000,0,0.01774754,1678.3200
1626153597439000,0,3.35000000,1678.7300
1626153602514000,0,0.24980000,1679.8600
1626153602514000,0,5.02000000,1679.8700
1626153602514000,0,6.20000000,1679.8700
1626153602514000,0,2.51706870,1679.9500
1626153657382000,0,0.08700651,1681.0500
1626153672429000,0,0.07804014,1682.2900
1626153680097000,0,0.01770965,1682.7300
1626153730150000,0,0.29550368,1683.6000
1626153735475000,0,0.33775750,1683.9300
1626153750712000,0,0.01768367,1683.4700
1626153779794000,0,0.01606845,1683.3100
1626153836306000,0,0.09901573,1682.5000
1626153840249000,0,0.16048225,1682.5200
1626153934166000,1,0.01204327,1678.9100
1626153934264000,1,0.06022834,1678.9200
1626153950170000,0,0.01500000,1682.1100
1626153960259000,0,0.12352501,1682.0900
1626154064496000,1,2.51312353,1676.9900
1626154074915000,1,2.51404285,1676.2100
1626154074921000,1,0.00000001,1676.2100
1626154077645000,1,0.04999999,1676.1300
1626154083598000,1,0.00000001,1676.1300
1626154083598000,1,0.33482199,1675.5300
1626154083808000,1,0.21731971,1675.6100
1626154083963000,1,5.98268029,1675.6100
1626154083963000,1,2.01731971,1675.3900
1626154086254000,1,0.05339710,1675.2700
1626154086255000,1,0.00000001,1675.2700
1626154086262000,1,0.03000000,1675.0000
1626154086262000,1,0.04500000,1675.0000
1626154086262000,1,1.00000000,1675.0000
1626154086262000,1,0.23300000,1675.0000
1626154087332000,1,0.19053306,1674.0000
1626154087812000,1,0.10000000,1673.4500
1626154088120000,1,0.00555817,1673.4500
1626154088120000,1,0.99444183,1672.7300
1626154089465000,0,0.03550292,1674.3200
1626154182017000,1,2.51412972,1676.0400
1626154182017000,1,3.77109047,1676.0000
1626154182017000,1,0.59639652,1675.6500
1626154182017000,1,1.11838329,1675.6400
1626154200550000,0,0.06716698,1676.8800
1626154223677000,0,0.02071366,1679.1500
1626154235596000,0,6.20000000,1678.8700
1626154262965000,1,2.51083019,1678.0100
1626154316208000,0,0.05834924,1675.6300
1626154343322000,0,0.02970220,1674.9600
1626154347097000,0,0.01484687,1675.1000
1626154398525000,1,0.00555817,1672.7300
1626154403265000,0,0.05868210,1672.9100
1626154508390000,1,0.04600000,1670.0000
1626154508390000,1,1.00000000,1670.0000
1626154508390000,1,0.15000000,1670.0000
1626154508390000,1,1.19474250,1670.0000
1626154508390000,1,0.00000001,1670.0000
1626154509223000,1,0.14000000,1669.0000
1626154509531000,1,0.20817097,1667.8700
1626154511973000,1,0.40198548,1667.8700
1626154511997000,1,0.04877568,1667.8700
1626154515966000,1,0.12553442,1668.6800
1626154561857000,0,0.01779302,1674.6400
1626154575432000,0,6.20000000,1676.1100
1626154585516000,0,6.19999999,1677.2800
1626154643571000,1,2.64499999,1675.9700
1626154649787000,1,0.00000001,1675.9700
1626154671390000,0,5.80000000,1675.5800
1626154676753000,0,0.02860839,1675.9300
1626154702402000,0,0.11000000,1674.3800
1626154721054000,0,6.20000000,1673.7800
1626154721072000,0,0.56313574,1674.1500
1626154744827000,0,0.34032468,1673.0200
1626154788031000,0,6.19999999,1673.9200
1626154793416000,0,0.05312854,1674.2900
1626154800274000,0,0.03542459,1674.7800
1626154817248000,0,0.61464031,1676.3300
1626154860951000,0,0.02000000,1676.3800
1626154881866000,0,0.01187641,1675.5900
1626154887762000,0,0.01776459,1675.2700
1626154913335000,0,0.03815668,1673.1800
1626154956210000,0,0.02000000,1670.1300
1626154978329000,0,0.29320282,1671.6000
1626154981736000,0,0.32670774,1671.8000
1626155006313000,1,6.03377933,1671.6300
1626155026094000,1,8.11404672,1673.0000
1626155026391000,1,3.59349220,1673.0000
1626155026450000,1,3.24725304,1673.0000
1626155026537000,1,0.43469374,1673.0000
1626155026601000,1,12.19251430,1673.0000
1626155026601000,1,4.32555149,1672.9900
1626155026670000,1,12.57655021,1672.9900
1626155026759000,1,0.07089830,1672.9900
1626155042525000,0,1.18958210,1672.8900
1626155078949000,0,6.20000000,1672.2800
1626155078949000,0,6.20000000,1672.3700
1626155078949000,0,3.00000000,1672.4500
1626155078949000,0,1.13576338,1672.4600
1626155078954000,0,1.38605971,1672.4600
1626155079689000,1,0.01813912,1670.6900
1626155114404000,0,0.01779495,1675.0000
1626155233140000,0,0.01791628,1672.7400
1626155298353000,0,0.01915293,1674.5400
1626155320925000,1,0.01837111,1673.3400
1626155331233000,1,0.01818428,1672.7200
1626155352968000,1,0.77850267,1671.7000
1626155352970000,1,0.56179733,1671.7000
1626155400260000,0,0.06550411,1670.6600
1626155440422000,0,0.02977116,1671.0800
1626155442103000,0,9.54822884,1671.0800
1626155459897000,0,0.08917954,1673.5900
1626155472740000,1,2.51862702,1673.3200
1626155472784000,1,0.00000001,1673.3200
1626155515934000,0,0.02969741,1675.2300
1626155532213000,0,0.03000000,1675.0100
1626155576420000,0,0.02029949,1673.7600
1626155636378000,1,0.56514899,1669.9300
1626155640280000,0,0.14841871,1670.8900
1626155657795000,0,2.04340000,1670.0000
1626155666401000,1,2.52269596,1669.6900
1626155666401000,1,2.03630000,1669.4600
1626155666401000,1,8.48685068,1669.3900
1626155672557000,0,0.01500000,1669.9200
1626155716003000,1,0.12850095,1668.3000
1626155751111000,0,1.18857519,1669.9700
1626155760282000,0,0.02961571,1669.8300
1626155777494000,0,0.29946920,1671.0900
1626155801307000,0,0.60475105,1671.5500
1626155809717000,0,0.01781759,1670.0400
1626155812986000,0,1.14090000,1670.5100
1626155813044000,0,3.90710000,1670.5100
1626155860472000,1,0.32950000,1671.4000
1626155860472000,1,0.85912550,1671.3800
1626155930994000,1,0.10000000,1672.7000
1626155937628000,0,0.11716455,1673.8300
1626155938623000,0,1.00000000,1673.7400
1626155961644000,1,0.07510200,1672.1400
1626155976009000,1,0.92490000,1671.2500
1626155989744000,0,0.29749511,1672.3300
1626155992926000,1,0.10314000,1670.4200
1626155996169000,0,0.58592328,1672.0400
1626156011784000,1,1.40000000,1670.7800
1626156011784000,1,5.19692282,1670.7700
1626156013335000,0,1.40000000,1672.8200
1626156015289000,0,0.25000000,1672.0000
1626156028899000,1,0.02503400,1671.6000
1626156056455000,0,0.04689940,1673.8900
1626156067875000,1,0.15000000,1672.7500
1626156075839000,0,0.05880269,1674.7200
1626156120324000,0,0.17835305,1678.0200
1626156125030000,0,0.02964839,1678.0000
1626156139136000,0,0.01482805,1677.9000
1626156146928000,0,2.00000000,1677.3200
1626156188925000,0,0.11726945,1677.2400
1626156209253000,1,0.03149018,1675.0300
1626156209253000,1,0.96850982,1674.5800
1626156219608000,0,0.01463660,1676.4500
1626156236561000,0,0.01694965,1676.3000
1626156240284000,0,0.09243494,1676.3100
1626156276834000,0,1.37310611,1677.1100
1626156295077000,0,0.01219927,1677.1100
1626156296409000,0,0.01754582,1677.1100
1626156302269000,0,0.02932830,1677.3100
1626156352620000,0,0.02932253,1677.6200
1626156356286000,1,0.02561742,1676.0800
1626156359418000,1,0.02000000,1676.3200
1626156399811000,0,2.00000000,1680.0000
1626156414495000,0,2.51137215,1679.3700
1626156420907000,0,0.01461168,1679.7600
1626156447320000,0,1.18785483,1680.3400
1626156476530000,1,2.00000000,1678.2500
1626156480478000,0,0.25714332,1679.9800
1626156513741000,0,0.05917863,1681.3500
1626156536496000,0,0.29175994,1681.7600
1626156537481000,0,0.01749281,1681.7600
1626156567822000,1,0.69640000,1680.4200
1626156645905000,1,0.09875339,1680.1700
1626156655976000,1,2.50782571,1680.0600
1626156655976000,1,0.03147619,1680.0000
1626156655976000,1,0.50000000,1680.0000
1626156655976000,1,3.76154039,1679.9200
1626156656581000,1,0.14624764,1679.5300
1626156667164000,0,5.90244904,1681.5400
1626156672986000,1,6.01968553,1680.2900
1626156672991000,1,0.18031447,1680.2900
1626156672991000,1,2.50733366,1680.1200
1626156672991000,1,3.00000000,1679.9700
1626156672991000,1,3.76082505,1679.9600
1626156672991000,1,0.59471529,1679.9200
1626156672991000,1,1.48708614,1679.6800
1626156672991000,1,4.96543290,1679.5900
1626156684980000,0,0.01649866,1679.7800
1626156716611000,0,0.22924319,1678.6700
1626156757830000,0,2.51290288,1677.7400
1626156757830000,0,3.77027035,1677.7600
1626156772854000,0,1.00000000,1678.4400
1626156776049000,0,1.40000000,1678.4300
1626156776246000,0,0.01751892,1678.8600
1626156784796000,1,0.07200000,1677.2800
1626156834334000,1,0.02859545,1676.8400
1626156840307000,0,0.01766998,1677.6000
1626156900937000,0,0.17756012,1678.5300
1626156916403000,0,0.22407116,1678.4400
1626156955797000,0,0.28491267,1679.0500
1626156960284000,0,0.58980904,1678.8000
1626156995280000,0,0.01760186,1679.0200
1626157016812000,0,0.05785381,1678.4100
1626157076304000,1,0.14000000,1678.8200
1626157080304000,0,0.04126400,1680.1600
1626157091841000,0,0.01772240,1680.0300
1626157097897000,0,3.52716176,1680.0300
1626157099060000,0,0.10000000,1680.0300
1626157099183000,0,0.26706228,1680.0300
1626157099193000,0,7.43192791,1680.0300
1626157110132000,0,3.81245644,1681.5100
1626157130548000,1,0.03020445,1681.5100
1626157200255000,0,0.56243294,1683.9800
1626157218928000,0,0.02500000,1682.4900
1626157253983000,0,0.14715480,1682.3100
1626157300761000,1,0.01500000,1682.3100
1626157301353000,0,0.05035338,1682.2700
1626157313395000,1,0.01300000,1681.6700
1626157330647000,0,0.04501130,1681.3300
1626157336036000,0,2.46314319,1681.3300
1626157336256000,0,0.00000001,1681.3300
1626157336664000,0,0.42569323,1681.4500
1626157339182000,0,0.36792900,1681.3300
1626157346462000,0,2.50925461,1680.7100
1626157346462000,0,0.36672396,1680.8700
1626157352566000,0,0.17911700,1680.4100
1626157370495000,0,0.05906590,1680.4100
1626157377418000,0,2.27200578,1680.4100
1626157377418000,0,3.76496615,1680.5300
1626157393778000,0,0.01771801,1680.4400
1626157418251000,0,0.73985735,1681.4500
1626157426851000,0,0.12539610,1681.0900
1626157437793000,0,0.32829240,1681.5600
1626157440284000,0,0.33124027,1681.5600
1626157440773000,0,0.11915892,1681.5600
1626157461628000,0,0.14788677,1682.0300
1626157461786000,0,1.01372001,1682.0300
1626157478302000,0,0.32419754,1682.0700
1626157480284000,0,2.18293135,1682.0700
1626157480284000,0,3.76111360,1682.0800
1626157480820000,0,0.15931534,1682.0700
1626157493330000,0,0.06228167,1681.8700
1626157502272000,0,0.01770298,1682.5000
1626157509373000,0,0.99919166,1682.5000
1626157517534000,0,0.05899253,1682.5000
1626157522268000,0,0.02212220,1682.5000
1626157538473000,0,2.50858683,1681.3000
1626157547516000,0,0.26306025,1681.8200
1626157547554000,0,0.03541657,1681.8200
1626157551930000,0,2.20917069,1681.8200
1626157555601000,0,0.02950801,1681.8200
1626157585015000,0,0.02951644,1681.3500
1626157597569000,0,2.36131543,1681.8000
1626157601229000,0,0.01770985,1681.8700
1626157603954000,0,0.03930088,1681.4900
1626157605958000,0,0.10296931,1681.4900
1626157607268000,0,0.90615478,1681.4900
1626157609486000,0,0.30012396,1681.4900
1626157609610000,1,0.15000000,1680.9100
1626157616380000,0,0.11600150,1681.0300
1626157640533000,0,0.02361490,1680.7700
1626157657539000,0,0.40000000,1680.3200
1626157666152000,0,0.02953453,1680.5400
1626157667213000,0,0.06084114,1680.9300
1626157672047000,0,0.76285187,1681.0100
1626157677423000,0,0.17718401,1681.0100
1626157682050000,0,0.15338001,1681.8300
1626157683499000,1,0.11686908,1680.9000
1626157685046000,0,0.29653580,1682.0800
1626157692578000,1,0.57540000,1680.9600
1626157698432000,0,0.01770954,1682.2500
1626157711112000,0,0.12806709,1681.5800
1626157736436000,0,0.08750116,1682.4300
1626157737109000,0,0.39791860,1682.5100
1626157740606000,0,0.05771727,1681.8300
1626157750149000,0,2.45080128,1681.8300
1626157758844000,0,2.50813145,1681.7500
1626157758844000,0,0.22476759,1681.8400
1626157768639000,0,0.19620261,1682.1000
1626157776166000,0,0.23849321,1682.3000
1626157788171000,0,0.12497999,1682.2400
1626157796179000,0,0.61816879,1681.7700
1626157796677000,0,0.05828912,1681.7700
1626157797362000,0,1.83214781,1681.7700
1626157798669000,0,0.01689788,1682.3300
1626157800357000,0,0.07909309,1682.5000
1626157800923000,0,0.12980538,1683.2500
1626157816880000,0,4.85527103,1684.2400
1626157820729000,0,1.09047156,1683.9900
1626157823682000,0,0.02946824,1684.0100
1626157825263000,0,1.02684879,1684.0100
1626157826723000,0,0.02946597,1684.0100
1626157828743000,0,0.05893194,1683.7600
1626157836486000,0,3.75859821,1683.8400
1626157837221000,0,0.30421367,1684.0000
1626157838721000,0,0.50852794,1684.0000
1626157848751000,0,0.30215534,1684.0000
1626157852808000,0,0.50000000,1684.0500
1626157867242000,0,0.17830194,1684.3700
1626157878068000,0,0.03535961,1684.9100
1626157878301000,0,0.04833125,1684.9100
1626157878788000,0,0.08881458,1684.9000
1626157885460000,1,6.20000000,1683.8600
1626157885460000,1,0.59350922,1683.8100
1626157885460000,1,6.20000000,1683.8000
1626157885460000,1,2.50397492,1683.7400
1626157886214000,0,1.39750000,1684.9500
1626157892980000,0,0.05890815,1686.0200
1626157893596000,0,0.73109185,1686.0200
1626157893596000,0,5.00300000,1686.1100
1626157893596000,0,0.78588359,1686.1100
1626157896027000,0,0.11781351,1686.5000
1626157902349000,0,0.05827945,1687.2200
1626157904452000,0,0.56158013,1687.4200
1626157915477000,0,0.08830406,1686.3600
1626157916538000,0,0.17385970,1686.3600
1626157917533000,0,0.10000000,1686.3600
1626157918553000,0,0.14705917,1686.6500
1626157920271000,0,0.23556407,1686.7300
1626157921614000,0,0.05882262,1686.3500
1626157925818000,0,0.69895091,1686.0600
1626157927113000,0,0.13858251,1686.0500
1626157929656000,0,0.05885750,1686.0600
1626157951997000,0,0.03008706,1685.1700
1626157954028000,0,0.58878482,1685.1700
1626157954843000,0,0.47431436,1685.1700
1626157957857000,0,1.00000000,1685.3900
1626157960886000,0,0.17754486,1685.3900
1626157973317000,0,0.29445689,1685.3900
1626157976184000,0,0.11627704,1685.3900
1626157978684000,0,0.91430877,1685.3900
1626157978684000,0,0.27081752,1685.3900
1626157982575000,0,0.29523713,1685.1200
1626157984058000,0,0.01184123,1684.7900
1626157990189000,0,0.29445689,1685.7400
1626157993447000,0,1.07318264,1685.7400
1626158003925000,1,1.40000000,1685.3600
1626158009912000,0,0.05864248,1685.7700
1626158011386000,0,0.01765759,1685.7700
1626158016925000,0,0.05562605,1686.1400
1626158021459000,0,0.13239646,1686.1400
1626158025930000,0,0.04778695,1686.1400
1626158032951000,0,1.48072601,1685.9200
1626158037975000,0,0.09394282,1685.6800
1626158038454000,0,0.05000000,1685.6800
1626158041965000,0,2.00000000,1685.6600
1626158046975000,0,2.18665097,1686.2300
1626158049748000,0,0.31488754,1686.2300
1626158049748000,0,3.75226880,1686.4600
1626158049748000,0,3.50798096,1686.6300
1626158056825000,0,0.23552499,1685.8300
1626158060404000,0,2.50230081,1685.9300
1626158063049000,0,0.05885157,1686.2600
1626158087871000,0,0.03533728,1686.2300
1626158097400000,0,0.02906926,1686.5000
1626158112949000,0,0.30603564,1686.2600
1626158134861000,0,0.60914248,1686.4300
1626158143892000,0,0.14473902,1687.3900
1626158160282000,0,2.50030863,1687.1700
1626158160282000,0,2.76004040,1687.5100
1626158161642000,0,0.10000141,1687.1700
1626158181388000,0,0.13348808,1687.4400
1626158228951000,0,1.09614985,1687.6000
1626158228952000,0,1.17538961,1687.6000
1626158228952000,0,0.22781122,1687.6000
1626158229025000,0,3.74900000,1687.8100
1626158229060000,0,0.00002602,1687.8100
1626158229067000,0,1.91457487,1687.9400
1626158229068000,0,4.33605632,1687.9400
1626158229068000,0,1.97130000,1687.9500
1626158229138000,0,1.99800000,1687.9800
1626158229143000,0,4.25204152,1687.9800
1626158230460000,0,1.97129999,1689.6100
1626158230465000,0,1.97129999,1689.6100
1626158232335000,0,0.04129079,1690.4900
1626158256149000,0,0.11937096,1692.1200
1626158272697000,0,0.10481449,1693.1100
1626158277275000,0,0.18878502,1692.6300
1626158278276000,0,0.05800127,1692.6300
1626158309697000,0,0.81346950,1693.5700
1626158312870000,0,2.49091285,1693.6200
1626158323781000,1,1.39999999,1693.4600
1626158323782000,1,0.00000001,1693.4600
1626158323854000,1,0.59020136,1693.0000
1626158323854000,1,3.00000000,1693.0000
1626158323938000,1,0.59005614,1692.6600
1626158323957000,1,2.98364745,1692.2300
1626158323958000,1,0.69145077,1692.2300
1626158323959000,1,0.16122759,1692.2300
1626158336523000,0,0.57987338,1695.2900
1626158337524000,0,0.05729371,1695.1900
1626158347244000,0,1.76981852,1695.1000
1626158352058000,0,0.05143115,1695.1000
1626158354788000,0,1.91252887,1695.1000
1626158355982000,0,2.48810000,1694.7500
1626158357120000,0,0.00008307,1694.7500
1626158357120000,0,2.48798408,1695.0200
1626158357120000,0,1.24563285,1695.1000
1626158360068000,0,3.73079520,1695.7700
1626158360177000,0,1.40000000,1695.9800
1626158362417000,0,1.40000000,1697.2500
1626158362417000,0,0.57130000,1697.2600
1626158396499000,0,0.14414534,1696.5000
1626158400263000,0,0.23984156,1696.6100
1626158404816000,0,0.16672329,1696.5100
1626158406779000,0,0.57778727,1695.9800
1626158407281000,0,0.12287268,1695.9800
1626158411903000,1,1.40000000,1694.5900
1626158412272000,0,0.07133771,1695.5900
1626158418147000,0,0.02787131,1695.6500
1626158433226000,1,0.18177581,1695.1100
1626158456239000,0,0.17321435,1697.1100
1626158457240000,0,0.01734875,1696.8200
1626158469232000,1,0.85567928,1695.4600
1626158474839000,0,0.29405894,1696.0600
1626158481011000,1,0.26372297,1696.0600
1626158498061000,0,0.16019542,1696.9300
1626158498927000,0,0.07730688,1696.9300
1626158501545000,0,0.28491051,1696.6500
1626158501565000,1,0.00000001,1696.0600
1626158501565000,1,0.58931893,1695.4900
1626158520313000,0,1.05137085,1696.4600
1626158532396000,0,0.15286299,1695.9700
1626158539809000,0,0.11702522,1695.2800
1626158539911000,0,0.09219059,1695.2800
1626158545729000,0,0.02926199,1695.3900
1626158546408000,0,1.17703030,1695.3900
1626158551928000,0,0.23402719,1695.1000
1626158567101000,0,0.61248727,1694.5000
1626158568992000,0,0.02927718,1694.5000
1626158576393000,0,0.34658433,1694.0300
1626158580715000,0,0.02049934,1695.1000
1626158581932000,0,0.09141403,1695.5500
1626158587557000,1,1.14100000,1694.0400
1626158587569000,1,0.86375195,1694.0400
1626158590471000,0,0.52479137,1693.7400
1626158611086000,0,0.06446461,1693.1100
1626158624213000,1,0.59120629,1690.3400
1626158625478000,0,0.29816888,1690.7100
1626158641592000,0,0.01759675,1692.1200
1626158658010000,0,0.53981320,1692.4300
1626158674780000,0,1.29482883,1692.2700
1626158686580000,0,0.13124520,1692.4500
1626158698577000,0,0.26011635,1692.1400
1626158699565000,0,0.08632580,1692.1500
1626158704522000,1,1.40000000,1690.4600
1626158707568000,0,1.16108417,1692.0500
1626158721496000,0,0.02932649,1693.1800
1626158723552000,0,0.02933516,1693.1000
1626158756497000,0,0.11586271,1691.8700
1626158760108000,0,1.59153804,1691.5100
1626158761129000,0,0.44403096,1691.5000
1626158817241000,0,0.01762459,1688.5200
1626158831891000,0,0.02351319,1688.3800
1626158845148000,0,2.00619999,1689.7500
1626158845162000,0,0.00000001,1689.7500
1626158845651000,0,0.41787087,1689.9300
1626158852323000,0,0.33032823,1689.4500
1626158861281000,0,0.61194870,1688.0900
1626158862322000,0,0.04849219,1688.0900
1626158871283000,0,0.03669968,1688.2100
1626158872847000,0,0.25094693,1688.2100
1626158874204000,1,1.87899999,1687.4100
1626158876527000,0,0.02900488,1687.3600
1626158888298000,0,0.12239800,1687.3600
1626158893112000,0,0.01764134,1687.3600
1626158907495000,0,2.91848448,1688.1600
1626158970342000,0,0.25000000,1688.4800
1626158974420000,0,0.55000000,1687.8500
1626158986900000,0,0.03528332,1688.4500
1626159073449000,0,0.06024168,1689.1000
1626159077221000,0,0.14688680,1689.1200
1626159084520000,0,2.00620000,1689.3900
1626159110305000,0,0.06349153,1690.7200
1626159117078000,0,0.01419771,1690.4000
1626159117266000,0,0.04468034,1690.5400
1626159118036000,1,0.10276500,1690.0000
1626159119621000,0,4.98900000,1690.5500
1626159120450000,1,0.18349030,1690.0000
1626159120480000,1,0.00374470,1690.0000
1626159141089000,0,1.02589279,1690.7700
1626159162213000,0,1.00000000,1690.9400
1626159174353000,0,0.52249640,1691.0800
1626159199093000,1,0.17299319,1691.4500
1626159201837000,0,0.58932991,1692.7700
1626159219841000,0,0.55141885,1694.3200
1626159226670000,0,2.82365697,1694.5600
1626159237512000,0,0.02130308,1694.5900
1626159243215000,0,1.46430004,1694.0800
1626159259305000,0,0.02930052,1692.4100
1626159272727000,0,0.04359418,1692.4100
1626159280705000,0,0.11787369,1692.8400
1626159287363000,0,0.07000000,1692.6900
1626159288585000,0,2.49209093,1692.7100
1626159292956000,1,0.02603414,1691.9600
1626159296541000,1,0.12200000,1692.5000
1626159299709000,0,0.11839927,1693.7700
1626159318495000,1,0.13000000,1692.1400
1626159318501000,1,0.00954049,1692.1400
1626159327747000,0,0.02972422,1692.1000
1626159347830000,1,0.48512663,1690.5000
1626159356354000,0,0.01737605,1691.8800
1626159371284000,0,1.19550110,1692.3700
1626159371804000,0,0.05895426,1692.3700
1626159381834000,0,0.01483621,1692.1700
1626159383308000,0,0.04151772,1692.1700
1626159422887000,0,0.02889494,1691.6800
1626159460547000,1,1.24835591,1689.4600
1626159476349000,0,0.11527126,1690.5200
1626159549068000,1,0.51204225,1690.6200
1626159556087000,0,0.85041795,1691.5800
1626159608908000,0,2.00620000,1693.8600
1626159640921000,0,0.01744536,1694.0100
1626159672883000,0,1.14495990,1693.5100
1626159672884000,0,0.79620775,1693.5100
1626159672884000,0,0.55101287,1693.5100
1626159673224000,0,1.02125340,1694.0600
1626159673231000,0,0.86831340,1694.0600
1626159716598000,0,1.15755023,1697.1600
1626159735683000,0,4.23986680,1697.6200
1626159735685000,0,0.73013320,1697.6200
1626159735685000,0,1.40000000,1697.7100
1626159735685000,0,1.75340000,1697.7200
1626159756114000,0,4.96699999,1698.6300
1626159764046000,0,2.00000000,1700.0000
1626159764046000,0,0.12031346,1700.0000
1626159767190000,0,3.00000000,1701.7600
1626159768184000,0,0.42811339,1702.3200
1626159768193000,0,0.55830323,1702.3100
1626159769532000,1,0.10999999,1701.0100
1626159769535000,1,0.10999999,1701.0100
1626159769546000,1,0.10999999,1701.0100
1626159786860000,0,0.01749540,1701.4800
1626159788268000,0,1.82770000,1702.1200
1626159788268000,0,0.65250000,1702.3200
1626159801475000,0,6.20000000,1704.4700
1626159808894000,1,1.46730837,1702.1300
1626159811473000,1,0.08475156,1701.1300
1626159833194000,0,3.60423725,1702.9900
1626159896282000,0,0.06155200,1701.8900
1626159898539000,0,0.01669994,1701.5900
1626159956253000,0,1.43965820,1702.3000
1626159957246000,0,0.02879551,1702.4100
1626159959238000,0,0.02877559,1702.8700
1626159985828000,0,2.48084726,1701.2500
1626159989009000,0,0.02923839,1701.5300
1626160001068000,1,1.40000000,1700.2800
1626160001068000,1,3.48510204,1700.0600
1626160001068000,1,9.10176666,1700.0400
1626160016473000,0,0.03168520,1700.5600
1626160025396000,0,3.00000000,1702.5900
1626160025396000,0,1.84940000,1702.6800
1626160025396000,0,0.79000000,1702.7900
1626160025396000,0,0.21972217,1702.8300
1626160029316000,0,0.58468054,1702.2800
1626160045869000,1,0.04307058,1699.0500
1626160086977000,0,0.32938963,1700.0600
1626160094845000,1,0.91266892,1699.2900
1626160136380000,0,0.08642926,1701.4600
1626160163572000,0,0.20516843,1701.8700
1626160181446000,1,0.01400000,1701.5800
1626160196427000,1,0.00080000,1701.5800
1626160207160000,0,0.10009131,1702.9700
1626160208534000,0,0.01400000,1703.2500
1626160208545000,0,0.54430324,1703.2500
1626160223487000,0,0.49999999,1703.8900
1626160223492000,0,0.00000001,1703.8900
1626160223492000,0,0.50000000,1703.9700
1626160223496000,0,0.79000000,1704.2300
1626160226345000,0,1.40000000,1705.6900
1626160242083000,0,0.66631098,1705.6600
1626160252841000,0,0.16659532,1705.4500
1626160284126000,0,0.05851675,1704.6400
1626160289545000,0,0.93270000,1704.6100
1626160289545000,0,9.02829290,1704.6900
1626160289545000,0,4.94800000,1704.7300
1626160289545000,0,8.04500000,1704.8600
1626160289545000,0,2.47525731,1704.9000
1626160289545000,0,1.96860000,1704.9800
1626160289545000,0,1.29150300,1705.0000
1626160301290000,0,2.19696094,1704.5600
1626160301293000,0,0.04518356,1704.5600
1626160301293000,0,0.23341459,1704.5600
1626160308200000,0,7.12691105,1706.9100
1626160308209000,0,1.49358401,1706.9100
1626160322184000,0,0.13999999,1709.0000
1626160322208000,0,0.00000001,1709.0000
1626160323216000,0,3.31850672,1709.7900
1626160323216000,0,6.20000000,1709.8000
1626160324354000,0,8.32195380,1710.4100
1626160328390000,0,0.59000000,1710.4200
1626160328390000,0,0.65893212,1710.4300
1626160328412000,0,0.00000001,1710.4300
1626160328412000,0,0.10555817,1710.4500
1626160347940000,1,0.16691900,1710.6700
1626160354666000,0,2.46496084,1712.4100
1626160354666000,0,0.57932669,1712.4300
1626160355916000,0,0.49802810,1711.5500
1626160367384000,1,16.38602655,1710.3200
1626160367385000,1,7.39984687,1710.3200
1626160368597000,0,0.34900321,1710.5000
1626160375016000,1,0.02664481,1709.2300
1626160409672000,1,0.19844519,1708.0600
1626160409713000,1,0.17074856,1708.0600
1626160409717000,1,2.01780625,1708.0600
1626160411544000,0,1.00000000,1709.3300
1626160454132000,0,5.00000000,1707.6100
1626160465463000,0,0.02861494,1708.6600
1626160471895000,0,0.14560407,1708.4000
1626160481226000,0,0.29196909,1708.4000
1626160537788000,0,0.23323163,1710.9600
1626160601832000,1,2.00000000,1710.1400
1626160605889000,0,1.00000000,1710.6600
1626160672323000,1,0.04742992,1708.3300
1626160685642000,0,0.05847304,1709.9500
1626160690146000,0,1.00000000,1709.9500
1626160710250000,1,0.01309724,1708.7400
1626160736487000,0,0.17192403,1710.8500
1626160739224000,0,2.29460000,1710.8500
1626160744118000,0,9.19523967,1711.8500
1626160744118000,0,1.75316033,1711.8600
1626160814715000,1,0.11000000,1708.4200
1626160815323000,1,2.63000000,1708.4200
1626160815804000,1,3.45999999,1708.4200
1626160817278000,1,4.11988276,1708.2600
1626160817590000,1,5.47872331,1708.2600
1626160823008000,1,0.58517957,1707.7800
1626160824697000,1,0.00000001,1707.7800
1626160824697000,1,14.61587432,1707.4700
1626160825356000,1,8.64027504,1707.4700
1626160856783000,0,0.02865168,1709.5300
1626160857796000,0,7.99230000,1709.5300
1626160863376000,0,0.00004832,1709.5300
1626160863376000,0,4.93400000,1709.9200
1626160863564000,0,1.75320000,1710.2200
1626160873907000,0,0.05117790,1711.0900
1626160904085000,0,0.13825442,1709.2400
1626160917120000,1,0.29908903,1707.5600
1626160921066000,0,0.15648479,1708.8200
1626161041644000,0,0.16457453,1707.1400
1626161083456000,0,0.01743588,1707.3500
1626161096522000,0,0.05740370,1707.7600
1626161114714000,0,1.20000000,1707.8200
1626161116358000,1,9.36333537,1706.2900
1626161116358000,1,0.50000000,1706.2800
1626161116358000,1,1.18666463,1706.1800
1626161157268000,0,0.01721732,1706.0600
1626161170857000,0,2.47363667,1706.1000
1626161170857000,0,0.15568790,1706.1600
1626161195993000,0,0.02909780,1705.2600
1626161219936000,0,2.47410000,1705.3300
1626161232864000,0,1.16410333,1705.1900
1626161233919000,0,0.02908774,1705.1900
1626161240109000,0,0.05836769,1704.7100
1626161246792000,0,0.05837557,1704.4800
1626161253792000,0,1.16453356,1704.4900
1626161280359000,0,0.30002299,1704.2100
1626161335234000,1,2.00000000,1705.0500
1626161335234000,1,1.40000000,1705.0500
1626161335271000,1,1.99999999,1705.1300
1626161335272000,1,1.99999999,1705.1300
1626161335315000,1,2.20000002,1705.1300
1626161336661000,0,0.57453221,1705.7700
1626161425269000,0,1.16655528,1705.9200
1626161470616000,0,0.05812676,1707.5500
1626161523791000,0,2.09938364,1708.3800
1626161555817000,0,1.18659398,1707.3400
1626161578915000,0,0.02661383,1708.5100
1626161640290000,0,0.17318111,1711.0600
1626161681351000,0,0.13683912,1710.4400
1626161692251000,1,0.30277697,1709.3700
1626161697025000,0,2.46688203,1710.4500
1626161697025000,0,0.53311797,1710.5700
1626161697035000,0,3.13149582,1710.5700
1626161697036000,0,0.03569467,1710.5700
1626161697036000,0,4.93345129,1711.0200
1626161724282000,0,2.00780000,1714.9900
1626161724331000,0,1.00000000,1715.0000
1626161724823000,0,0.44545348,1715.6000
1626161764699000,0,0.46000000,1714.3400
1626161800908000,0,0.28974416,1712.9500
1626161802221000,0,0.30000000,1712.9500
1626161815620000,0,0.02905228,1712.4300
1626161831124000,0,0.02780957,1712.0000
1626161834583000,0,1.02292056,1712.0000
1626161869497000,0,0.02897616,1712.0700
1626161880284000,0,0.05247024,1712.0700
1626161902780000,1,5.12996495,1712.0000
1626161920683000,0,0.23189052,1711.9800
1626161965396000,0,0.28988008,1712.0200
1626161981816000,0,0.45620521,1712.1900
1626162006820000,0,0.05797093,1712.5300
1626162013221000,0,0.03300000,1712.5700
1626162042701000,0,0.15936516,1712.6800
1626162104022000,0,0.16849600,1712.6900
1626162115631000,0,0.64695784,1712.5600
1626162120292000,0,0.02890106,1712.7500
1626162181895000,0,0.11008962,1711.9200
1626162182153000,1,0.02556263,1710.5300
1626162182879000,1,0.81811752,1710.5300
1626162182879000,1,0.55631985,1710.5300
1626162202904000,0,0.29006646,1710.9600
1626162203940000,0,0.02913481,1710.9600
1626162216744000,0,0.01453561,1710.9700
1626162222696000,0,0.05267626,1710.9700
1626162264705000,0,0.03367826,1710.2900
1626162290299000,0,0.02000000,1710.1500
1626162342045000,0,0.15647127,1712.5400
1626162416646000,0,2.46571233,1711.3100
1626162417600000,0,2.46557875,1711.6000
1626162417600000,0,0.39722018,1711.6000
1626162418563000,0,0.37828474,1711.5900
1626162448816000,0,0.60000000,1711.8200
1626162461467000,0,0.02906688,1711.5700
1626162586066000,1,0.12300000,1710.1800
1626162596503000,0,0.28650190,1711.3500
1626162640622000,0,0.11496510,1709.9200
1626162649237000,0,0.11749688,1709.8200
1626162670303000,0,0.05805570,1709.6500
1626162711101000,0,0.01703636,1710.9800
1626162716572000,0,1.14551703,1711.3400
1626162720272000,0,6.04819516,1711.2900
1626162727363000,1,0.25000000,1709.6800
1626162736802000,0,1.04924594,1711.4100
1626162753977000,0,0.04061262,1710.5500
1626162896701000,1,0.21982270,1709.0200
1626162898699000,0,0.02865019,1710.1400
1626162911139000,0,0.17436637,1711.9700
1626162934132000,1,3.99976065,1710.5400
1626162971096000,0,0.17265238,1711.4600
1626162975609000,0,0.06061292,1711.4600
1626162977940000,0,4.12090517,1711.5800
1626162982606000,0,2.46655020,1711.7200
1626162982606000,0,3.70038841,1711.7300
1626162983138000,0,0.19033358,1711.8700
1626163076182000,1,0.60000000,1711.9100
1626163080302000,0,0.23783562,1712.9200
1626163136627000,1,0.74911793,1711.3800
1626163140467000,1,0.10696800,1711.4800
1626163180524000,0,0.01487803,1711.9200
1626163223690000,0,0.08613093,1715.3200
1626163240196000,0,0.82416108,1715.0300
1626163271025000,1,0.87101558,1713.2600
1626163271037000,1,0.00000001,1713.2600
1626163319834000,0,1.16968477,1713.9000
1626163324640000,1,1.37120066,1712.0900
1626163324868000,0,0.36165807,1713.4400
1626163325541000,1,0.67921817,1711.5600
1626163325555000,1,0.31988183,1711.5600
1626163421980000,0,0.56473803,1713.7700
1626163425156000,1,0.93256026,1712.5500
1626163425157000,1,0.86544553,1712.5500
1626163425172000,1,1.53567779,1712.5500
1626163425202000,1,0.48152609,1712.5500
1626163426482000,1,0.83290999,1712.5500
1626163426482000,1,0.48152609,1712.5500
1626163426548000,1,1.48362091,1712.5500
1626163426571000,1,0.83290999,1712.5500
1626163426571000,1,1.18429389,1712.5500
1626163426572000,1,1.22359065,1712.5500
1626163426723000,1,0.48152000,1712.5500
1626163426850000,1,0.00000609,1712.5500
1626163440290000,0,1.40000000,1713.6300
1626163440290000,0,0.39080700,1713.6400
1626163533247000,1,1.10481763,1714.1900
1626163554355000,0,0.50000000,1716.0800
1626163559198000,0,0.28512694,1716.1200
1626163616582000,0,1.42747542,1713.7500
1626163645211000,0,0.14347750,1715.5800
1626163658571000,0,0.10000000,1714.4900
1626163666211000,1,0.28896302,1715.0300
1626163671025000,1,0.76953777,1715.9500
1626163675719000,1,0.34150000,1717.1900
1626163676392000,0,0.02858138,1717.4100
1626163682108000,0,1.00000000,1717.9600
1626163683165000,0,1.10412860,1718.7400
1626163702028000,0,0.82733301,1717.4100
1626163736473000,1,0.07126798,1717.4500
1626163737465000,1,0.40000000,1717.4500
1626163739472000,0,0.05648384,1718.7800
1626163797759000,1,0.04000000,1716.3500
1626163798227000,0,0.11447881,1717.8500
1626163837465000,0,1.73780942,1717.7200
1626163843637000,0,6.20000000,1717.7100
1626163843637000,0,0.69599119,1717.7200
1626163864183000,0,0.02900000,1717.9300
1626163864681000,0,2.42997000,1717.9300
1626163865995000,0,0.11299084,1718.5400
1626163917576000,0,2.45816000,1718.4000
1626163917973000,1,0.01999999,1717.5000
1626163918312000,0,5.70580037,1718.1600
1626163930893000,1,0.00000001,1717.5000
1626163930893000,1,0.26240763,1716.3800
1626164000391000,0,0.28254286,1715.8200
1626164006903000,0,0.05525006,1715.1400
1626164036332000,1,0.30000000,1712.5700
1626164037324000,1,0.02900000,1712.6500
1626164041374000,1,0.29419000,1712.2200
1626164064697000,0,0.01794865,1714.9600
1626164077158000,0,0.54922169,1716.4200
1626164193032000,1,0.58000000,1713.4000
1626164193105000,1,0.00073421,1713.4000
1626164193105000,1,1.02689379,1713.3900
1626164193118000,1,6.07011272,1713.3900
1626164207812000,0,0.11059179,1712.7300
1626164220409000,1,0.16000000,1711.1900
1626164276069000,0,0.07925685,1711.7000
1626164280403000,0,2.38862553,1711.7000
1626164280403000,0,1.31315512,1711.7500
1626164280428000,0,2.38862553,1711.7500
1626164319218000,0,0.01696629,1709.6500
1626164336324000,1,0.68020000,1707.9800
1626164336324000,1,1.54102267,1707.9700
1626164344006000,1,0.32500000,1708.1500
1626164344006000,1,0.32500000,1708.0600
1626164344006000,1,1.44938364,1708.0500
1626164394226000,1,0.58561920,1706.0500
1626164394230000,1,0.00000001,1706.0500
1626164394230000,1,0.23148300,1706.0000
1626164394286000,1,1.46430000,1705.8000
1626164400633000,1,0.20772792,1704.7400
1626164410052000,0,2.47526799,1706.7700
1626164501733000,1,0.58491944,1708.3300
1626164501733000,1,8.89308056,1708.3200
1626164520759000,0,0.04235948,1709.8600
1626164542740000,0,0.14960697,1709.8600
1626164563409000,0,0.58000000,1709.3100
1626164576404000,0,0.06879749,1709.3700
1626164583339000,0,2.47103116,1709.2900
1626164583411000,0,3.70650824,1709.5000
1626164604232000,1,0.69628554,1709.6200
1626164614170000,0,0.04651923,1711.1200
1626164616346000,1,1.10006220,1709.7500
1626164638908000,0,0.01703427,1711.3100
1626164705844000,0,0.58100000,1712.3400
1626164705844000,0,0.67842555,1712.3700
1626164705844000,0,2.24057445,1712.3800
1626164706626000,0,0.12020782,1712.3800
1626164766293000,0,0.01725668,1711.5700
1626164800605000,1,2.08885664,1709.8300
1626164847270000,0,0.08457353,1711.5700
1626164877320000,0,1.37926985,1711.8800
1626164996466000,0,0.01717729,1710.4200
1626165176391000,0,0.01727646,1713.8400
1626165176598000,1,0.17000000,1712.4700
1626165266218000,0,0.32504738,1714.5500
1626165266416000,0,1.07495262,1714.5500
1626165266416000,0,5.80553027,1714.5600
1626165276088000,0,0.01740900,1714.6300
1626165296609000,1,0.15134400,1713.5500
1626165300727000,0,0.10445828,1714.5600
1626165353913000,0,0.28990272,1713.4700
1626165359289000,0,0.09146620,1713.4700
1626165366241000,0,0.03364963,1713.5400
1626165369687000,0,0.21296168,1713.5400
1626165416359000,0,0.05717596,1713.3700
1626165431616000,1,0.09950024,1711.8100
1626165457128000,0,0.53596290,1712.8500
1626165491137000,1,0.10000000,1711.7900
1626165634220000,0,0.04720804,1714.5200
1626165661620000,0,0.62746202,1714.3900
1626165667575000,1,0.60000000,1712.9100
1626165681622000,0,2.46288000,1714.3300
1626165780908000,0,2.46394000,1713.4400
1626165840271000,0,0.14021874,1713.5500
1626165896493000,0,0.28597230,1710.8600
1626165935184000,0,3.60000000,1712.6200
1626165956580000,1,1.28230000,1711.8700
1626165956580000,1,1.63948220,1711.8600
1626165964765000,1,0.30680281,1711.9800
1626166033619000,1,0.05908883,1712.1900
1626166054482000,1,0.49640000,1712.6500
1626166076311000,0,0.05662448,1714.3100
1626166094087000,0,0.02902448,1714.1400
1626166127972000,0,0.55151228,1713.9600
1626166137543000,0,0.17158933,1713.5300
1626166138358000,1,1.40000000,1711.8900
1626166138374000,1,1.43831410,1711.8700
1626166138381000,1,0.20116590,1711.8700
1626166138387000,1,0.71610400,1711.7800
1626166138387000,1,1.01556567,1711.7800
1626166138393000,1,0.48919872,1711.7800
1626166138396000,1,0.58376531,1711.7800
1626166138396000,1,2.12312832,1711.7800
1626166138402000,1,0.58376531,1711.6600
1626166138403000,1,0.51456071,1711.5400
1626166138411000,1,0.65285656,1711.5400
1626166138596000,1,0.11000000,1711.2500
1626166138596000,1,0.68096559,1711.2400
1626166190732000,0,0.09700000,1709.0000
1626166190790000,0,0.00000651,1709.0000
1626166196149000,1,0.33296759,1708.8000
1626166229496000,1,0.09496300,1708.9800
1626166256519000,1,0.03200000,1710.0300
1626166256519000,1,0.15272244,1710.0200
1626166339180000,0,0.05804925,1709.7300
1626166378426000,0,0.09888000,1711.4100
1626166379917000,0,0.00000189,1711.4100
1626166421576000,0,0.05731833,1712.5500
1626166436465000,0,0.28579327,1712.3600
1626166456398000,1,0.10000000,1711.0800
1626166481443000,0,0.01739554,1711.9600
1626166482613000,0,0.01739554,1711.9600
1626166643325000,0,0.25868623,1713.4300
1626166678112000,0,0.57210323,1712.3500
1626166717385000,0,0.40000000,1711.6000
1626166734708000,0,0.05736521,1711.0900
1626166736463000,1,1.00000000,1709.8900
1626166752613000,1,0.15584221,1710.6500
1626166782690000,0,0.26293508,1712.4800
1626166789583000,1,0.05913610,1711.0600
1626166807008000,0,0.01738803,1713.0000
1626166891738000,0,0.05516484,1713.4100
1626166894205000,1,0.17810000,1712.9700
1626166894297000,1,0.00000002,1712.9700
1626166920300000,0,0.15897306,1713.2300
1626166934606000,1,2.04000000,1712.2000
1626166934620000,1,0.85000000,1712.2000
1626166934675000,1,1.36000000,1712.2000
1626166934736000,1,2.91045000,1712.2000
1626166934854000,1,2.83955000,1712.2000
1626166943523000,0,0.03428117,1712.3100
1626167008557000,1,0.68322377,1710.7100
1626167031383000,1,0.30000000,1710.5500
1626167047993000,1,0.19299643,1710.4700
1626167053404000,0,0.02550471,1711.6600
1626167133779000,0,0.41540000,1713.0700
1626167133779000,0,0.33296759,1713.0700
1626167133779000,0,1.87076723,1713.0800
1626167166576000,0,1.07671829,1712.8900
1626167205295000,1,0.01765134,1711.8900
1626167254677000,1,0.09687301,1712.2200
1626167265917000,0,0.02323748,1712.7500
1626167298695000,1,0.21987020,1711.0900
1626167320158000,0,0.17389758,1712.5300
1626167336328000,0,0.02232028,1712.5200
1626167456172000,0,0.57254654,1712.2000
1626167493982000,1,0.05914922,1708.3500
1626167593355000,0,0.16660100,1706.8200
1626167610590000,1,0.53660000,1705.6400
1626167610590000,1,3.37135238,1705.6300
1626167610651000,1,3.16309770,1705.6400
1626167610652000,1,0.32200434,1705.6400
1626167640472000,0,0.06037132,1706.2600
1626167776464000,0,0.02299540,1708.3100
1626167783107000,0,0.63952661,1708.6200
1626167811221000,0,0.08645492,1709.8300
1626167878684000,0,0.07350735,1708.3600
1626167936670000,1,0.17166823,1708.6400
1626167977783000,0,0.01741487,1710.0000
1626167984695000,0,0.05759313,1709.7900
1626167997580000,0,2.41324758,1709.7900
1626167997580000,0,0.45260824,1709.8000
1626168000303000,0,0.97781579,1709.7900
1626168006672000,1,0.58482463,1708.5900
1626168006672000,1,2.51671117,1708.5800
1626168047938000,0,0.02910996,1709.3800
1626168061302000,0,0.01406751,1710.0000
1626168061917000,0,0.05760593,1710.0000
1626168081128000,0,0.06162102,1710.0000
1626168089954000,1,0.32197697,1709.3700
1626168108329000,0,2.46869000,1711.2000
1626168108673000,0,9.39230868,1711.7200
1626168116351000,0,0.08544432,1712.3300
1626168120304000,0,0.13024649,1711.8600
1626168169612000,0,0.40609980,1710.2200
1626168252621000,0,0.05760088,1709.5500
1626168369603000,1,0.05821119,1710.1100
1626168373135000,0,0.01597577,1711.5700
1626168399051000,0,0.02858651,1711.0400
1626168419481000,0,2.46850000,1711.3700
1626168419724000,0,2.46790000,1711.9700
1626168422596000,0,0.01455885,1712.3600
1626168455110000,1,9.56858453,1710.8800
1626168480270000,0,0.05799532,1711.8400
1626168543144000,0,0.01726213,1711.3700
1626168577755000,1,1.10213567,1709.0000
1626168583479000,0,5.81997695,1709.6700
1626168585391000,1,0.18000000,1709.0000
1626168585435000,1,0.00786433,1709.0000
1626168600251000,1,0.04844768,1707.1700
1626168721551000,1,0.05000000,1711.2000
1626168815445000,1,0.40000000,1710.1800
1626168883670000,0,0.01434322,1711.2200
1626168936544000,0,0.08707134,1710.2800
1626168957495000,0,0.05671326,1711.2700
1626168958435000,0,0.03023467,1711.2800
1626168970197000,1,0.29523713,1709.2100
1626169017801000,0,0.11463393,1711.0200
1626169020300000,0,0.05523835,1711.1300
1626169054253000,1,2.00000000,1710.2800
1626169076531000,1,0.67870550,1710.5600
1626169104442000,1,2.46904000,1710.7400
1626169136256000,0,0.02043789,1712.0400
1626169136256000,0,0.55223118,1712.4600
1626169137268000,0,0.01718206,1712.3800
1626169294107000,0,0.05644928,1710.7100
1626169295374000,1,0.16256860,1709.2500
1626169317304000,1,0.50000000,1709.6700
1626169376655000,1,0.45000000,1708.7200
1626169389916000,1,0.06491102,1708.8800
1626169436322000,1,0.06950000,1708.0800
1626169440244000,0,0.40700000,1709.5600
1626169440244000,0,0.24926885,1709.5700
1626169445962000,1,4.00000000,1708.5200
1626169460376000,1,8.90477688,1708.7400
1626169460376000,1,15.10000000,1708.2700
1626169460376000,1,24.53800000,1708.2700
1626169460376000,1,0.58496734,1708.0900
1626169460376000,1,0.55269370,1708.0800
1626169460376000,1,4.94399672,1708.0000
1626169460376000,1,5.37556536,1707.9600
1626169480881000,1,1.40000000,1707.4600
1626169480881000,1,6.20000000,1707.4500
1626169480881000,1,9.83487387,1707.3700
1626169480881000,1,0.58537140,1707.2300
1626169480881000,1,13.92300000,1707.2200
1626169480881000,1,1.92630000,1707.1200
1626169480881000,1,2.47368074,1706.9800
1626169480881000,1,3.71006184,1706.9400
1626169480881000,1,1.46344319,1706.9300
1626169480881000,1,0.55269370,1706.9200
1626169480881000,1,17.93057526,1706.8500
1626169616807000,0,0.14334553,1706.1300
1626169622692000,1,0.02917836,1705.0300
1626169622698000,1,0.00000001,1705.0300
1626169625581000,1,1.40301738,1704.3100
1626169625792000,1,1.70127791,1704.3100
1626169625919000,1,1.06378351,1704.3100
1626169626364000,0,0.16668300,1705.3200
1626169630377000,1,4.61119256,1704.3100
1626169630381000,1,0.00000001,1704.3100
1626169640080000,0,0.16669900,1703.9400
1626169641360000,0,0.95499500,1703.5800
1626169678405000,0,0.01424802,1702.4300
1626169753935000,0,0.20000000,1702.5300
1626169796189000,1,0.03524167,1700.5800
1626169798339000,0,0.32650934,1701.3600
1626169800248000,0,0.05828206,1702.1100
1626169819281000,0,5.62420932,1702.6500
1626169846372000,1,0.03000000,1702.7100
1626169846418000,1,0.00078621,1702.7100
1626169912979000,0,2.91700086,1705.5600
1626169919598000,0,1.00000000,1705.8100
1626169968590000,1,3.77062889,1704.5900
1626169976766000,0,0.02011602,1706.1400
1626170096493000,1,0.77057464,1706.4700
1626170096493000,1,0.63048475,1706.4700
1626170096500000,1,1.07386344,1706.4700
1626170100227000,0,1.40000000,1706.3200
1626170117354000,1,0.05008757,1706.1000
1626170148337000,0,0.55516543,1708.4100
1626170168225000,1,0.04667000,1707.7500
1626170225143000,1,2.09001000,1710.9800
1626170239198000,1,0.00000274,1710.9800
1626170239198000,1,0.39999726,1709.0900
1626170247904000,0,0.02881650,1710.5700
1626170293298000,0,2.47090000,1710.5100
1626170293304000,0,6.83932015,1710.5100
1626170299016000,0,2.47024974,1711.1900
1626170299076000,0,1.40000000,1711.1700
1626170299076000,0,2.43616952,1711.1700
1626170299076000,0,1.16000000,1711.6800
1626170299076000,0,0.55516543,1711.7000
1626170299773000,0,2.46960000,1712.0600
1626170299950000,0,0.00000007,1712.0600
1626170299950000,0,24.79999993,1712.2600
1626170300027000,0,11.20370000,1712.2600
1626170300068000,0,0.00000007,1712.2600
1626170300202000,0,2.20000000,1712.6900
1626170300891000,0,6.70000000,1712.6900
1626170309961000,1,0.16684100,1712.2700
1626170310405000,1,0.05935342,1712.2700
1626170311539000,0,0.02920100,1713.7100
1626170333195000,0,5.23036000,1714.0300
1626170333465000,0,0.96964000,1714.0300
1626170333765000,1,0.54128600,1713.1800
1626170334774000,0,0.24048692,1715.2700
1626170344047000,0,3.25000000,1714.6000
1626170396865000,0,3.53609243,1715.2900
1626170405205000,0,4.60000000,1715.6800
1626170413411000,1,0.15681100,1717.0000
1626170419196000,0,0.01300000,1719.3300
1626170423931000,0,0.25000000,1720.0000
1626170423983000,0,0.75000000,1720.0000
1626170424200000,0,4.90800000,1720.6300
1626170424200000,0,3.00000000,1720.8900
1626170427872000,0,8.87439788,1722.8600
1626170427872000,0,3.68280212,1722.9000
1626170428694000,0,0.00015233,1722.9000
1626170428779000,0,4.07442536,1723.5400
1626170428800000,0,0.11000000,1723.5300
1626170428800000,0,0.83663943,1723.5400
1626170429055000,0,0.46950000,1724.4700
1626170429055000,0,4.41909391,1724.4800
1626170429077000,0,7.36680000,1724.8800
1626170429220000,0,0.24342598,1724.3100
1626170429282000,0,0.00009439,1724.8800
1626170429592000,0,0.01182657,1724.9300
1626170429592000,0,0.91568370,1725.6400
1626170429645000,0,0.92625953,1725.6400
1626170429809000,1,0.55516542,1725.8200
1626170429809000,1,1.90015938,1724.4200
1626170429860000,0,7.95500000,1726.3600
1626170429860000,0,0.07555069,1726.5800
1626170432999000,1,1.40000000,1726.6200
1626170434920000,1,1.40000000,1726.5100
1626170439233000,0,1.40000000,1725.9200
1626170439233000,0,0.35500000,1726.1800
1626170444560000,0,1.40000000,1724.3200
1626170444560000,0,0.55516543,1724.4200
1626170444623000,1,0.11000000,1724.8500
1626170444630000,1,4.13483457,1724.8500
1626170450960000,1,0.25165000,1723.2100
1626170478909000,1,1.40000000,1720.5000
1626170497067000,0,0.69865209,1721.9300
1626170517164000,0,0.39762556,1721.9800
1626170608281000,0,0.01726746,1724.1200
1626170618092000,1,1.40000000,1721.8700
1626170667166000,1,0.11454206,1719.9700
1626170713115000,0,0.28858725,1723.9500
1626170815698000,0,0.23508570,1719.1300
1626170905483000,1,0.17000000,1717.7600
1626170905508000,1,0.00669595,1717.7600
1626170962778000,0,1.40000000,1715.4000
1626170962792000,0,4.80000000,1715.4000
1626170969363000,0,0.01291182,1715.7300
1626170997941000,0,0.16618800,1716.1100
1626171001339000,0,3.26570000,1716.5800
1626171001372000,0,0.00000281,1716.5800
1626171009870000,0,0.02008354,1715.9000
1626171024956000,1,0.30000000,1712.8600
1626171028136000,0,1.11419000,1714.1400
1626171033565000,1,1.42813166,1712.4600
1626171033565000,1,0.66188108,1712.4500
1626171113139000,0,0.39893500,1713.7500
1626171113385000,0,0.14236500,1713.7500
1626171113385000,0,0.25657000,1713.7500
1626171116503000,0,0.11437769,1713.5700
1626171143205000,0,0.16630800,1713.1600
1626171152747000,1,0.04089795,1711.2900
1626171202888000,0,0.01853677,1714.4100
1626171237522000,0,0.22884129,1712.8200
1626171272564000,0,4.56114000,1713.4800
1626171336213000,1,0.07500000,1710.0000
1626171364124000,0,0.09988134,1710.4900
1626171367959000,1,0.03284300,1709.1100
1626171384731000,1,0.13339558,1707.8900
1626171395566000,0,0.11000000,1709.4400
1626171448986000,0,0.04852298,1710.4500
1626171570806000,1,0.05915406,1710.1300
1626171596646000,0,0.02234534,1712.1300
1626171778484000,0,0.02000015,1715.2800
1626171840311000,1,0.02502682,1716.0300
1626171842618000,0,7.99200000,1717.6700
1626171884339000,0,4.91199999,1720.0400
1626171884341000,0,0.00000001,1720.0400
1626171905451000,0,0.06108610,1719.3600
1626171914149000,1,0.06782227,1716.5300
1626171924556000,1,0.20000000,1716.2200
1626171984543000,0,0.77000000,1716.3600
1626172049787000,0,0.01698094,1715.5900
1626172057627000,0,0.16627700,1714.8600
1626172076477000,0,6.20000000,1714.5200
1626172076477000,0,2.36245072,1714.6400
1626172085822000,0,0.16631600,1713.4900
1626172097302000,0,0.16633300,1713.5400
1626172125139000,0,0.07550227,1715.1800
1626172144550000,0,0.16633400,1713.4900
1626172172465000,1,0.09900000,1712.6500
1626172198852000,0,0.01737686,1714.0000
1626172244088000,0,0.08620187,1714.0000
1626172245955000,0,2.95000000,1714.0000
1626172268222000,1,0.40640000,1713.4100
1626172301406000,0,0.08496611,1714.0000
1626172302867000,1,0.10000000,1712.7300
1626172304444000,0,2.00879697,1714.0000
1626172320263000,0,0.06065338,1714.6400
1626172376303000,0,0.28187380,1715.7600
1626172439138000,1,0.01972000,1712.9900
1626172462355000,0,0.16640000,1712.2200
1626172655296000,0,0.01796816,1713.9800
1626172661233000,1,0.14261234,1712.9500
1626172676709000,0,0.83573349,1714.4700
1626172680393000,0,0.05777311,1714.4800
1626172691755000,1,0.05910676,1712.3100
1626172722884000,0,0.05408729,1713.7600
1626172740355000,0,8.90754020,1713.8300
1626172740355000,0,2.46494164,1713.8300
1626172740355000,0,3.69728945,1714.0200
1626172740355000,0,4.93029934,1714.2800
1626172740355000,0,6.16285360,1714.4900
1626172740355000,0,0.19070145,1714.8200
1626172740355000,0,0.79000000,1714.8300
1626172740355000,0,0.55164871,1714.8500
1626172740355000,0,3.48510204,1715.1600
1626172740355000,0,6.16101483,1715.1700
1626172740355000,0,5.40000000,1715.5000
1626172740355000,0,1.81505851,1715.5900
1626172740355000,0,28.86849284,1715.6000
1626172740355000,0,9.86078130,1715.6600
1626172740355000,0,28.01400000,1715.8600
1626172740355000,0,7.23798781,1716.1400
1626172740591000,0,0.55164871,1714.3100
1626172740591000,0,3.14565129,1714.4400
1626172741770000,1,6.20000000,1715.9300
1626172741770000,1,3.00000000,1715.6900
1626172741770000,1,11.70000000,1715.6800
1626172749767000,1,1.27990000,1715.6300
1626172749767000,1,6.20000000,1715.4500
1626172779769000,1,6.20000000,1716.6500
1626172779769000,1,9.59815021,1716.2900
1626172875897000,0,0.92650918,1718.3100
1626172879347000,1,0.39251046,1716.2600
1626172892003000,1,0.55059642,1715.3000
1626172892047000,1,0.76549060,1715.4100
1626172892069000,1,0.11000000,1715.4100
1626172892070000,1,0.52450940,1715.4100
1626172908532000,0,0.01736855,1714.5000
1626172923571000,0,2.46568000,1713.5800
1626172923902000,0,0.00000277,1713.5800
1626172923902000,0,3.69851723,1713.5900
1626172927834000,0,2.46495180,1714.0300
1626172927834000,0,3.69742343,1714.0800
1626172929666000,0,2.46495180,1714.0300
1626172929666000,0,3.69742343,1714.0800
1626172929793000,0,4.92989790,1714.5600
1626172971616000,0,2.46404055,1714.7900
1626172980468000,0,2.46299486,1715.5800
1626172980468000,0,3.53947737,1715.8000
1626172988288000,0,0.30622197,1715.3400
1626173021474000,0,2.46380000,1715.0800
1626173054977000,1,0.01725668,1714.4000
1626173077604000,0,0.00000827,1715.0800
1626173077604000,0,0.57860280,1715.2200
1626173093775000,0,0.01736076,1715.7100
1626173179188000,0,0.45047797,1713.6500
1626173204551000,1,0.88677938,1713.1800
1626173238345000,0,0.05655367,1713.6400
1626173240628000,1,0.02007900,1712.7000
1626173248668000,1,0.05930566,1712.9200
1626173278131000,0,2.46501000,1713.7900
1626173340036000,0,0.19730726,1712.8000
1626173346541000,1,0.40000000,1711.5600
1626173366941000,1,0.06961398,1711.4100
1626173396679000,0,0.57132975,1714.1100
1626173400262000,1,0.08328192,1712.7800
1626173443011000,1,2.46505738,1712.4600
1626173443011000,1,6.69534262,1712.4400
1626173444216000,0,0.08377223,1713.9300
1626173491403000,1,0.17055801,1711.0800
1626173501196000,0,0.16637400,1711.2300
1626173501439000,0,0.16637400,1711.5000
1626173511035000,1,2.85000000,1710.1700
1626173516028000,1,1.56918762,1710.0000
1626173517004000,1,0.03202424,1710.0000
1626173517555000,0,1.26400000,1709.8100
1626173522221000,1,24.80000000,1708.9900
1626173523989000,0,0.16642400,1709.8100
1626173549357000,0,0.16644000,1709.9800
1626173560296000,0,0.16644300,1709.7400
1626173560302000,1,0.00000001,1707.8900
1626173560377000,1,3.02285791,1707.7500
1626173560602000,1,0.58483733,1707.4700
1626173560617000,1,0.00000001,1707.4700
1626173561575000,0,0.72820000,1708.8600
1626173561575000,0,0.22532400,1708.8700
1626173582524000,0,0.03000000,1707.1100
1626173582669000,0,0.00078621,1707.1100
1626173587571000,0,0.16655400,1707.1600
1626173587903000,0,0.16655400,1707.0800
1626173588307000,1,0.01822912,1706.2300
1626173588308000,1,0.00000001,1706.2300
1626173589959000,0,0.79762800,1706.8700
1626173595308000,1,1.40000000,1704.7700
1626173595308000,1,3.27546925,1704.7600
1626173595309000,1,2.47434733,1704.7600
1626173595471000,1,0.45018342,1704.7600
1626173595471000,1,6.43029947,1704.4800
1626173602981000,1,4.27977406,1705.5500
1626173602982000,1,1.92022594,1705.5500
1626173606377000,0,0.16664700,1705.7400
1626173610762000,1,1.40000000,1704.8400
1626173610762000,1,0.02800996,1704.8400
1626173623981000,0,0.95469700,1704.6000
1626173627080000,0,4.55699000,1703.8400
1626173644767000,0,1.40000000,1706.0300
1626173679026000,0,0.05772141,1706.1700
1626173739930000,1,0.05911504,1704.2200
1626173757845000,0,2.60000000,1705.3000
1626173757923000,0,2.35000000,1705.3000
1626173760280000,0,0.29026810,1706.4500
1626173838986000,0,0.01437328,1708.0300
1626173920074000,0,0.02328474,1707.0100
1626173937327000,0,0.36223247,1706.8300
1626173952206000,0,0.03314049,1706.7600
1626173953433000,0,1.00460000,1707.0600
1626173997732000,0,0.08550425,1707.2000
1626174000355000,0,0.92812630,1707.2000
1626174005083000,0,4.94600000,1707.4500
1626174073968000,1,0.10639929,1708.0700
1626174120321000,0,0.02899111,1708.6600
1626174124522000,1,0.28640000,1707.7500
1626174174367000,1,0.01536826,1706.7700
1626174276768000,0,0.02621134,1703.6700
1626174283311000,0,0.01488147,1703.5600
1626174337416000,0,0.17095000,1701.7300
1626174356172000,1,0.30112904,1700.5500
1626174357101000,1,0.17513529,1700.0000
1626174357101000,1,6.43374621,1700.0000
1626174357101000,1,3.56625379,1700.0000
1626174357101000,1,0.16193397,1700.0000
1626174357778000,1,0.83806603,1700.0000
1626174357778000,1,1.00000000,1700.0000
1626174357778000,1,0.55339094,1699.1400
1626174357778000,1,1.87800000,1699.0900
1626174357778000,1,1.08792049,1698.9600
1626174357778000,1,0.58784902,1698.9400
1626174357778000,1,0.13086441,1698.9300
1626174360585000,0,4.96400000,1700.9600
1626174392419000,0,0.05845819,1701.9000
1626174442102000,1,0.24290000,1698.1400
1626174442102000,1,1.22770000,1698.0300
1626174442107000,1,0.24297475,1698.0300
1626174442182000,1,0.58760032,1698.3500
1626174442352000,0,1.40000000,1699.7000
1626174442352000,0,0.04945871,1699.7100
1626174442775000,1,1.45420250,1697.4500
1626174442775000,1,0.01469750,1697.4000
1626174442894000,0,4.97300000,1697.9200
1626174442970000,0,0.08000000,1697.9200
1626174442979000,0,1.14700000,1697.9200
1626174443204000,1,1.38460000,1697.4600
1626174443207000,1,7.37475863,1697.4000
1626174443212000,1,3.00000000,1697.4100
1626174443212000,1,4.43939380,1697.4000
1626174443511000,1,24.80000000,1697.4000
1626174450679000,0,5.61540000,1698.7700
1626174458847000,0,0.17111000,1698.7400
1626174466282000,0,1.50000000,1697.5200
1626174470984000,0,0.17123000,1697.1700
1626174477129000,0,0.01727319,1697.1600
1626174480250000,0,0.11759108,1697.1600
1626174504358000,0,0.17122000,1696.7700
1626174504965000,1,0.12577399,1695.5500
1626174505649000,1,1.40000000,1695.4500
1626174505649000,1,0.02800996,1695.4400
1626174526823000,1,0.44000000,1695.0000
1626174526834000,1,0.13138835,1695.0000
1626174530100000,1,1.02000000,1695.0000
1626174533243000,1,0.00486533,1695.0000
1626174533243000,1,0.38437860,1694.1600
1626174533243000,1,0.76638578,1694.0000
1626174534952000,0,0.05877927,1695.3100
1626174540961000,0,1.77870000,1694.9200
1626174541081000,0,1.35450000,1694.9100
1626174548338000,1,0.04529495,1694.6700
1626174548589000,0,0.17131000,1695.0300
1626174602863000,0,0.18804550,1697.7600
1626174609999000,1,0.16501417,1696.8800
1626174617185000,0,0.29521100,1698.5600
1626174629339000,1,0.03396075,1696.3700
1626174791230000,0,0.03089843,1697.9100
1626174837829000,0,0.07884964,1699.0900
1626174838446000,1,0.03500000,1697.9700
1626174838941000,0,2.01908844,1699.4400
1626174929236000,1,0.22313757,1695.6200
1626174930980000,0,0.02925044,1697.5800
1626174944317000,1,6.20000000,1696.9100
1626174944317000,1,1.40000000,1696.9100
1626174944317000,1,0.32415550,1696.7300
1626174944317000,1,9.26531969,1696.7200
1626174944317000,1,30.37770000,1696.7000
1626174944317000,1,0.58908183,1696.4500
1626174944317000,1,1.87800000,1696.4400
1626174944317000,1,3.00000000,1696.4300
1626174944317000,1,2.71574298,1696.4200
1626174955183000,1,6.20000000,1696.4200
1626174955183000,1,2.48857106,1696.3800
1626174955183000,1,1.87800000,1696.1500
1626174955183000,1,15.61425702,1696.0900
1626174955183000,1,2.00000000,1696.0000
1626174955183000,1,0.55000000,1696.0000
1626174955183000,1,11.62000000,1695.9900
1626174955183000,1,18.88300000,1695.9900
1626174955183000,1,0.58913736,1695.8400
1626174955183000,1,0.55759192,1695.8300
1626174955183000,1,4.97691137,1695.7600
1626174955183000,1,1.47308381,1695.4700
1626174955183000,1,16.79444746,1695.4600
1626174966734000,0,0.03438136,1698.5100
1626174967095000,1,6.20000000,1697.2700
1626174967095000,1,2.48709443,1697.1900
1626174967095000,1,10.64300000,1697.0600
1626174967095000,1,17.29700000,1697.0100
1626174967095000,1,6.20000000,1696.9900
1626174967095000,1,2.00000000,1696.9900
1626174967095000,1,9.29335779,1696.6100
1626174967095000,1,0.58899856,1696.6000
1626174967095000,1,3.73191602,1696.5900
1626174967095000,1,0.55759192,1696.4100
1626174967095000,1,1.47251116,1696.2400
1626174967095000,1,4.97576272,1696.2300
1626174967095000,1,3.82833792,1695.9300
1626174967095000,1,14.34942948,1695.9200
1626175020263000,1,0.40000000,1697.7400
1626175021721000,0,0.11713636,1698.9600
1626175058964000,0,0.02918490,1700.7200
1626175129898000,0,0.02188250,1700.8500
1626175182956000,0,0.01750456,1701.6100
1626175286130000,0,0.25115940,1702.4800
1626175287311000,1,1.48969820,1701.1100
1626175287404000,1,0.58747604,1700.9000
1626175310497000,1,0.10650000,1700.8500
1626175327292000,0,4.96200000,1702.4300
1626175353266000,0,0.02040760,1703.6300
1626175530342000,0,0.01491883,1698.7700
1626175553282000,1,0.08689000,1696.2400
1626175563947000,1,0.05953732,1696.9900
1626175638659000,0,0.05657931,1699.3300
1626175705601000,1,0.02694304,1699.6000
1626175771756000,0,0.10277086,1699.3000
1626175855523000,1,0.01624923,1700.2700
1626175920250000,0,0.20840214,1700.2900
1626175977564000,1,1.05000000,1699.0600
1626176005570000,0,1.07580000,1699.5900
1626176096464000,0,4.96200000,1702.1600
1626176099084000,0,0.85651227,1702.6200
1626176123987000,1,1.56100000,1700.6300
1626176160248000,0,0.02111584,1702.0200
1626176179258000,1,2.48249484,1700.7900
1626176179258000,1,1.69921605,1700.7400
1626176179370000,1,1.31047952,1700.7900
1626176179371000,1,1.17201532,1700.7900
1626176245304000,0,0.20208935,1701.9000
1626176280249000,0,0.02908770,1702.4000
1626176284370000,0,1.40000000,1703.7800
1626176285805000,0,0.58394905,1703.9500
1626176402015000,1,0.42294100,1704.5400
1626176417383000,1,2.47762000,1704.6900
1626176434479000,1,0.97710000,1705.5000
1626176434479000,1,0.02268638,1705.3900
1626176435968000,0,0.79000000,1708.0300
1626176450059000,0,2.12312185,1708.8800
1626176491846000,0,0.03054925,1707.7800
1626176521391000,0,0.37587098,1710.5300
1626176552484000,0,0.88600000,1711.0800
1626176567725000,0,0.03275888,1710.9200
1626176734406000,0,0.21502159,1708.0100
1626176775980000,0,3.20078269,1706.8600
1626176781590000,1,0.05958538,1705.7800
1626176809808000,1,0.04370651,1707.6400
1626176809950000,1,0.00000001,1707.6400
1626176836990000,0,0.10517226,1705.9700
1626176856528000,0,0.03848136,1706.8000
1626176860187000,0,0.03599908,1706.7100
1626176863525000,0,1.05160672,1706.5200
1626176876674000,0,0.57402036,1706.5000
1626176932143000,1,0.58554000,1706.5800
1626176932189000,1,0.00000964,1706.5800
1626176932390000,1,0.58569809,1706.1300
1626176958910000,0,0.05842874,1703.1000
1626176996528000,1,0.25000000,1701.6500
1626177056469000,1,0.08752428,1699.3600
1626177083193000,1,1.80000000,1700.4200
1626177083223000,1,0.68400928,1700.4200
1626177083245000,1,0.58777301,1700.2300
1626177083353000,1,1.46948180,1699.7900
1626177083459000,1,0.80952474,1699.7400
1626177083461000,1,1.67547197,1699.7400
1626177083461000,1,0.23914905,1699.5600
1626177083467000,1,0.34861014,1699.5600
1626177083467000,1,3.82070912,1699.5400
1626177083988000,0,0.17109000,1699.0400
1626177088497000,1,1.40000000,1696.9800
1626177088497000,1,0.11000000,1696.9700
1626177088497000,1,1.74000000,1696.9700
1626177088671000,1,0.58854893,1696.7800
1626177088671000,1,1.16225107,1696.5600
1626177089239000,0,6.05000000,1696.8900
1626177089378000,0,0.42744000,1697.8100
1626177091518000,1,0.58879000,1695.6500
1626177091665000,1,0.00000741,1695.6500
1626177091665000,1,0.58853259,1695.0300
1626177091868000,1,0.58879741,1695.0500
1626177091868000,1,0.00001634,1695.0300
1626177091960000,1,0.05760000,1695.0000
1626177092982000,1,0.00000593,1695.0000
1626177093284000,1,2.00000000,1693.7300
1626177094779000,0,0.84393000,1692.7800
1626177096534000,0,0.59650000,1692.9600
1626177096560000,1,0.11000000,1694.4700
1626177096698000,1,0.69350000,1694.4700
1626177102937000,0,1.49485804,1692.7800
1626177109395000,0,0.54380969,1693.8800
1626177115890000,0,0.40236250,1691.9600
1626177116507000,1,2.97117225,1690.0900
1626177117368000,1,0.59122027,1690.0100
1626177117368000,1,1.05175370,1690.0000
1626177117368000,1,0.06162102,1690.0000
1626177117368000,1,0.01406751,1690.0000
1626177117368000,1,0.01741486,1690.0000
1626177117381000,1,0.00000001,1690.0000
1626177117465000,1,1.47799560,1689.6100
1626177117519000,1,0.94617219,1688.7400
1626177117519000,1,3.84299454,1688.7300
1626177118259000,1,0.39503188,1688.4600
1626177121598000,0,3.20000000,1688.0900
1626177121668000,0,1.33084059,1688.0900
1626177121680000,0,2.06915941,1688.0900
1626177122099000,1,0.92647000,1685.8200
1626177122099000,1,1.23503000,1685.8000
1626177122363000,1,0.86599000,1689.6500
1626177122408000,1,0.00000844,1689.6500
1626177128528000,1,0.29372000,1685.4300
1626177128704000,0,0.94286063,1687.4000
1626177131257000,1,3.00000000,1685.4700
1626177132191000,0,0.02938762,1686.3900
1626177133107000,1,0.00000297,1685.4300
1626177135200000,0,0.78668841,1686.7100
1626177135859000,0,1.50290000,1686.7200
1626177141629000,0,0.98234120,1688.7000
1626177148042000,0,0.73665553,1687.4700
1626177151878000,1,0.59266000,1686.0400
1626177156470000,0,0.55252886,1686.7000
1626177174800000,1,0.73660000,1685.0200
1626177176224000,0,0.14510432,1685.8900
1626177177474000,0,0.41439155,1685.8200
1626177184891000,0,0.31075128,1687.5200
1626177225389000,1,0.11094393,1687.4100
1626177245546000,1,0.20000000,1688.4500
1626177255322000,1,2.19800000,1687.7600
1626177286315000,0,0.02946454,1688.4700
1626177294408000,1,2.50260000,1687.8700
1626177302070000,0,0.15757987,1688.9700
1626177356461000,0,0.02612153,1686.7300
1626177357455000,0,0.34822791,1687.4700
1626177392642000,0,0.05892280,1688.6500
1626177424158000,0,4.25988000,1688.6500
1626177424234000,0,0.13791000,1688.6500
1626177424301000,0,0.00000510,1688.6500
1626177426362000,0,5.00000000,1689.7800
1626177503405000,1,1.07936300,1692.3800
1626177503406000,1,0.32063700,1692.3800
1626177503406000,1,0.51566941,1692.2700
1626177503407000,1,0.68192781,1692.2700
1626177503422000,1,1.78161536,1692.4900
1626177503426000,1,5.67338464,1692.4900
1626177503447000,1,0.59044530,1692.0700
1626177503447000,1,0.30368015,1692.0700
1626177503452000,1,0.28677910,1692.0700
1626177503621000,1,0.59045925,1691.7000
1626177503621000,1,0.59044530,1691.7000
1626177503877000,1,0.58800000,1690.9600
1626177503894000,1,0.00245925,1690.9600
1626177503905000,1,0.59044530,1690.5700
1626177614539000,1,0.06001863,1683.3700
1626177615000000,1,0.12577400,1683.8400
1626177617029000,0,1.39999999,1685.0500
1626177634798000,1,0.05500000,1683.8800
1626177634833000,1,0.53847945,1683.8800
1626177634847000,1,1.48370198,1683.5700
1626177636222000,0,0.55607001,1683.3900
1626177636224000,0,0.00000001,1683.3900
1626177638036000,1,1.40000000,1682.2700
1626177639912000,1,0.59431000,1681.5000
1626177676773000,0,2.66900000,1684.2900
1626177693272000,1,0.11000000,1683.2200
1626177701790000,1,1.40000000,1682.7100
1626177701943000,1,0.56156678,1682.4000
1626177703273000,1,0.01189488,1681.4000
1626177710590000,1,0.20000000,1680.0000
1626177710590000,1,0.01184800,1680.0000
1626177710590000,1,4.83815200,1680.0000
1626177711455000,1,1.16184000,1680.0000
1626177717466000,1,0.00000800,1680.0000
1626177717466000,1,1.22949200,1679.6800
1626177720256000,0,0.04654557,1680.9200
1626177732592000,0,0.83791000,1679.9900
1626177732620000,0,1.93344237,1680.0000
1626177756562000,1,0.30141866,1679.0900
1626177756818000,1,0.84703655,1679.0900
1626177770187000,1,0.69865209,1678.6500
1626177789957000,1,1.10412860,1676.7800
1626177796667000,0,0.01772507,1678.6900
1626177797688000,0,0.05907715,1679.0100
1626177825329000,0,0.02912261,1679.6800
1626177838434000,0,0.11678519,1679.7900
1626177846138000,0,0.06785380,1680.3100
1626177846206000,0,0.01772971,1680.3100
1626177885360000,0,0.07000000,1681.8600
1626177909220000,0,8.16200000,1681.9000
1626177909263000,0,0.03000000,1681.7400
1626177909295000,0,0.95386701,1682.0300
1626177918563000,0,0.02700000,1683.6500
1626177918563000,0,6.20000000,1683.6500
1626177918563000,0,5.01500000,1683.7800
1626177918563000,0,5.30553181,1683.8300
1626177918571000,0,2.84646819,1683.8300
1626177918749000,0,0.33419491,1684.2400
1626177925149000,1,8.25200000,1682.4000
1626177925149000,1,2.57900000,1682.2500
1626178026309000,0,0.01873681,1684.1700
1626178077914000,1,0.39876000,1683.2000
1626178080249000,0,0.19721223,1684.5100
1626178104714000,0,0.02949843,1686.5300
1626178121499000,0,5.89874558,1686.8400
1626178137809000,0,0.05883761,1686.9300
1626178144593000,0,9.80834224,1686.9300
1626178148204000,0,0.78999999,1687.3100
1626178148238000,0,0.00000001,1687.3100
1626178150015000,0,9.80160338,1687.5000
1626178156809000,0,0.29418808,1688.6400
1626178158566000,0,3.30078005,1688.6400
1626178158566000,0,2.43000000,1688.6600
1626178182098000,1,3.98000000,1687.5700
1626178182180000,1,3.53093526,1687.5700
1626178209623000,1,5.50000000,1684.8300
1626178212011000,1,0.49000000,1684.8300
1626178212012000,1,0.97000000,1684.8300
1626178212029000,1,0.60000000,1684.8300
1626178214415000,1,0.54123697,1684.8300
1626178214514000,1,0.05500000,1684.8300
1626178230799000,1,0.57000000,1683.9600
1626178232835000,1,9.05000000,1683.9600
1626178259907000,0,0.05500000,1685.1500
1626178260499000,0,0.80216693,1685.1500
1626178260552000,0,1.14767886,1685.1500
1626178261082000,0,1.81000000,1685.2700
1626178261431000,0,0.25000000,1685.2700
1626178261591000,0,0.31233251,1685.2700
1626178262087000,0,7.53000000,1685.2700
1626178263773000,0,0.00828184,1685.2700
1626178264788000,0,0.02902529,1685.7100
1626178279753000,1,0.20000000,1684.2900
1626178280085000,1,0.39000000,1684.2900
1626178281396000,1,2.51000000,1684.2900
1626178281445000,1,1.99000000,1684.2900
1626178282117000,1,2.36000000,1684.2900
1626178282523000,1,0.77000000,1684.2900
1626178376256000,0,2.50921684,1683.9200
1626178440928000,0,0.02901995,1685.2100
1626178449328000,0,0.02946894,1685.3200
1626178450618000,1,0.56565709,1684.9700
1626178480310000,1,3.76675425,1683.4800
1626178483578000,1,0.06006705,1682.4300
1626178497450000,0,0.01756388,1683.4500
1626178502243000,1,0.05999999,1682.0000
1626178502244000,1,0.00000001,1682.0000
1626178507454000,0,0.05753974,1681.1500
1626178521845000,0,2.69365950,1683.0100
1626178603633000,0,0.02957559,1682.1300
1626178615593000,0,0.89007322,1681.2100
1626178616375000,0,0.05606441,1681.2100
1626178627553000,0,6.20000000,1681.0800
1626178627553000,0,1.39999999,1681.1500
1626178651779000,1,1.80036302,1681.5000
1626178667865000,0,0.02004704,1682.4800
1626178668541000,1,6.20000000,1681.4000
1626178668541000,1,3.80000000,1681.3400
1626178717810000,1,1.40000000,1682.5700
1626178717810000,1,0.07500000,1682.5500
1626178717810000,1,1.83160844,1682.4900
1626178730448000,1,13.03000000,1683.1300
1626178730529000,1,1.96000000,1683.1300
1626178730659000,1,4.85000000,1683.1300
1626178730718000,1,0.02953034,1683.1300
1626178785721000,1,0.05917542,1684.4300
1626178809627000,1,2.40000000,1684.9300
1626178826568000,0,0.01766587,1686.4500
1626178834850000,0,1.40000000,1686.6300
1626178840983000,1,0.05891597,1686.9100
1626178902134000,0,0.58987218,1686.8400
1626178995234000,0,2.33500000,1686.8200
1626179014590000,0,0.14741090,1687.4600
1626179028675000,1,2.50411322,1685.3900
1626179028675000,1,0.59292396,1685.2800
1626179028675000,1,0.24296282,1685.2700
1626179040252000,1,0.10831108,1684.9000
1626179060918000,0,0.05000001,1685.3800
1626179068841000,0,0.72980000,1685.1900
1626179068841000,0,0.73364679,1685.2000
1626179081931000,0,0.03003905,1685.6800
1626179091093000,0,0.01753002,1685.5200
1626179101829000,0,0.08765841,1685.5400
1626179110915000,0,0.01767936,1685.5400
1626179131367000,1,0.32500000,1682.4500
1626179140512000,0,0.04419134,1683.4800
1626179159485000,0,0.39894062,1683.1400
1626179196852000,0,0.04538423,1684.2700
1626179222395000,0,0.32500000,1681.5300
1626179225097000,0,0.11679886,1683.7300
1626179241103000,0,0.05764496,1684.1700
1626179297041000,0,0.01754573,1681.5600
1626179301104000,0,0.59870351,1681.1000
1626179321803000,0,1.22966446,1681.6500
1626179332284000,0,1.26484443,1682.7800
1626179401185000,0,9.85900159,1683.4800
1626179401351000,0,1.40000000,1683.4600
1626179401351000,0,3.06642323,1683.6500
1626179401351000,0,3.00000000,1683.6600
1626179401351000,0,2.73257677,1683.6700
1626179401456000,0,0.50000000,1683.4600
1626179401456000,0,3.00000000,1683.6600
1626179401456000,0,9.60000000,1683.6700
1626179401634000,0,6.20000000,1683.3800
1626179401634000,0,1.40000000,1683.4500
1626179401634000,0,5.82342323,1683.6700
1626179401634000,0,0.32576248,1683.6700
1626179401634000,0,1.95870000,1683.6800
1626179401673000,1,0.50000000,1683.8300
1626179401677000,1,5.50900000,1683.8300
1626179401749000,1,1.38311429,1683.8300
1626179402608000,1,0.03393371,1680.2300
1626179402611000,1,1.36606629,1680.2300
1626179417604000,1,0.76672673,1680.5500
1626179417609000,1,1.13390333,1680.5500
1626179417614000,1,0.87529380,1680.5500
1626179417616000,1,0.74930454,1680.5500
1626179417616000,1,0.90844887,1680.5500
1626179417616000,1,0.57026718,1680.5500
1626179417617000,1,0.74930455,1680.5500
1626179417636000,1,0.76919758,1680.5500
1626179417639000,1,0.96149698,1680.5500
1626179417641000,1,1.41240591,1680.5500
1626179418359000,1,0.24000000,1680.3800
1626179425725000,0,6.20000000,1682.1200
1626179427531000,0,6.20000000,1682.9600
1626179427755000,0,1.40000000,1683.6500
1626179442419000,0,6.19999999,1681.7300
1626179443819000,0,6.19999999,1682.2800
1626179444125000,0,0.92887999,1682.3600
1626179447228000,1,1.39999999,1680.6600
1626179449290000,0,6.20000000,1682.0500
1626179454604000,0,0.28046902,1681.7900
1626179464522000,0,1.39999999,1683.1500
1626179464609000,0,0.00000001,1683.1500
1626179464609000,0,0.56237192,1683.4300
1626179466947000,0,0.01505117,1683.8100
1626179471354000,0,0.53280599,1683.8100
1626179476790000,0,0.00000001,1683.8100
1626179476790000,0,0.59659548,1684.5500
1626179476795000,0,0.00000002,1684.5500
1626179476795000,0,0.56237192,1684.5800
1626179489277000,1,1.59372097,1683.0200
1626179489278000,1,6.40627903,1683.0200
1626179504791000,1,1.40000000,1683.5700
1626179504791000,1,2.15413302,1683.0700
1626179514477000,0,1.40000000,1684.5100
1626179528489000,1,0.91756249,1682.9700
1626179528496000,1,0.48243751,1682.9700
1626179542542000,0,0.05828291,1683.3300
1626179550952000,0,0.11233518,1682.9100
1626179553182000,1,0.05500000,1681.1000
1626179555112000,0,0.04064568,1681.7100
1626179578054000,1,5.70000000,1679.5600
1626179581025000,0,1.99999999,1679.6700
1626179581027000,0,0.00000001,1679.6700
1626179583546000,0,0.14783735,1682.6600
1626179587690000,1,1.29561718,1680.3200
1626179587697000,1,0.10438282,1680.3200
1626179587839000,1,7.90000000,1679.9800
1626179617470000,1,2.51662109,1680.3000
1626179624358000,0,0.05915154,1682.1200
1626179629322000,1,0.40520133,1681.7200
1626179629488000,1,0.03528000,1681.7200
1626179631420000,1,0.38918795,1681.7200
1626179640954000,1,2.51447790,1682.5700
1626179640954000,1,6.20000000,1682.5700
1626179641119000,1,2.51447790,1682.5700
1626179641119000,1,2.51452209,1682.1300
1626179641130000,1,0.96575509,1682.1300
1626179645958000,0,0.01770787,1683.7900
1626179652343000,0,1.40000000,1684.7200
1626179674114000,0,0.08271431,1684.1100
1626179676563000,1,6.20000000,1684.3900
1626179678483000,1,2.51406243,1683.1400
1626179678483000,1,1.40000000,1682.8000
1626179691013000,1,2.51464072,1682.7500
1626179691013000,1,3.76535928,1682.7400
1626179691021000,1,0.00532680,1682.7400
1626179692069000,1,5.90000000,1681.2500
1626179702263000,0,0.56091997,1683.5200
1626179733938000,1,2.51000000,1683.2900
1626179749068000,1,0.09615158,1681.3300
1626179757351000,1,1.40000000,1680.4800
1626179757351000,1,1.33096902,1680.4800
1626179757351000,1,1.95621950,1680.4800
1626179757429000,1,1.46081348,1680.5600
1626179760274000,0,0.11105158,1682.6000
1626179768449000,1,0.24000000,1680.4600
1626179768570000,1,2.51714441,1680.3800
1626179768578000,1,0.00000001,1680.3800
1626179768997000,1,0.00000001,1680.3000
1626179769213000,1,7.33279029,1678.9500
1626179769214000,1,0.66720971,1678.9500
1626179779885000,0,1.23060000,1677.7300
1626179827862000,1,0.96778666,1675.1200
1626179829966000,1,0.60820983,1675.0000
1626179829967000,1,0.59211568,1675.0000
1626179830112000,1,0.47000000,1675.0000
1626179830132000,1,1.08020000,1675.0000
1626179830955000,1,0.85190112,1675.0000
1626179830962000,1,0.67195149,1675.0000
1626179830962000,1,1.05117164,1675.0000
1626179830964000,1,0.67445024,1675.0000
1626179830964000,1,0.42994528,1675.0000
1626179830974000,1,0.85971442,1675.0000
1626179830974000,1,0.61724827,1675.0000
1626179830976000,1,1.35055597,1675.0000
1626179830979000,1,1.10439552,1675.0000
1626179830980000,1,1.27072015,1675.0000
1626179831031000,1,0.76509328,1675.0000
1626179831037000,1,1.36076180,1675.0000
1626179831038000,1,4.33681508,1675.0000
1626179831043000,1,1.34390299,1675.0000
1626179831051000,1,22.85050694,1675.0000
1626179831051000,1,0.06000000,1675.0000
1626179835811000,0,1.00000000,1675.7700
1626179839013000,1,0.10555816,1673.4500
1626179839021000,1,0.00000001,1673.4500
1626179839452000,1,1.13000000,1671.8100
1626179840326000,1,2.20010000,1671.0000
1626179840447000,1,3.00000000,1671.0100
1626179840469000,1,1.30840000,1671.0000
1626179840537000,1,1.12860000,1671.0000
1626179840567000,1,0.58800000,1671.0000
1626179840676000,1,9.77490000,1671.0000
1626179841077000,1,0.63784897,1670.2700
1626179841077000,1,0.60000000,1670.0000
1626179841077000,1,4.00000000,1670.0000
1626179841077000,1,0.59582035,1670.0000
1626179841277000,1,0.56237191,1669.2700
1626179841277000,1,0.10448771,1669.0000
1626179841784000,1,1.40000000,1669.0900
1626179841784000,1,4.80000000,1669.0800
1626179843877000,0,2.81721945,1669.9100
1626179843883000,0,5.42578055,1669.9100
1626179843897000,0,1.40000000,1669.9000
1626179846119000,1,5.06900000,1670.3400
1626179847122000,1,1.01598434,1668.9500
1626179847303000,0,0.01776936,1671.1300
1626179853453000,1,0.65000000,1667.8700
1626179853945000,1,0.00893213,1667.8700
1626179854451000,1,0.01300000,1666.3400
1626179855787000,1,0.56000000,1666.4100
1626179855942000,1,0.00237191,1666.4100
1626179855942000,1,0.02000000,1666.0000
1626179855942000,1,0.17919573,1665.8600
1626179856445000,1,6.20000000,1665.2900
1626179856445000,1,0.30000000,1665.2100
1626179856445000,1,2.00000000,1665.1200
1626179858341000,1,0.04700000,1665.0000
1626179858989000,1,0.05893809,1664.7000
1626179858989000,1,0.94106191,1664.4200
1626179859161000,1,0.05893809,1664.4200
1626179863000000,0,0.22948311,1664.4500
1626179864930000,0,2.81960000,1664.4500
1626179865216000,0,0.05500000,1664.4500
1626179865242000,0,2.57580000,1664.4500
1626179865287000,0,1.02011689,1664.4500
1626179865291000,0,2.05940000,1664.6700
1626179865539000,0,2.05940000,1665.2300
1626179867000000,0,1.89040000,1666.2200
1626179869486000,0,0.00004877,1666.2200
1626179869486000,0,0.01780114,1667.1700
1626179907628000,0,1.01500000,1669.0400
1626179908601000,0,0.00009932,1669.0400
1626179908601000,0,2.19990068,1670.4800
1626179935081000,1,2.00000000,1671.5900
1626179969586000,0,0.01672888,1672.5200
1626179984733000,0,0.11522630,1673.3100
1626180009789000,1,2.00000000,1670.5000
1626180009789000,1,2.00000000,1670.4900
1626180030301000,1,0.23708967,1667.4400
1626180030329000,1,0.00000001,1667.4400
1626180031914000,0,3.46730090,1668.7200
1626180031914000,0,0.34817351,1668.7400
1626180039937000,0,0.23723632,1667.7100
1626180043053000,1,1.40000000,1666.6700
1626180043053000,1,0.74000000,1666.6400
1626180046936000,1,2.03000000,1666.6400
1626180052010000,0,0.36455574,1667.6700
1626180055896000,0,4.83576368,1667.7100
1626180057801000,0,5.06700000,1668.4100
1626180058440000,0,5.06600000,1668.4800
1626180060821000,1,1.99999999,1668.2600
1626180060822000,1,0.00000001,1668.2600
1626180060849000,1,2.00000000,1668.0200
1626180061244000,0,0.02066822,1668.2700
1626180071032000,0,0.15070933,1668.2600
1626180071032000,0,0.02590837,1668.2700
1626180075883000,0,5.07300000,1667.0600
1626180076502000,0,5.07200000,1667.2100
1626180080506000,0,0.17197478,1667.1800
1626180086900000,0,0.12899733,1666.8600
1626180093369000,0,0.09675844,1666.0000
1626180099743000,0,0.07258494,1664.9900
1626180106130000,0,0.05444067,1666.2400
1626180112560000,0,0.04085134,1666.8400
1626180118942000,0,0.03061608,1666.6700
1626180120267000,1,1.88433809,1665.6900
1626180128150000,0,0.02982238,1668.2100
1626180178974000,0,0.72060000,1671.5700
1626180189961000,0,0.01782304,1672.2800
1626180190002000,0,0.28517696,1672.2800
1626180209351000,0,0.74589649,1673.1300
1626180228193000,1,0.50000000,1672.5800
1626180228193000,1,0.23020816,1671.6700
1626180242777000,1,0.24303966,1672.0700
1626180288297000,0,0.02295862,1671.3300
1626180294675000,0,0.01721897,1672.1900
1626180296915000,0,0.01781937,1672.7900
1626180329529000,0,0.01500000,1668.6300
1626180368231000,1,1.12041071,1670.6900
1626180371042000,0,0.01512927,1672.9400
1626180451793000,0,0.28150345,1675.6100
1626180465820000,1,0.52590000,1674.5300
1626180465820000,1,6.20000000,1674.5200
1626180465820000,1,3.27415125,1674.2800
1626180480342000,1,0.09990116,1676.0200
1626180510667000,0,0.01738972,1675.9000
1626180519848000,0,0.11000000,1676.0500
1626180521487000,0,0.13042289,1676.0500
1626180521864000,0,0.16919542,1676.0500
1626180524429000,1,2.52720000,1675.2500
1626180527126000,0,0.04239316,1675.5200
1626180528697000,1,0.58468054,1673.8600
1626180559806000,0,0.02972290,1674.1300
1626180582363000,0,0.05943030,1674.2300
1626180586972000,0,0.05942746,1674.3100
1626180588174000,0,0.29289754,1674.3300
1626180616744000,0,0.43610000,1675.3500
1626180616744000,0,0.12755459,1675.3600
1626180643717000,1,0.05500000,1674.6300
1626180643721000,1,0.09364178,1674.6300
1626180647188000,1,0.48468833,1673.0900
1626180649600000,0,0.01234968,1675.1300
1626180699207000,1,1.00000000,1673.4200
1626180704561000,0,0.01777711,1674.1900
1626180720299000,0,0.03549031,1673.3400
1626180720385000,0,0.05111355,1673.3400
1626180751743000,0,0.93940000,1674.2500
1626180751743000,0,0.31382168,1674.7800
1626180774960000,1,0.01493205,1672.0300
1626180813497000,0,0.01778719,1675.9900
1626180834471000,0,0.34276348,1676.2400
1626180840302000,1,0.69803823,1674.2100
