timestamp ms,type,amount,price
1624147259601000,1,0.01749275,1828.4500
1624147273483000,1,0.01693334,1827.6500
1624147273571000,1,0.00034558,1827.6500
1624147274651000,1,0.01671409,1826.1500
1624147274667000,1,0.00000001,1826.1500
1624147275007000,1,0.01614410,1825.5000
1624147277271000,1,0.01391900,1825.0100
1624147277271000,1,3.26172862,1825.0000
1624147277277000,1,3.27564762,1825.0000
1624147277280000,1,3.27564761,1825.0000
1624147277282000,1,2.92355697,1825.0000
1624147277535000,1,1.70000000,1824.2300
1624147277535000,1,0.05427550,1824.2100
1624147277535000,1,0.01335023,1824.0500
1624147277749000,1,0.01391037,1824.2400
1624147277749000,1,0.51676675,1823.9100
1624147277749000,1,0.13528391,1823.8900
1624147277802000,1,4.25000000,1823.8900
1624147278326000,0,0.04999999,1824.9600
1624147278331000,0,0.00000001,1824.9600
1624147282151000,1,1.40000000,1824.2600
1624147282151000,1,4.62600000,1824.2500
1624147285957000,1,0.60139375,1823.0000
1624147285961000,1,1.66470524,1823.0000
1624147286089000,1,3.27654371,1823.0000
1624147286094000,1,3.27654371,1823.0000
1624147286095000,1,0.68675983,1823.0000
1624147286713000,0,0.05000000,1822.8700
1624147286713000,0,0.04992305,1823.0100
1624147286713000,0,0.04859878,1823.3700
1624147286953000,0,0.04887915,1823.8000
1624147286978000,0,0.00000001,1823.8000
1624147324361000,1,4.63000000,1823.1300
1624147327074000,1,0.02113219,1822.6900
1624147328034000,1,0.02113317,1822.1100
1624147328034000,1,0.01498758,1822.1100
1624147328034000,1,0.29027408,1822.1000
1624147328104000,1,0.38700000,1822.1000
1624147335510000,1,0.00069655,1822.1000
1624147335510000,1,0.01356458,1821.1500
1624147335510000,1,0.03526790,1821.1500
1624147340578000,1,0.05148414,1822.7000
1624147340578000,1,0.00851586,1822.0000
1624147348720000,1,0.03356418,1824.7200
1624147348720000,1,0.01290930,1824.7200
1624147354893000,1,0.02635792,1823.7100
1624147367279000,1,0.01738196,1824.4700
1624147389956000,1,0.02041049,1827.6000
1624147389970000,1,0.00000001,1827.6000
1624147392084000,0,4.54600000,1828.4200
1624147402867000,0,1.40000000,1832.9700
1624147404821000,0,6.10000000,1832.8400
1624147407720000,0,7.48200000,1834.1100
1624147408092000,0,1.40000000,1834.5900
1624147411178000,0,4.60100000,1834.8800
1624147411178000,0,2.88200000,1835.2800
1624147411685000,0,4.60200000,1834.8900
1624147422238000,1,0.02647004,1834.5100
1624147422238000,1,0.02647004,1834.5000
1624147423282000,1,0.02647004,1833.9000
1624147423282000,1,0.02300125,1833.9000
1624147423444000,1,0.00100962,1833.9000
1624147424499000,1,0.02282024,1833.1200
1624147430459000,0,7.48400000,1834.4600
1624147457535000,0,7.46900000,1837.8600
1624147457535000,0,5.70048117,1837.8900
1624147595562000,1,0.01742266,1824.1900
1624147596026000,1,0.01626763,1823.6600
1624147596077000,1,0.04898742,1823.1500
1624147596253000,1,0.01626763,1823.1600
1624147599364000,0,0.05181000,1824.0400
1624147599952000,0,0.00000752,1824.0400
1624147599952000,0,0.04899248,1824.6500
1624147654360000,1,1.00000000,1820.4300
1624147654460000,1,0.02630865,1820.3300
1624147657021000,1,0.03000000,1820.0000
1624147657021000,1,1.00000000,1820.0000
1624147657021000,1,2.14131082,1820.0000
1624147657195000,1,7.85868918,1820.0000
1624147659655000,1,0.04800000,1818.3600
1624147659920000,1,0.95200000,1818.3600
1624147661324000,1,0.76000000,1818.0200
1624147666624000,1,0.01963776,1819.6800
1624147667489000,1,4.64000000,1818.4600
1624147683662000,1,0.02495049,1819.5900
1624147683895000,1,0.00000001,1819.5900
1624147684586000,1,0.02495434,1818.9000
1624147684586000,1,0.26504566,1818.8900
1624147689120000,0,0.03945849,1822.0000
1624147703589000,1,0.01262471,1823.9600
1624147703589000,1,0.01262471,1823.9100
1624147727495000,0,4.62500000,1825.5200
1624147730611000,1,0.02448303,1824.3400
1624147730611000,1,0.05551697,1824.1300
1624147737947000,1,0.01823915,1822.5200
1624147741730000,0,0.27186729,1823.1300
1624147744742000,0,0.27190900,1823.5000
1624147759160000,0,4.10509000,1825.4700
1624147759235000,0,0.52191000,1825.4700
1624147771060000,1,5.91787097,1827.2100
1624147771551000,1,0.05000000,1827.1200
1624147772412000,1,0.05073000,1826.5500
1624147772495000,1,0.00000226,1826.5500
1624147772597000,1,0.05159610,1826.1400
1624147772597000,1,0.01705326,1825.7600
1624147772597000,1,0.01135064,1825.7600
1624147787366000,1,0.01827730,1826.6200
1624147792834000,1,0.01805703,1825.6800
1624147792834000,1,0.04194297,1825.6800
1624147792859000,1,0.00499606,1825.6800
1624147825952000,1,0.02560798,1825.6800
1624147826039000,0,0.17400000,1825.6800
1624147826055000,0,0.00039202,1825.6800
1624147851402000,1,0.02426079,1827.0300
1624147866261000,1,0.02044713,1826.4400
1624147905392000,1,0.01508220,1829.3900
1624147905410000,1,0.00030780,1829.3900
1624147920614000,1,0.01364459,1829.1100
1624147920642000,1,0.00027846,1829.1100
1624147921046000,1,0.01257172,1828.3100
1624147921046000,1,0.07682528,1828.1900
1624147937487000,1,4.62200000,1825.9700
1624147943785000,0,6.10000000,1828.3000
1624147999988000,0,7.51300000,1826.2900
1624148006854000,1,10.38470000,1825.0400
1624148033812000,1,0.01790084,1824.4900
1624148047861000,0,4.65000000,1824.8800
1624148083193000,0,0.76000000,1828.5600
1624148084134000,0,0.05115000,1829.0400
1624148085045000,0,0.00000095,1829.0400
1624148085045000,0,0.51710905,1829.5500
1624148086423000,0,6.10000000,1829.8300
1624148121380000,1,0.01360000,1827.9300
1624148121430000,1,0.00008215,1827.9300
1624148121430000,1,0.04982524,1827.1900
1624148132575000,0,0.13436364,1827.2700
1624148176507000,0,0.39090019,1826.1700
1624148190718000,0,0.02718702,1824.5100
1624148207491000,1,6.10000000,1820.7200
1624148207491000,1,4.63700000,1820.6700
1624148207491000,1,0.80659614,1820.4200
1624148221965000,0,6.10000000,1818.9500
1624148232247000,1,0.22230000,1820.1300
1624148232247000,1,0.02726184,1820.1200
1624148241969000,0,4.63700000,1821.1100
1624148253790000,1,0.02456278,1821.4700
1624148323866000,1,0.01700061,1824.3500
1624148338598000,0,0.10783337,1822.8200
1624148382759000,0,0.02722431,1823.1900
1624148400331000,1,0.01300998,1822.0900
1624148400607000,1,2.95000000,1821.5600
1624148425682000,0,0.11735000,1820.4800
1624148425720000,0,0.00000429,1820.4800
1624148445055000,1,0.08000000,1819.7600
1624148498421000,0,0.21200000,1821.3500
1624148499077000,1,1.00000000,1820.6100
1624148502782000,0,0.13646986,1822.8200
1624148520265000,0,0.14288435,1824.7300
1624148683028000,1,0.76000000,1820.1600
1624148695627000,0,0.01698900,1820.7100
1624148728219000,1,0.55825244,1816.7100
1624148728225000,1,0.00000001,1816.7100
1624148729205000,1,0.75999999,1816.4600
1624148729216000,1,0.00000001,1816.4600
1624148731083000,0,6.10000000,1816.9700
1624148738059000,1,6.10000000,1816.7500
1624148738059000,1,0.01387080,1816.7400
1624148757247000,1,0.01700000,1818.1000
1624148757453000,1,0.00071289,1818.1000
1624148760276000,0,0.14119083,1818.0500
1624148767393000,0,0.03271798,1818.0500
1624148771560000,1,0.05003769,1816.9200
1624148778563000,1,0.01295148,1816.6800
1624148816256000,1,0.02000000,1816.0000
1624148816461000,1,0.00114537,1816.0000
1624148816461000,1,0.02052172,1815.1500
1624148819272000,1,0.76000000,1814.0500
1624148825179000,0,7.56200000,1815.2500
1624148847121000,0,0.03005933,1817.9500
1624148859307000,0,0.01638013,1818.0400
1624148894290000,1,0.75999999,1813.5900
1624148894332000,1,0.00000001,1813.5900
1624148895244000,1,0.21014616,1813.0000
1624148895244000,1,0.54000000,1813.0000
1624148898998000,1,1.00000000,1812.0000
1624148901747000,1,1.00000000,1811.3900
1624148903364000,1,0.04551878,1811.2500
1624148903372000,1,0.00000001,1811.2500
1624148903648000,1,1.23000000,1811.0000
1624148903727000,1,14.14432357,1811.0000
1624148904912000,0,0.05000000,1811.3500
1624148905321000,0,0.00062082,1811.3500
1624148905694000,0,0.04878000,1812.0700
1624148908330000,0,0.00000031,1812.0700
1624148920118000,0,2.06800000,1814.1700
1624148957578000,1,0.07000000,1814.2800
1624148999474000,1,0.01626726,1816.3300
1624148999474000,1,0.04066814,1816.3300
1624148999474000,1,0.04306460,1816.3100
1624148999498000,1,0.00211685,1816.3100
1624149003777000,1,0.03637576,1815.4500
1624149003777000,1,0.09457698,1815.4500
1624149003777000,1,0.01453726,1815.4500
1624149003874000,1,0.00001304,1815.4500
1624149023909000,1,0.02355232,1813.8500
1624149024041000,1,0.00000001,1813.8500
1624149025544000,1,0.02446126,1813.1400
1624149029054000,0,4.65700000,1813.5600
1624149029054000,0,0.87998243,1813.7800
1624149035029000,0,7.56100000,1815.5400
1624149035846000,0,0.01469332,1816.2800
1624149040660000,1,0.01624104,1814.4900
1624149040699000,1,0.00033145,1814.4900
1624149041728000,1,0.01625212,1814.1500
1624149042281000,1,0.00033168,1814.1500
1624149048938000,1,0.04022957,1814.6200
1624149051165000,0,4.65100000,1815.7800
1624149063453000,0,0.74700000,1816.6700
1624149104507000,1,0.01307178,1817.0300
1624149104507000,1,0.00026677,1817.0300
1624149104525000,1,0.03226716,1816.7600
1624149125554000,1,0.02850850,1817.7000
1624149180554000,1,0.02219112,1818.9400
1624149218933000,1,0.01690641,1821.8900
1624149250752000,1,0.14563242,1822.9100
1624149257490000,0,4.62800000,1824.4500
1624149257490000,0,4.29500000,1824.9500
1624149317489000,1,6.10000000,1817.7000
1624149317489000,1,4.64300000,1817.6100
1624149317489000,1,7.54800000,1817.6100
1624149317489000,1,0.05031170,1817.5600
1624149321073000,0,0.16353227,1818.9000
1624149360543000,0,0.47494569,1818.8800
1624149476249000,0,0.31250738,1823.3800
1624149504213000,0,0.06860300,1825.0400
1624149543202000,0,0.41333564,1824.5300
1624149565489000,0,0.47350000,1823.4400
1624149664978000,0,7.53300000,1821.8200
1624149775293000,0,1.36043201,1823.9600
1624149960273000,0,0.28001892,1819.5300
1624150012205000,0,4.26353000,1817.7900
1624150080344000,0,0.02717928,1822.2300
1624150104080000,1,1.40000000,1822.1600
1624150104080000,1,2.00785813,1822.1400
1624150136440000,0,0.02696539,1825.1200
1624150200259000,0,0.03781618,1828.7700
1624150207498000,1,2.41899999,1827.3200
1624150215146000,0,1.17538000,1828.7700
1624150215768000,0,0.00000382,1828.7700
1624150247493000,0,1.40000000,1833.4900
1624150261400000,0,1.40000000,1832.0100
1624150261400000,0,0.60000000,1832.0200
1624150283684000,0,3.73262408,1830.7300
1624150342108000,1,1.40000000,1831.0200
1624150470329000,1,1.40000000,1830.0300
1624150667503000,0,1.40000000,1831.0900
1624150667503000,0,7.49600000,1831.1000
1624150667503000,0,0.04899161,1831.1600
1624150694756000,1,0.05292620,1830.6500
1624150889726000,1,0.15231922,1830.1000
1624150922869000,0,2.48632145,1834.9500
1624150922871000,0,2.11567855,1834.9500
1624150923386000,1,0.49042573,1835.8600
1624150923605000,0,0.54000000,1836.3000
1624150927948000,0,0.05000000,1838.6200
1624150928242000,0,0.00092393,1838.6200
1624150928934000,0,0.76000000,1839.6100
1624150928934000,0,0.05000000,1839.6500
1624150931617000,0,9.20500409,1840.2900
1624150932094000,0,6.57845522,1840.2900
1624150932094000,0,6.09999999,1840.2900
1624150932130000,0,0.00000001,1840.2900
1624150933642000,1,0.05015000,1839.8500
1624150933765000,1,0.00000688,1839.8500
1624150934026000,1,3.27523000,1839.5900
1624150934083000,1,2.82477000,1839.5900
1624150942821000,0,0.06682069,1838.6700
1624150944460000,1,1.24770000,1837.2000
1624150964355000,0,0.05091714,1838.8100
1624150968339000,0,4.43947269,1839.6100
1624150971604000,0,1.14529443,1841.5400
1624150972690000,0,0.15000000,1841.6500
1624150972690000,0,0.00871289,1842.0800
1624150981397000,0,0.53835621,1841.5100
1624150981936000,0,0.53835621,1841.5000
1624150982925000,0,0.53835913,1841.3800
1624151038578000,0,0.76000000,1842.7900
1624151039763000,0,0.68774044,1843.3600
1624151040277000,0,0.26486241,1844.6300
1624151040634000,1,0.04876291,1842.2400
1624151040634000,1,0.11307809,1841.6800
1624151043572000,0,0.01621043,1844.0500
1624151046519000,1,0.05011000,1841.5500
1624151089441000,0,0.22721513,1842.7000
1624151194909000,0,3.43779012,1843.7600
1624151225260000,1,0.22720000,1845.2400
1624151304092000,0,0.03396799,1843.4900
1624151340070000,0,3.44011790,1842.4200
1624151340098000,0,0.80066385,1842.7800
1624151340120000,0,2.03343278,1842.8300
1624151340134000,0,1.55167256,1842.8300
1624151340135000,0,1.00111230,1842.8300
1624151373229000,0,0.03000000,1841.7700
1624151373244000,0,0.00396799,1841.7700
1624151401762000,1,1.00320351,1841.5200
1624151401769000,1,1.96685008,1841.5200
1624152026026000,0,0.05391609,1845.4600
1624152239003000,0,1.79679119,1843.8100
1624152259220000,1,0.38459566,1843.2700
1624152296313000,0,0.75999999,1847.8200
1624152306341000,0,1.02066684,1847.2200
1624152418768000,1,0.02712165,1844.2500
1624152642124000,1,1.76997231,1843.3800
1624152642151000,1,0.85000000,1843.3800
1624152664611000,1,2.90022000,1843.5000
1624152676403000,1,0.04000000,1843.0200
1624152687101000,0,0.51254850,1844.5300
1624152687101000,0,0.30045433,1844.5600
1624152687111000,0,0.90257094,1844.5600
1624152687112000,0,1.89524991,1844.5600
1624152844269000,1,2.93433000,1842.5500
1624152844406000,1,0.00000724,1842.5500
1624153026398000,0,0.02738378,1847.5000
1624153058571000,1,0.07069188,1844.5700
1624153068041000,1,7.43400000,1845.2400
1624153359049000,1,0.70000000,1845.8200
1624153562344000,1,0.02163900,1842.7300
1624153837280000,0,0.11444000,1843.4000
1624153971358000,1,0.18000000,1841.3900
1624154025463000,1,0.47072000,1840.9800
1624154025532000,1,0.00000736,1840.9800
1624154139702000,0,0.00000595,1843.4000
1624154404803000,1,0.02945400,1842.8900
1624154493381000,1,0.01582657,1839.4900
1624154518047000,0,0.05331253,1840.9400
1624154662687000,0,0.27780000,1839.3900
1624154748476000,1,0.10000000,1839.3900
1624154845947000,1,0.10000000,1836.3800
1624154853890000,1,0.21588839,1836.3700
1624155000541000,1,0.09800000,1835.0000
1624155000551000,1,0.00200000,1835.0000
1624155075199000,1,7.46500000,1837.7700
1624155075199000,1,3.44592514,1837.7500
1624155075385000,1,2.60057014,1837.1400
1624155488930000,1,0.03983983,1828.5300
1624155542083000,0,0.11436747,1830.8800
1624155579424000,1,0.42400000,1828.4600
1624155840310000,0,0.05413329,1832.1000
1624155988752000,0,0.02719500,1829.3800
1624156050413000,0,0.04947157,1827.0700
1624156303076000,0,0.02674667,1827.9800
1624156458760000,1,0.11123512,1825.1300
1624156889279000,1,0.10000000,1825.1300
1624156889525000,1,0.04918000,1825.0900
1624157018314000,1,0.50176714,1821.9700
1624157313670000,1,0.04000000,1826.0300
1624157397691000,0,6.10000000,1830.2900
1624157397691000,0,0.50000000,1830.2900
1624157397691000,0,4.61939554,1830.4200
1624157397691000,0,0.04842520,1830.5100
1624157397691000,0,6.10000000,1830.5800
1624157397691000,0,5.77418178,1830.8900
1624157397691000,0,0.05199965,1830.9000
1624157397691000,0,0.50000000,1830.9200
1624157397691000,0,0.50000000,1831.0200
1624157397691000,0,0.51735077,1831.0700
1624157397691000,0,14.89543874,1831.1000
1624157452647000,0,0.21684878,1832.8900
1624157483924000,1,0.12999800,1833.0500
1624157489454000,1,0.55402703,1832.1900
1624157489472000,1,0.55402703,1832.1900
1624157512764000,1,0.03714200,1832.6800
1624157556381000,1,0.05186284,1836.6000
1624157556381000,1,0.03445616,1836.2700
1624157582567000,1,0.25702460,1837.4200
1624157584294000,1,1.11034000,1837.1600
1624157584311000,1,1.11029421,1837.1600
1624157596633000,0,0.05685100,1838.2500
1624157596633000,0,0.05116545,1838.8600
1624157611712000,1,10.05795227,1837.6300
1624157611735000,1,0.15339974,1837.6300
1624157648982000,0,0.02700197,1839.1500
1624157658229000,0,0.04917600,1840.2800
1624157664290000,1,0.04728500,1839.3100
1624157716487000,0,3.41022454,1844.1800
1624157716696000,0,0.23010000,1844.1800
1624157718961000,1,0.12245467,1843.2900
1624158279215000,1,4.60222119,1835.2000
1624158279215000,1,9.90771015,1834.9000
1624158279215000,1,7.47600000,1834.8800
1624158279215000,1,3.00000000,1834.8800
1624158279215000,1,4.60000000,1834.8200
1624158279215000,1,4.60328402,1834.7900
1624158279215000,1,0.04820753,1834.7600
1624158279215000,1,5.36936879,1834.3700
1624158289252000,0,0.01083547,1836.5600
1624158349312000,1,0.03970550,1839.8600
1624158415387000,0,0.51381888,1845.9400
1624158433954000,0,4.57700000,1844.6300
1624158484872000,0,3.43184898,1846.9900
1624158484872000,0,4.57579862,1847.2300
1624158484872000,0,2.15620615,1847.2700
1624158484875000,0,0.84379385,1847.2700
1624158484973000,0,0.04901900,1847.5500
1624158485360000,0,0.05000000,1847.9200
1624158486061000,0,0.04700000,1848.5100
1624158486540000,0,0.00076535,1848.5100
1624158504624000,0,3.42904545,1849.6500
1624158509901000,0,0.80300000,1851.9500
1624158510418000,0,0.00000609,1852.7200
1624158514061000,1,0.10843100,1852.0800
1624158529668000,0,2.10265310,1851.3700
1624158701335000,1,0.51000000,1847.1600
1624158831170000,1,0.04000000,1845.2000
1624158881406000,1,4.57400000,1846.4400
1624158907857000,0,0.13267691,1847.7800
1624158911205000,1,0.00007145,1846.4400
1624158911205000,1,3.42992855,1846.4200
1624158911238000,1,0.00159231,1846.4200
1624158944028000,0,4.57900000,1844.9800
1624158982332000,0,0.02693498,1847.0400
1624158995632000,1,3.43261000,1845.7000
1624158995687000,1,0.00000589,1845.7000
1624159054118000,0,0.01612965,1845.7600
1624159136649000,0,0.13307782,1843.9500
1624159198053000,0,0.04079235,1844.5900
1624159443900000,1,0.01100000,1846.6300
1624159470371000,0,0.05372682,1847.4000
1624159689626000,0,0.02060649,1849.4000
1624159747669000,0,0.00000001,1849.4000
1624159764148000,1,3.42000000,1848.9600
1624160110289000,1,1.40000000,1845.2700
1624160134992000,0,1.28040000,1845.8200
1624160134992000,0,1.22908436,1845.8300
1624160251362000,0,0.02688597,1846.9800
1624160366525000,0,3.43395000,1845.6800
1624160631414000,1,0.05179803,1851.1700
1624160647555000,1,1.43800000,1849.7300
1624160677449000,1,0.04065105,1848.4900
1624160692752000,0,0.04140660,1849.8300
1624160816441000,0,0.01074845,1852.3600
1624160862507000,0,3.42465530,1851.3100
1624160862609000,0,4.56590490,1851.6900
1624160862628000,0,1.65193530,1851.3100
1624160862643000,0,1.34806470,1851.3100
1624160862649000,0,0.42465530,1851.3100
1624160920065000,1,0.16157000,1851.3600
1624160930722000,0,3.42364000,1851.6900
1624160932702000,1,0.05000000,1851.7400
1624160945106000,1,0.00000311,1851.3600
1624161000287000,0,0.13339057,1850.4500
1624161145395000,0,3.42675224,1850.1700
1624161145395000,0,1.62813710,1850.2900
1624161320238000,1,0.59462103,1848.8300
1624161340624000,1,0.04637613,1847.3700
1624161354725000,1,0.76000000,1846.4300
1624161376851000,0,0.13471025,1846.5600
1624161397949000,0,0.26879365,1846.5900
1624161451480000,1,0.03953905,1845.0300
1624161476938000,0,0.13251417,1845.2500
1624162026067000,0,3.30717000,1852.5100
1624162038900000,0,0.04230091,1855.4400
1624162080322000,0,0.10819929,1854.2600
1624162086709000,1,0.19750000,1853.1700
1624162178842000,0,0.11139000,1855.3700
1624162178893000,0,0.00000077,1855.3700
1624162203115000,0,3.41517000,1856.4900
1624162436527000,1,1.40000000,1853.4300
1624162436527000,1,6.10000000,1853.4200
1624162436527000,1,5.23700000,1853.3200
1624162436527000,1,2.46751505,1853.2500
1624162436814000,0,0.01604657,1854.8500
1624162728623000,0,0.02630000,1861.3900
1624162728654000,0,0.00000865,1861.3900
1624162730693000,0,1.00000000,1862.4900
1624162733033000,0,1.40000000,1863.1900
1624162776774000,0,3.00000000,1862.9300
1624162776774000,0,4.53899450,1863.1300
1624162788916000,1,0.02982000,1864.1600
1624163087310000,0,1.18070863,1861.0300
1624163259464000,0,0.09070759,1862.5700
1624163339719000,1,0.10000000,1861.2000
1624163400310000,0,0.02575370,1862.5600
1624163414997000,0,0.76000000,1865.2500
1624163457483000,0,0.26657843,1866.2800
1624163765864000,1,0.27850000,1866.3100
1624163796801000,0,0.05318473,1868.2400
1624163797697000,0,0.70681000,1868.2400
1624163811137000,1,0.04800000,1866.8900
1624163977907000,0,0.30489779,1866.0400
1624164000303000,0,0.07940540,1866.0800
1624164057257000,0,0.24675797,1866.8900
1624164106838000,0,0.03564140,1866.1200
1624164116682000,0,0.40000000,1866.0900
1624164195887000,0,0.26577128,1866.9300
1624164206206000,1,0.64000000,1865.2400
1624164270443000,0,0.19624935,1865.6900
1624164303267000,1,0.76000000,1863.2000
1624164305866000,0,2.39235094,1864.0200
1624164314904000,1,3.23384124,1863.3900
1624164314905000,1,2.86615876,1863.3900
1624164314905000,1,0.36768248,1863.2800
1624164314908000,1,3.23384124,1863.2800
1624164314908000,1,2.49847628,1863.2800
1624164364076000,0,1.30139344,1864.1800
1624164383441000,0,0.21297287,1864.1900
1624164455083000,0,0.05326864,1862.7800
1624164563668000,0,0.05825084,1864.3200
1624164880688000,0,0.20000000,1865.7800
1624164897792000,0,0.60124726,1866.8700
1624164961898000,0,0.03725506,1864.5700
1624165018410000,0,3.90444600,1866.1500
1624165018422000,0,0.62155400,1866.1500
1624165105120000,1,4.10000000,1866.9300
1624165287440000,0,0.03725880,1864.5100
1624165337451000,0,0.02673607,1865.2700
1624165359499000,0,0.03941201,1864.2500
1624165499907000,0,1.31645999,1863.1700
1624165499907000,0,1.93122501,1863.1700
1624165648573000,1,6.08900000,1865.2000
1624165680287000,0,0.03710555,1866.3600
1624165693520000,0,0.26582822,1865.7400
1624165752493000,0,0.18609371,1866.9900
1624165977137000,0,0.01594840,1866.8000
1624166033073000,1,0.83400000,1863.2900
1624166033073000,1,0.15686293,1863.2800
1624166040272000,0,0.12694837,1864.4700
1624166083229000,0,0.05325550,1863.7400
1624166156811000,0,0.53452189,1863.7800
1624166157708000,0,0.19019466,1863.6700
1624166247387000,0,0.10638428,1865.9700
1624166248230000,0,0.89561000,1865.9700
1624166280609000,1,0.10048500,1865.4000
1624166379727000,0,0.26573854,1867.7100
1624166412043000,1,0.30250759,1865.4800
1624166430646000,1,0.26570000,1866.8700
1624166430646000,1,0.50000000,1866.8700
1624166430646000,1,6.10000000,1866.8600
1624166430677000,1,0.04949787,1866.7700
1624166430677000,1,3.39238613,1866.7500
1624166430783000,1,3.00000000,1866.5200
1624166495962000,0,0.02619983,1866.4800
1624166509738000,0,0.50000000,1866.8300
1624166520525000,0,0.02664631,1867.0500
1624166547108000,0,13.43480000,1869.4200
1624166554423000,0,5.77262877,1869.6000
1624166554453000,0,6.12811677,1869.6000
1624166554643000,0,0.55825245,1869.6100
1624166568222000,0,0.26513378,1871.5900
1624166589535000,1,0.70686367,1867.8300
1624166604352000,1,0.79180000,1868.4600
1624166711707000,0,0.14330410,1870.4600
1624166769654000,1,2.02800000,1869.2500
1624166795118000,0,0.13620485,1869.3900
1624166879880000,1,5.00000000,1866.8500
1624166902056000,0,0.04515148,1868.0000
1624166911095000,0,0.02657029,1867.9100
1624167112210000,1,1.56300000,1864.0900
1624167129396000,1,0.04500000,1863.4500
1624167161581000,0,0.05321210,1864.6400
1624167243774000,0,0.08032763,1863.0400
1624167247065000,0,0.01598384,1863.0400
1624167388081000,1,1.90000000,1865.0000
1624167396480000,0,0.03390781,1865.2900
1624167503001000,1,0.07785622,1868.8900
1624167560863000,0,0.50639682,1874.5100
1624167562066000,1,0.24675797,1872.9600
1624167578303000,0,0.30040000,1875.4000
1624167578959000,0,0.98000000,1875.7000
1624167580285000,0,0.01960000,1875.7000
1624167597388000,1,1.73930000,1874.6600
1624167597407000,1,1.48711144,1874.6600
1624167623265000,0,1.32358277,1873.3200
1624167639920000,1,1.73930000,1871.1100
1624167705158000,1,3.38697888,1869.7200
1624167705158000,1,4.61302112,1869.6200
1624167766778000,1,0.05000000,1870.0000
1624167974849000,0,1.40000000,1871.9700
1624167974849000,0,6.10000000,1871.9800
1624167974849000,0,0.45764464,1872.1600
1624168016550000,0,0.01063534,1871.1200
1624168080303000,0,0.01533048,1868.5400
1624168199886000,0,0.99994113,1868.7600
1624168310021000,0,0.01844806,1870.2800
1624168367937000,0,3.38830446,1870.5500
1624168367937000,0,7.34000000,1870.5500
1624168367937000,0,6.10000000,1870.5500
1624168367937000,0,3.65162753,1870.8000
1624168377927000,1,0.27446400,1869.2500
1624168394879000,0,0.02653052,1869.4900
1624168397859000,0,0.03450665,1869.3100
1624168437161000,0,0.01100000,1869.3100
1624168557197000,0,0.10869969,1871.7300
1624168572387000,0,0.10605860,1871.2000
1624168588400000,1,0.13000000,1870.7200
1624168602874000,0,0.05301882,1872.1100
1624168616603000,0,0.05195993,1872.3200
1624168747179000,0,0.01432510,1870.9900
1624168870361000,0,0.02545976,1869.7200
1624168911656000,1,1.07090000,1867.1500
1624168911954000,1,0.05096875,1866.7900
1624168911954000,1,1.07090000,1866.7900
1624168911958000,1,0.04852501,1866.3600
1624168911958000,1,4.52316165,1866.2500
1624168916537000,0,0.02572804,1867.0100
1624168975272000,0,1.07090000,1867.8800
1624168975272000,0,0.50528164,1867.9100
1624168975272000,0,0.04863886,1868.4500
1624168975272000,0,1.59748887,1868.7300
1624168975275000,0,1.79525289,1868.7300
1624168986878000,0,0.10631648,1868.8700
1624169237458000,0,0.15191758,1866.6700
1624169270514000,1,1.40000000,1864.8100
1624169270514000,1,4.62808999,1864.8000
1624169297889000,0,0.03641824,1865.5800
1624169307725000,0,0.03102952,1864.6100
1624169316684000,0,0.02622062,1864.8700
1624169336710000,0,1.00000000,1863.7100
1624169337149000,1,6.30100000,1862.3300
1624169374641000,1,0.50000000,1862.4900
1624169378381000,0,0.10646873,1863.7900
1624169456737000,0,0.05500000,1863.5400
1624169516641000,0,0.16771801,1864.0300
1624169642337000,0,0.04854355,1862.2900
1624169670556000,0,3.22529978,1865.6200
1624169670769000,0,0.20610000,1865.1100
1624169697646000,0,0.15808113,1865.5400
1624169701888000,0,1.06979736,1865.4000
1624169747209000,0,0.03196796,1863.2300
1624169764014000,1,1.40000000,1862.0800
1624169779136000,0,0.08332027,1864.0200
1624169785431000,0,0.04100000,1862.2800
1624169787669000,0,0.00040660,1862.2800
1624169807048000,1,1.10180000,1861.8100
1624169807048000,1,0.40000000,1861.8000
1624169814058000,0,0.04942089,1862.8400
1624169814058000,0,0.00382232,1863.1300
1624169863398000,0,0.29867792,1861.4700
1624169864059000,0,0.10664146,1861.4700
1624169879264000,0,0.15996563,1861.4600
1624169880758000,1,0.04483700,1860.2700
1624169880852000,1,4.53910000,1859.7800
1624169881473000,1,0.03586900,1859.7900
1624169885249000,1,0.76000000,1858.1700
1624169896211000,1,1.00000000,1859.2200
1624169954498000,1,3.43022973,1856.5800
1624170005920000,1,0.14967634,1858.5400
1624170044371000,0,0.02668071,1860.3400
1624170109315000,1,1.32539579,1857.9200
1624170109316000,1,2.78108911,1857.9200
1624170181827000,0,0.26839752,1858.8100
1624170189778000,1,0.48333126,1857.4000
1624170330079000,0,1.40000000,1859.8200
1624170330079000,0,0.69351069,1859.8300
1624170370401000,1,3.40680000,1858.9000
1624170375407000,0,0.97160000,1859.8200
1624170375407000,0,0.01947901,1859.8300
1624170392469000,0,0.05336631,1859.8800
1624170411545000,0,0.26683157,1860.1000
1624170480377000,0,0.06546655,1861.9800
1624170600376000,0,0.02652960,1863.2200
1624170600873000,1,0.11541100,1862.1300
1624170654284000,1,0.02939927,1864.1700
1624170717911000,1,0.87000000,1864.7000
1624170734332000,1,0.01620200,1862.7500
1624170848559000,0,0.05326864,1862.9100
1624170908773000,0,3.09843226,1865.5900
1624170960370000,0,0.06044335,1866.1300
1624170964286000,0,0.65830991,1866.3100
1624171007147000,1,0.04530647,1866.3500
1624171013497000,0,0.01299401,1867.6100
1624171022413000,1,1.40000000,1866.2300
1624171132020000,0,0.04189700,1868.6000
1624171132020000,0,0.96700694,1868.8400
1624171136603000,0,0.05206204,1868.8400
1624171155230000,0,0.03548100,1868.8500
1624171184918000,0,0.02600000,1869.4100
1624171184922000,0,0.00010200,1869.4100
1624171373995000,0,0.02666073,1866.0400
1624171474549000,0,1.07961483,1866.4700
1624171602167000,1,3.54399982,1861.3100
1624171673359000,1,1.19370000,1858.9400
1624171673359000,1,2.72205000,1858.9300
1624171761377000,0,0.02673308,1860.9900
1624171792258000,0,0.10873830,1860.4300
1624171848868000,1,0.00002370,1858.9000
1624171848868000,1,0.38345529,1858.8900
1624171877099000,0,0.01601130,1858.3500
1624171881107000,0,0.01602031,1858.2200
1624171920339000,0,0.12084365,1859.0400
1624171943885000,0,0.03203428,1858.5400
1624172182799000,0,0.05280735,1859.6100
1624172246737000,1,0.03928609,1858.2800
1624172280282000,0,0.27120573,1859.5300
1624172291016000,0,0.01601671,1859.9300
1624172389510000,0,0.06676029,1858.2500
1624172400938000,1,0.03321260,1856.7600
1624172419049000,0,0.76000000,1860.7300
1624172464885000,0,3.40350000,1862.7600
1624172520294000,0,0.13265443,1862.2700
1624172565041000,0,0.03161213,1860.1200
1624172571155000,0,1.40000000,1860.6000
1624172571155000,0,6.10000000,1860.6100
1624172571155000,0,3.40616235,1860.6400
1624172571155000,0,4.88663965,1860.7500
1624172650213000,1,0.15597588,1858.0300
1624172693754000,0,4.54700000,1857.3200
1624172797006000,0,1.30065516,1858.3400
1624172800992000,1,0.39640000,1856.6800
1624172846773000,1,0.84760000,1856.3800
1624172879248000,0,0.02671490,1857.4100
1624172911951000,0,4.54600000,1857.9600
1624172911951000,0,0.29026344,1858.6200
1624173005092000,0,0.03741052,1856.7700
1624173015713000,1,0.02654014,1855.9400
1624173091005000,0,0.21354448,1858.4000
1624173142029000,1,1.40000000,1855.5000
1624173142029000,1,2.50725038,1855.4900
1624173184982000,1,0.03931298,1855.2700
1624173198390000,0,0.16000000,1856.3900
1624173238653000,0,0.02138359,1856.4900
1624173402757000,0,0.02129271,1858.2200
1624173426713000,1,0.11131711,1856.5000
1624173480302000,0,0.09508357,1857.3100
1624173525407000,1,1.73930000,1856.3400
1624173570584000,0,0.03810674,1857.3700
1624173620221000,1,0.10228448,1856.0000
1624173837791000,0,0.02995412,1854.7600
1624173884088000,1,0.27000000,1851.7800
1624173891888000,1,1.05472859,1851.1700
1624173909364000,1,3.87338827,1852.0800
1624173938546000,0,0.01861421,1854.6300
1624173949869000,0,0.27828899,1853.5700
1624173996231000,0,0.01482146,1855.4000
1624174002242000,0,0.98971936,1855.3000
1624174004282000,0,0.53498344,1855.3400
1624174076873000,0,0.42805827,1854.9700
1624174092303000,0,0.10702783,1854.7700
1624174094263000,0,1.00059161,1854.7700
1624174110550000,0,0.08027001,1854.8900
1624174136483000,0,0.01588292,1854.3100
1624174201199000,0,0.02676893,1852.9600
1624174262468000,0,0.20950283,1852.2900
1624174307081000,0,0.05366879,1854.1500
1624174415420000,0,0.05880156,1855.7500
1624174440314000,0,0.03245526,1856.4200
1624174450013000,0,1.06931212,1856.3600
1624174502096000,0,0.80667779,1856.9000
1624174557317000,0,0.05360240,1856.2600
1624174568048000,0,1.00000000,1856.0400
1624174571117000,0,0.20051395,1856.0400
1624174574755000,0,2.03250000,1856.0400
1624174610473000,0,0.05346635,1856.2200
1624174639825000,0,0.02673303,1856.4700
1624174740507000,0,0.03478767,1854.6800
1624174785497000,0,0.29000000,1850.2500
1624174787080000,0,0.07000000,1850.2500
1624174787124000,0,0.00820000,1850.2500
1624174800347000,0,0.53899602,1850.5500
1624174925893000,0,0.54170446,1850.6600
1624174967825000,0,0.27438993,1850.6600
1624175002393000,1,1.12731027,1848.9300
1624175002395000,1,1.76137140,1848.9300
1624175002395000,1,0.53625848,1848.9300
1624175002395000,1,0.82181392,1848.9100
1624175002398000,1,1.46924151,1848.9100
1624175002403000,1,1.95039662,1848.9100
1624175002425000,1,3.19624468,1849.0100
1624175002429000,1,1.45205739,1849.0100
1624175002438000,1,0.89618101,1849.0100
1624175077365000,0,0.11000000,1849.1300
1624175090935000,0,0.02684263,1848.8000
1624175158200000,1,1.40000000,1852.0100
1624175160335000,0,0.03033705,1852.7700
1624175200687000,0,0.05378228,1854.7000
1624175216390000,1,0.89983110,1853.4600
1624175219580000,0,0.05375880,1855.5100
1624175254448000,1,3.12700000,1854.6800
1624175256906000,0,0.01711911,1854.9900
1624175268590000,1,0.09800000,1855.0000
1624175268605000,1,0.00200000,1855.0000
1624175320545000,0,1.24850000,1856.0600
1624175344239000,1,0.15000000,1857.4000
1624175344239000,1,0.05125011,1857.3900
1624175344239000,1,6.10000000,1857.3900
1624175347066000,0,0.04921998,1858.4100
1624175393743000,0,0.06196586,1856.9800
1624175400317000,0,0.12132071,1856.9800
1624175607997000,0,0.11901490,1858.2000
1624175697548000,0,0.67912809,1858.8900
1624175702340000,1,0.04744398,1857.3700
1624175718959000,0,1.01980000,1859.1300
1624175756668000,1,0.02789467,1858.1600
1624175757441000,0,0.02643126,1859.7200
1624175838881000,1,0.01454281,1860.0900
1624175857339000,0,0.16404100,1862.4000
1624175857339000,0,0.37008353,1863.1200
1624175888563000,0,0.01760034,1861.5100
1624175938367000,0,0.10654244,1863.0400
1624175959447000,0,0.05329868,1861.7600
1624175959957000,0,1.63000000,1861.7900
1624175979335000,0,3.90000000,1861.0000
1624175982522000,0,0.02624722,1861.9600
1624175996580000,0,0.26371838,1862.5000
1624176005585000,0,0.14276099,1862.8200
1624176005589000,0,0.00000001,1862.8200
1624176005656000,0,3.80280969,1863.0200
1624176005694000,0,6.80846366,1863.6100
1624176006815000,1,0.40400000,1862.4700
1624176038666000,0,0.06766400,1864.6900
1624176047076000,1,0.54480000,1862.8900
1624176073549000,1,0.03894922,1860.0900
1624176077474000,1,4.16413219,1858.9900
1624176077474000,1,6.58700000,1858.9500
1624176077474000,1,3.00000000,1858.6600
1624176077474000,1,10.70400000,1858.6300
1624176077474000,1,0.50679453,1858.6100
1624176077474000,1,6.11619140,1858.5000
1624176096823000,0,0.10669476,1860.6400
1624176114648000,0,4.73912368,1860.3100
1624176114648000,0,0.55148794,1860.3200
1624176139812000,1,1.40000000,1857.0800
1624176139812000,1,6.38700000,1856.9300
1624176139812000,1,10.38000000,1856.7000
1624176139812000,1,1.02400000,1856.6800
1624176202707000,0,0.01834673,1859.1200
1624176205482000,1,2.00000000,1859.1200
1624176223359000,0,0.05338841,1859.2300
1624176307125000,0,0.83700000,1858.2500
1624176309679000,0,0.12001361,1859.6100
1624176322599000,0,0.11210823,1860.3300
1624176338041000,0,0.30418702,1859.5700
1624176418214000,1,0.10000000,1860.9200
1624176476177000,0,1.09610000,1863.9900
1624176476537000,0,0.04634190,1865.1400
1624176585620000,0,0.05061772,1867.3300
1624176600282000,0,0.02808639,1866.4800
1624176605305000,0,0.52756025,1866.3700
1624176622367000,0,0.01595353,1865.3900
1624176638477000,0,0.59623477,1865.7600
1624176704176000,0,0.01596637,1864.9500
1624176766674000,0,0.01301046,1865.4500
1624176831081000,0,0.02661004,1864.9900
1624176833110000,0,0.02661004,1864.9900
1624176845094000,0,0.17030429,1864.7700
1624176873557000,1,0.01700000,1863.5900
1624176884864000,0,1.00000000,1864.2800
1624176922403000,1,0.01300000,1863.1400
1624176998202000,0,0.02539385,1861.0800
1624177069487000,0,1.06895996,1861.6600
1624177076854000,0,0.10501082,1861.7200
1624177239231000,1,0.04000000,1860.4400
1624177261671000,0,0.06300000,1860.5500
1624177269493000,0,0.08620000,1860.5500
1624177269610000,0,0.00000393,1860.5500
1624177398085000,1,0.05000000,1856.0900
1624177470452000,0,4.55300000,1856.0000
1624177492626000,1,1.40000000,1854.7000
1624177497843000,0,1.00000000,1853.8500
1624177498111000,0,0.10582107,1854.0500
1624177500498000,0,1.26630649,1854.0500
1624177502222000,1,0.69000000,1852.1100
1624177502394000,1,0.30000000,1852.0000
1624177502657000,0,4.56100000,1852.1200
1624177503778000,0,0.10803600,1851.2300
1624177549426000,0,0.03218909,1848.9000
1624177578374000,0,0.02682769,1850.8000
1624177616949000,0,4.56700000,1850.0300
1624177616949000,0,0.74229737,1850.7400
1624177630704000,0,1.28086042,1849.7800
1624177660616000,0,0.39591757,1849.8800
1624177680271000,0,0.53390992,1851.1500
1624177693816000,0,0.09397088,1852.2300
1624177743671000,1,0.07295200,1851.3600
1624177808966000,1,0.73300000,1851.6800
1624177846193000,0,0.03576100,1851.1300
1624177858606000,0,0.23332195,1851.9300
1624177875674000,0,0.05359569,1851.0400
1624177879631000,1,0.80899999,1849.8400
1624177946383000,1,0.05394267,1850.9000
1624177976435000,1,0.23104316,1850.0100
1624177978016000,0,0.05361480,1851.3400
1624178007286000,0,0.37254332,1850.7300
1624178040294000,0,0.02442113,1849.5900
1624178061607000,1,0.19206190,1849.8200
1624178084055000,0,0.02997886,1852.2200
1624178109562000,0,0.05800826,1852.1500
1624178118409000,0,1.68320270,1851.7900
1624178235108000,0,0.01607630,1852.4800
1624178335753000,0,0.05364407,1850.2500
1624178338422000,1,0.10000000,1848.5900
1624178340185000,1,0.07555000,1848.0900
1624178400287000,0,0.05879313,1846.4000
1624178515821000,0,0.02695950,1845.3600
1624178517918000,1,0.16290988,1843.9200
1624178538586000,1,0.01655079,1843.3100
1624178576341000,0,4.58700000,1842.4500
1624178580293000,1,1.40000000,1841.3900
1624178580489000,1,6.09999999,1841.4800
1624178581510000,0,4.58700000,1841.5200
1624178608042000,0,0.03230058,1844.7500
1624178722386000,1,0.07588586,1840.0000
1624178722386000,1,0.05163330,1839.7000
1624178722386000,1,3.00000000,1839.5200
1624178722386000,1,0.04754969,1839.0300
1624178722386000,1,0.06095544,1839.0200
1624178722836000,1,0.30074020,1838.5800
1624178724085000,0,1.40000000,1840.8300
1624178724085000,0,6.10000000,1840.8600
1624178724267000,0,6.10000000,1840.7500
1624178724762000,1,1.40000000,1840.4500
1624178724762000,1,0.05001046,1839.7300
1624178724762000,1,1.78484338,1839.6500
1624178724762000,1,3.23485384,1839.6500
1624178724764000,1,1.08030278,1839.6500
1624178724764000,1,2.15455106,1839.5500
1624178724764000,1,3.23485384,1839.5500
1624178724770000,1,0.71059510,1839.5500
1624178724770000,1,1.40000000,1839.4600
1624178724770000,1,0.10589664,1839.4500
1624178724888000,1,0.85000000,1839.4900
1624178727362000,0,0.04389700,1839.3000
1624178728067000,0,0.00487836,1839.3000
1624178728067000,0,0.92127851,1839.6500
1624178728067000,0,0.04829191,1839.6800
1624178734039000,0,0.00000001,1839.6800
1624178760302000,0,0.98225595,1840.1400
1624178772311000,1,6.10000000,1840.0500
1624178772316000,1,0.04909641,1839.6400
1624178772316000,1,3.18624867,1839.5300
1624178772318000,1,2.91375133,1839.5300
1624178772318000,1,0.04930075,1839.2400
1624178772318000,1,0.27229300,1839.0900
1624178772323000,1,3.23534508,1839.0900
1624178773639000,1,0.10000000,1838.0000
1624178799205000,0,0.01590824,1841.6300
1624178816720000,1,0.03265483,1840.6700
1624178870784000,0,0.05379474,1841.9600
1624178887635000,1,0.03509435,1842.7900
1624178900185000,0,0.02697427,1844.3500
1624178932116000,1,0.06781472,1844.0300
1624178937642000,0,0.05326292,1845.3800
1624178962686000,1,0.01110800,1841.2500
1624178996197000,0,3.00000000,1841.9900
1624179051196000,0,0.53872927,1842.4300
1624179120349000,0,0.57255622,1844.1700
1624179120364000,1,9.75460000,1843.4000
1624179120884000,1,0.15826300,1842.2200
1624179124940000,0,0.02691017,1843.4500
1624179126936000,0,1.08683396,1843.9800
1624179132409000,1,0.30000000,1841.8000
1624179156651000,0,0.03232595,1841.2600
1624179178751000,0,0.26954019,1841.2700
1624179218826000,0,0.01616310,1843.0100
1624179237470000,0,0.10667561,1842.9900
1624179244417000,0,0.08127051,1843.3500
1624179309015000,0,0.18846522,1842.3900
1624179313233000,1,0.05000000,1840.8500
1624179332466000,1,0.25983217,1841.1300
1624179357746000,1,0.04500000,1841.6700
1624179360310000,0,0.64925278,1842.9500
1624179400418000,0,0.01884320,1844.5600
1624179422142000,1,0.09713186,1843.3900
1624179456162000,0,0.01990122,1844.9900
1624179472898000,0,0.05382413,1843.6700
1624179480354000,0,0.04446671,1842.8800
1624179484493000,0,0.01776533,1843.2400
1624179496349000,0,0.27465757,1842.6700
1624179508286000,0,0.04849348,1840.8900
1624179508288000,0,0.00000001,1840.8900
1624179512910000,0,0.05285566,1841.8700
1624179517937000,0,1.01355338,1841.8300
1624179542986000,1,0.02038000,1841.2100
1624179596375000,0,0.05330909,1843.1600
1624179637620000,0,0.01617531,1841.4000
1624179644824000,0,1.50000000,1841.5200
1624179793707000,1,0.44854873,1843.3000
1624179836352000,0,0.13313938,1845.6100
1624179840553000,0,4.32615067,1845.6500
1624179976210000,1,0.86300000,1839.5300
1624179976210000,1,0.04725582,1839.5200
1624179976210000,1,3.44331673,1839.4100
1624180015217000,1,0.04955108,1837.0800
1624180075952000,1,3.44386226,1839.5300
1624180075952000,1,3.42878590,1839.3100
1624180084295000,0,0.05173849,1840.9500
1624180121890000,0,0.13490364,1839.4700
1624180126212000,0,0.01874181,1839.2100
1624180215593000,0,0.13388901,1839.6500
1624180246748000,0,0.47491747,1838.8400
1624180256538000,1,0.03040240,1837.4400
1624180272975000,0,0.03237541,1839.3300
1624180320314000,0,0.05795583,1841.6800
1624180321039000,0,0.05269630,1841.6800
1624180367832000,0,1.05255751,1841.6600
1624180549241000,1,0.04721323,1843.4100
1624180556477000,0,0.23912991,1844.9200
1624180560345000,0,0.05368763,1844.9100
1624180564639000,1,0.50210000,1843.4900
1624180564639000,1,0.48790000,1843.4800
1624180634591000,0,0.02692915,1842.1300
1624180642388000,1,6.73636000,1841.4600
1624180654081000,1,0.00000679,1841.4600
1624180680287000,0,0.06227930,1841.6000
1624180690930000,0,0.01616771,1842.1200
1624180746176000,0,0.78943097,1843.5500
1624180775386000,0,0.01976892,1843.8100
1624180776116000,0,0.01615368,1843.7500
1624180800302000,0,0.04565431,1843.7600
1624180810979000,0,0.02563240,1843.7600
1624180819862000,1,0.02169040,1842.3600
1624180916593000,1,0.10000000,1842.3600
1624180933238000,0,0.01615532,1843.7300
1624181007859000,1,0.11542000,1842.0000
1624181008119000,1,0.00000721,1842.0000
1624181022928000,0,0.13856876,1842.1900
1624181025525000,0,0.01616275,1842.1900
1624181096578000,0,0.06129456,1842.7100
1624181114156000,0,0.03127573,1842.9900
1624181123041000,0,0.05128622,1842.9900
1624181144896000,0,0.53831437,1842.9800
1624181156226000,1,0.01633789,1842.2100
1624181159470000,0,0.02154227,1843.9000
1624181190595000,1,0.05513489,1842.2600
1624181210494000,0,0.04949592,1843.6100
1624181230014000,1,0.11212978,1842.1800
1624181236502000,1,0.10000000,1842.1800
1624181276253000,0,0.05381567,1844.4200
1624181332852000,0,0.01613027,1845.9900
1624181340508000,0,0.07750000,1846.0000
1624181383620000,0,2.20235515,1847.2900
1624181390800000,1,0.09859174,1846.0200
1624181428828000,1,0.41804316,1844.7000
1624181456283000,0,1.06349620,1845.8200
1624181456939000,0,0.11115733,1845.8200
1624181508889000,1,1.37550000,1843.7000
1624181508889000,1,0.43458230,1843.5700
1624181581250000,0,0.07299553,1849.5000
1624181624466000,0,0.09871134,1848.9900
1624181640283000,0,0.02522180,1848.8400
1624181671981000,1,3.58600000,1846.9800
1624181748561000,1,0.06671797,1846.5600
1624181760323000,0,0.54021246,1847.9800
1624181772101000,1,1.40000000,1846.6800
1624181772101000,1,0.60000000,1846.6800
1624181806713000,0,0.02148484,1847.8900
1624181809693000,0,0.01503472,1847.9000
1624181857172000,1,0.50000000,1847.7000
1624181877393000,0,0.22344048,1847.7700
1624181933257000,1,0.80500000,1846.5500
1624181937781000,1,3.28343004,1844.9300
1624181951973000,0,1.26116850,1845.7500
1624181990473000,0,0.08122158,1845.3600
1624181996241000,1,0.05478400,1843.6600
1624182001260000,0,1.00000000,1845.0900
1624182046671000,0,0.01613534,1845.2300
1624182055428000,1,1.80000000,1843.7800
1624182176300000,0,0.15955528,1847.3700
1624182200447000,1,0.11057971,1844.4700
1624182244736000,0,0.05383961,1843.6200
1624182272676000,0,0.01614435,1843.8200
1624182436984000,0,0.02560518,1845.7200
1624182480305000,0,0.14197783,1845.8600
1624182552695000,0,0.05373555,1847.1000
1624182553740000,1,3.43330000,1845.7800
1624182553794000,1,0.00001532,1845.7800
1624182553794000,1,4.57769948,1845.6100
1624182601002000,1,0.81441000,1843.3800
1624182601137000,1,0.00000157,1843.3800
1624182696991000,0,0.02693587,1841.5300
1624182719165000,1,0.75999999,1837.4100
1624182719469000,1,0.05286334,1837.3400
1624182719523000,1,0.01088720,1837.0200
1624182719523000,1,0.05047697,1836.7900
1624182720313000,0,0.02343130,1838.8100
1624182720880000,0,2.00000000,1838.5500
1624182721975000,0,0.04846022,1838.3100
1624182722410000,0,0.00000001,1838.3100
1624182732094000,0,0.01761500,1838.7600
1624182738197000,1,0.05102281,1836.8700
1624182739709000,1,0.04942309,1836.4600
1624182741826000,0,4.60600000,1836.0200
1624182741826000,0,0.26858148,1836.2100
1624182744942000,0,0.04961000,1835.4700
1624182755459000,0,5.96580000,1835.5000
1624182761500000,0,0.00004828,1835.5000
1624182797893000,0,0.05170928,1831.2000
1624182798735000,0,0.04992382,1830.8200
1624182800687000,0,0.05139966,1833.1600
1624182800687000,0,0.00072878,1833.5300
1624182802236000,0,0.05043092,1832.6700
1624182802361000,1,0.04933209,1831.6000
1624182809954000,1,0.00000001,1831.6000
1624182832261000,1,0.04699807,1833.4400
1624182838243000,0,0.68867800,1834.3200
1624182839614000,1,0.73410000,1832.3600
1624182839614000,1,0.04936404,1832.3500
1624182848399000,0,0.21756648,1833.8900
1624182878153000,0,0.04919291,1834.1400
1624182918221000,1,0.21759999,1831.2000
1624182918275000,1,0.00000001,1831.2000
1624182920002000,0,0.07302724,1831.4000
1624182942723000,1,1.40000000,1827.3700
1624182942723000,1,0.04810666,1827.3600
1624182942723000,1,2.49351002,1827.3200
1624182957842000,1,0.32609677,1829.8200
1624182958537000,0,0.05197126,1832.1500
1624182958537000,0,0.05142937,1832.5500
1624182958537000,0,0.39659937,1832.5600
1624182977553000,0,1.40000000,1832.5800
1624182977553000,0,32.00399332,1833.3800
1624182985537000,1,0.01363894,1831.3800
1624183060603000,0,0.76000000,1833.4200
1624183060603000,0,3.46072047,1833.4800
1624183202045000,0,0.11331718,1832.5500
1624183207229000,1,0.83700000,1830.7000
1624183320381000,0,0.21280000,1834.2300
1624183320381000,0,0.05253605,1834.2400
1624183323515000,1,0.13837170,1832.4400
1624183340183000,1,0.06780102,1831.7400
1624183344444000,0,0.05413413,1833.3900
1624183348062000,0,0.01088302,1833.1300
1624183387510000,1,6.10000000,1829.0200
1624183387510000,1,3.40594624,1828.9300
1624183418590000,1,1.40000000,1827.1700
1624183418590000,1,1.60000000,1827.1100
1624183418978000,0,0.02168120,1828.9300
1624183440366000,0,0.05502783,1829.3300
1624183451374000,1,0.05000000,1827.1600
1624183471779000,1,0.05840000,1825.9200
1624183493760000,0,0.26000000,1826.0800
1624183493791000,0,2.77207331,1826.0800
1624183493800000,0,3.06792669,1826.0800
1624183496702000,1,2.50000000,1824.9900
1624183502291000,1,1.26630000,1825.2500
1624183504767000,1,0.64122343,1822.6300
1624183505168000,1,0.00000001,1822.6300
1624183505570000,1,0.04889403,1822.0400
1624183505570000,1,0.76000000,1822.0100
1624183506486000,1,0.04500000,1822.0000
1624183506766000,1,0.02630865,1820.3300
1624183507824000,1,9.91869780,1820.0100
1624183507824000,1,0.28030220,1820.0100
1624183508142000,0,1.40000000,1821.9500
1624183508142000,0,6.20000000,1821.9600
1624183508255000,1,1.00000000,1820.0000
1624183508255000,1,0.02288188,1820.0000
1624183508255000,1,1.00000000,1820.0000
1624183508255000,1,0.51609105,1819.9100
1624183508709000,0,0.05124457,1821.2400
1624183508709000,0,1.40000000,1821.8600
1624183508709000,0,0.04875543,1821.9300
1624183509457000,0,0.05081889,1820.7900
1624183509457000,0,5.99518111,1820.8700
1624183509885000,0,0.85000000,1820.8700
1624183511670000,1,0.04076000,1819.6900
1624183511670000,1,0.04990577,1819.6700
1624183511741000,1,0.01630400,1819.6800
1624183511741000,1,0.10597599,1819.0900
1624183511741000,1,0.04864001,1818.9900
1624183511741000,1,0.06109792,1818.2700
1624183512158000,1,0.01630400,1818.2800
1624183512158000,1,0.10597599,1818.2800
1624183512158000,1,0.00766001,1818.2800
1624183513233000,1,0.25270955,1818.3700
1624183514190000,1,1.39999999,1818.3800
1624183514198000,1,0.00000001,1818.3800
1624183514198000,1,4.11624595,1818.3000
1624183514614000,0,6.10000000,1819.6200
1624183514614000,0,6.10000000,1819.9200
1624183514642000,1,0.51609106,1820.0100
1624183514704000,1,3.00000000,1820.0100
1624183514724000,1,0.85000000,1820.0100
1624183515344000,0,0.05434874,1820.8600
1624183515367000,1,1.62180000,1820.0100
1624183516022000,0,0.85000000,1820.4100
1624183516273000,0,0.05035857,1821.2400
1624183516273000,0,20.80214143,1821.4500
1624183517646000,0,1.34570000,1821.5500
1624183517646000,0,0.03804182,1821.5600
1624183517647000,0,0.96513085,1821.5600
1624183517653000,0,1.18112404,1821.5600
1624183517675000,0,1.88374937,1821.5600
1624183517676000,0,3.68610216,1821.5600
1624183517676000,0,1.55816306,1821.5600
1624183517676000,0,1.32560141,1821.5600
1624183517680000,0,0.69768495,1821.5600
1624183517846000,0,0.72094111,1820.0800
1624183517871000,0,6.10000000,1820.0800
1624183518015000,0,0.58800000,1820.0800
1624183518104000,0,0.60502113,1820.0800
1624183518185000,0,0.28603776,1820.0800
1624183518185000,0,8.04756224,1820.0800
1624183518295000,0,0.05243776,1820.0800
1624183518547000,1,0.05000000,1820.2400
1624183518547000,1,0.04917339,1820.2300
1624183518617000,1,1.40000000,1820.2500
1624183520215000,1,0.02825633,1819.4200
1624183520215000,1,0.06849327,1819.4100
1624183520215000,1,0.01234694,1819.4000
1624183520215000,1,3.90000000,1819.3900
1624183520215000,1,26.49090346,1819.3800
1624183520635000,1,0.02739731,1819.3900
1624183520635000,1,0.01234694,1819.3900
1624183520635000,1,0.06849327,1819.3900
1624183520635000,1,5.47609654,1819.3800
1624183521957000,0,0.04996026,1820.7400
1624183521957000,0,1.29573974,1821.4900
1624183522116000,0,4.64700000,1820.4200
1624183522116000,0,1.40000000,1821.4800
1624183522383000,1,3.00000000,1820.0600
1624183522383000,1,21.40000000,1820.0500
1624183522631000,1,5.37000000,1820.0500
1624183522718000,0,1.40000000,1821.5400
1624183522760000,0,0.51609105,1820.3300
1624183522789000,0,2.05000000,1820.3300
1624183525337000,0,22.65000000,1821.2400
1624183526490000,1,6.10000000,1820.7600
1624183527806000,0,0.40000000,1820.5000
1624183528467000,1,0.01300000,1819.5600
1624183528516000,1,0.00054719,1819.5600
1624183528516000,1,0.01354719,1819.4600
1624183528516000,1,0.08805673,1819.4600
1624183528516000,1,0.51609105,1819.4500
1624183528516000,1,1.24606000,1819.3900
1624183530406000,1,0.01354719,1818.2400
1624183530406000,1,0.05856353,1818.2400
1624183530406000,1,0.03788928,1818.2300
1624183530819000,1,13.98417204,1818.2300
1624183530819000,1,0.01354719,1818.2300
1624183530819000,1,0.05856353,1818.2300
1624183530819000,1,0.11000080,1818.2200
1624183531861000,0,1.40000000,1817.5200
1624183531861000,0,0.51609106,1817.5900
1624183531861000,0,6.10000000,1818.1200
1624183532338000,1,0.55825245,1816.7100
1624183532338000,1,0.01354719,1816.7100
1624183532338000,1,0.04901953,1816.7100
1624183532355000,0,2.20292000,1816.6900
1624183532434000,1,0.05201552,1816.0000
1624183532434000,1,2.18000000,1815.8900
1624183532526000,1,1.00000000,1815.0100
1624183533689000,0,0.04893277,1817.1200
1624183533689000,0,3.00000000,1817.4800
1624183533689000,0,9.85106723,1817.4900
1624183533722000,0,1.00000000,1816.5800
1624183533808000,0,6.14893277,1817.4900
1624183533808000,0,0.51609106,1817.5300
1624183533808000,0,9.67417617,1818.4600
1624183534291000,0,0.05127197,1816.6500
1624183534940000,0,0.04926780,1817.6300
1624183534940000,0,0.35478400,1818.2100
1624183534940000,0,0.59594820,1818.2200
1624183535036000,1,0.51609106,1815.0100
1624183535373000,1,1.40000000,1815.0100
1624183535373000,1,1.00000000,1815.0000
1624183535373000,1,0.01354719,1815.0000
1624183535373000,1,0.04901953,1815.0000
1624183535525000,0,0.77125542,1814.9000
1624183536033000,1,0.04806878,1814.4200
1624183536033000,1,0.01354719,1814.4200
1624183536033000,1,0.04901953,1814.4200
1624183536729000,0,1.40000000,1814.2100
1624183536729000,0,0.05180261,1814.2200
1624183536839000,1,0.01354719,1812.6200
1624183536839000,1,0.04901953,1812.6200
1624183537406000,1,0.05050631,1811.5700
1624183537406000,1,0.01354719,1811.5700
1624183537406000,1,0.04901953,1811.5700
1624183537406000,1,10.62798093,1810.4000
1624183537406000,1,0.05614604,1810.3900
1624183537965000,1,0.04901953,1810.4200
1624183537965000,1,0.01354719,1810.4200
1624183537965000,1,0.96961539,1810.3900
1624183538365000,1,2.24354518,1810.3900
1624183538365000,1,0.01354719,1810.3900
1624183538365000,1,0.04901953,1810.3900
1624183538588000,1,0.02000000,1810.0000
1624183538588000,1,2.75631491,1810.0000
1624183538588000,1,0.02798509,1810.0000
1624183539177000,1,0.00001491,1810.0000
1624183539177000,1,0.01354719,1810.0000
1624183539177000,1,0.04901953,1810.0000
1624183539177000,1,0.08807471,1810.0000
1624183539177000,1,0.26798878,1807.1300
1624183539177000,1,0.21620887,1806.0200
1624183539462000,0,8.40000000,1810.0100
1624183539462000,0,3.00000000,1810.3100
1624183539462000,0,6.10000000,1810.3200
1624183539462000,0,6.10000000,1812.0200
1624183540216000,1,4.73912368,1806.1500
1624183540216000,1,1.06104337,1806.1400
1624183541477000,0,1.40000000,1811.3100
1624183541507000,1,0.51609105,1810.2300
1624183541697000,0,0.04810322,1811.3200
1624183541999000,0,0.05313652,1812.2400
1624183541999000,0,0.51609106,1812.6200
1624183542410000,1,0.04946087,1811.3200
1624183544125000,1,1.40000000,1810.3800
1624183544125000,1,0.05163856,1810.3700
1624183545296000,1,0.51609105,1810.0300
1624183545497000,0,0.06255000,1810.4200
1624183545497000,0,4.15000000,1810.4200
1624183545497000,0,0.45945000,1810.4300
1624183545675000,0,1.03218211,1810.4300
1624183545903000,0,4.50836789,1810.4300
1624183546055000,0,0.04978251,1811.3300
1624183547581000,0,3.00000000,1814.1100
1624183547581000,0,0.83845000,1814.2100
1624183547581000,0,0.06255000,1814.4200
1624183547581000,0,5.73570000,1814.6500
1624183548915000,1,0.05059689,1812.6900
1624183548928000,1,0.04827353,1812.2900
1624183548928000,1,0.04988370,1811.8100
1624183548928000,1,0.05003694,1811.3800
1624183548928000,1,0.04929182,1810.8200
1624183548963000,0,1.40000000,1813.9900
1624183548963000,0,3.60000000,1814.0200
1624183550089000,0,0.09095000,1809.4600
1624183550188000,0,0.04827034,1809.4000
1624183550879000,0,0.04901625,1809.9200
1624183550879000,0,0.27258375,1810.0700
1624183551382000,0,1.00000000,1810.0700
1624183551454000,0,0.25000000,1810.0700
1624183551526000,0,0.19220000,1810.0700
1624183551647000,0,1.09310000,1810.0700
1624183551897000,0,3.79211625,1810.0700
1624183552185000,0,0.01101066,1811.8800
1624183552440000,0,4.66900000,1811.6600
1624183552440000,0,0.05124542,1811.8900
1624183554392000,0,1.43000000,1811.1100
1624183554565000,1,0.04878487,1811.1800
1624183554565000,1,1.35121513,1811.1200
1624183556494000,0,0.05124000,1810.5900
1624183556567000,0,0.17416000,1810.5800
1624183556889000,0,1.39140000,1810.4200
1624183556889000,0,0.05177628,1810.4300
1624183556889000,0,3.00042372,1810.5900
1624183557462000,0,1.43100000,1810.4900
1624183558016000,0,0.19663737,1811.0000
1624183558478000,0,0.51609105,1811.1200
1624183558733000,0,5.58390895,1811.1200
1624183558795000,1,1.40000000,1810.8700
1624183558795000,1,0.05022028,1810.8600
1624183558795000,1,0.84884424,1810.8600
1624183559275000,1,1.40000000,1810.8700
1624183559275000,1,0.13058729,1810.8600
1624183559275000,1,0.32646822,1810.8600
1624183559529000,1,0.00000001,1810.8600
1624183559678000,0,0.51609106,1810.8700
1624183559678000,0,0.05120558,1811.5700
1624183559678000,0,0.05165298,1813.2200
1624183559678000,0,2.35000000,1813.9600
1624183559678000,0,0.99079889,1813.9700
1624183560355000,0,0.02704475,1811.2000
1624183561371000,0,3.80000000,1811.1100
1624183561421000,0,0.84883467,1811.1100
1624183561434000,0,0.57854888,1811.1100
1624183561486000,0,0.87261645,1811.1100
1624183561638000,0,0.02402748,1811.2000
1624183562560000,1,0.04889262,1811.3200
1624183562560000,1,0.04803935,1810.9300
1624183562884000,1,0.13127292,1810.9300
1624183563135000,0,0.05000000,1810.8600
1624183563136000,0,0.27576708,1810.8600
1624183563912000,1,0.12575309,1812.0900
1624183564864000,0,1.40000000,1812.5800
1624183565744000,0,2.78844000,1812.4200
1624183566232000,0,0.04878725,1812.7400
1624183566474000,0,0.04997129,1812.3500
1624183567090000,0,3.55680000,1812.5800
1624183568050000,0,1.40000000,1813.1000
1624183573303000,0,3.50000000,1814.4800
1624183573743000,0,0.26903001,1814.0000
1624183574571000,0,1.71958609,1814.0000
1624183575598000,0,6.10000000,1814.6100
1624183576299000,0,3.71957000,1815.3200
1624183578078000,1,1.39999999,1814.3200
1624183578933000,1,0.13782500,1814.3300
1624183579221000,1,1.26217000,1814.3300
1624183579341000,1,0.00000500,1814.3300
1624183579364000,1,0.21858041,1814.3200
1624183579815000,1,0.00000001,1814.3200
1624183580141000,1,0.22114239,1813.6600
1624183581029000,1,0.21816000,1813.6500
1624183581399000,1,0.00000626,1813.6500
1624183581635000,1,0.21816000,1813.1900
1624183585243000,1,0.05175000,1813.9800
1624183585348000,1,0.00000502,1813.9800
1624183585402000,0,0.72029218,1813.9500
1624183586019000,1,0.11081105,1813.5400
1624183586019000,1,0.11081105,1813.5400
1624183586019000,1,1.10581689,1813.5400
1624183587189000,1,0.11081105,1813.1900
1624183587470000,0,0.01099464,1814.5200
1624183587689000,1,0.10371946,1812.8500
1624183587689000,1,0.11081105,1812.8500
1624183587770000,1,0.10371946,1812.3400
1624183589395000,0,1.35000000,1814.5200
1624183590664000,0,3.93900536,1814.5200
1624183592998000,0,0.09372100,1815.1700
1624183594815000,1,1.40000000,1815.2000
1624183594815000,1,0.05000000,1815.1900
1624183594815000,1,5.03469015,1814.9800
1624183594967000,1,0.07245400,1815.2500
1624183595016000,1,4.63521260,1815.2500
1624183595019000,1,1.39233340,1815.2500
1624183595353000,1,0.05755754,1814.6000
1624183595353000,1,0.14389386,1814.6000
1624183595353000,1,0.07500313,1814.1500
1624183595353000,1,0.04887784,1814.1400
1624183595353000,1,9.76486763,1813.9300
1624183595841000,1,6.10000000,1814.6900
1624183596720000,1,6.10000000,1814.0400
1624183597276000,1,0.05755754,1813.9500
1624183597276000,1,0.14388246,1813.9500
1624183598693000,0,1.40000000,1815.3400
1624183598693000,0,0.55115048,1815.3500
1624183599815000,1,0.06218833,1814.4500
1624183599815000,1,6.03781167,1814.4400
1624183605101000,0,0.07702000,1815.0300
1624183605604000,0,0.00000500,1815.0300
1624183608448000,0,0.01095875,1815.9000
1624183618932000,1,0.04804813,1811.7500
1624183620442000,0,5.90000000,1812.8900
1624183621071000,0,0.04707289,1814.2900
1624183622472000,1,0.03756876,1811.6200
1624183622625000,1,0.09392189,1811.1500
1624183622625000,1,0.06100234,1810.7200
1624183630093000,0,0.09715206,1811.4000
1624183634464000,1,0.05074118,1810.1400
1624183634464000,1,0.04815398,1809.7300
1624183634464000,1,0.40110484,1809.4600
1624183637583000,1,1.40000000,1809.0000
1624183642663000,0,1.35300000,1811.2100
1624183646398000,0,0.04927077,1813.6300
1624183649593000,0,4.25000000,1813.8500
1624183649867000,0,0.55000000,1813.8500
1624183653646000,1,0.03056708,1813.0000
1624183653646000,1,0.05134813,1812.9900
1624183653646000,1,0.03057214,1812.6700
1624183653646000,1,0.42653814,1812.6600
1624183655246000,1,0.03056708,1812.6700
1624183655246000,1,0.19868383,1812.6700
1624183655280000,1,0.00000001,1812.6700
1624183656244000,1,0.05071762,1812.1100
1624183656265000,1,0.00000001,1812.1100
1624183659850000,0,5.20000000,1811.8800
1624183683764000,0,8.20000000,1813.6500
1624183688232000,0,0.04997104,1815.7900
1624183689975000,1,0.01741240,1814.8000
1624183689975000,1,0.01485024,1814.3300
1624183691104000,1,0.02018977,1813.2300
1624183691227000,1,0.01741240,1812.7300
1624183691227000,1,0.01485024,1812.7300
1624183694421000,1,1.40000000,1812.1700
1624183694421000,1,0.60296385,1812.1600
1624183704930000,1,0.01691236,1813.4700
1624183704930000,1,0.04453977,1813.2200
1624183704930000,1,0.10998121,1813.0100
1624183704930000,1,3.00000000,1812.9600
1624183704930000,1,17.52856666,1812.8500
1624183711170000,0,0.05042803,1813.5300
1624183711170000,0,1.07549878,1813.9000
1624183719464000,1,0.10000000,1812.1600
1624183720593000,0,0.05064000,1812.3800
1624183720612000,0,0.00000137,1812.3800
1624183725404000,0,0.01477474,1813.8200
1624183728476000,0,0.01914900,1813.4400
1624183730131000,0,6.69999999,1813.2400
1624183745510000,1,0.57176219,1814.0100
1624183746574000,0,5.50000000,1815.3100
1624183751154000,1,0.01840898,1814.1500
1624183751154000,1,0.04602245,1814.1500
1624183751154000,1,0.01840898,1814.1300
1624183751198000,1,4.65970000,1813.5900
1624183754138000,1,0.01625442,1813.6000
1624183754138000,1,0.00007099,1813.5900
1624183759878000,0,0.01200000,1813.4900
1624183764150000,1,0.01391509,1811.8800
1624183765892000,0,1.40000000,1812.3800
1624183765892000,0,2.45010621,1812.3900
1624183776636000,1,0.01141923,1809.7700
1624183776636000,1,0.01148791,1809.1600
1624183776636000,1,0.07422497,1809.1400
1624183780608000,0,0.52580000,1810.6100
1624183780608000,0,7.60000000,1810.6600
1624183780694000,0,0.01300000,1810.8800
1624183791393000,0,0.01918747,1811.2300
1624183800304000,0,0.04606339,1809.1700
1624183801376000,1,0.04440400,1806.8300
1624183801376000,1,0.02089411,1806.7300
1624183801376000,1,9.98836528,1806.5500
1624183801595000,1,3.00000000,1806.0100
1624183801595000,1,0.80000000,1806.0000
1624183801595000,1,20.60000000,1806.0000
1624183802016000,1,0.03552300,1806.2200
1624183802081000,1,4.40000000,1806.0000
1624183804775000,1,0.02841900,1805.7800
1624183816658000,0,0.05200915,1809.1300
1624183816659000,0,0.00000001,1809.1300
1624183818246000,1,0.05171864,1808.4200
1624183818291000,1,0.00000001,1808.4200
1624183840423000,1,0.05141163,1805.6100
1624183840423000,1,0.05141163,1805.6100
1624183841051000,1,0.03770199,1805.6300
1624183841051000,1,0.00000001,1805.6300
1624183843231000,1,0.02412900,1805.0100
1624183843231000,1,0.50000000,1805.0000
1624183843231000,1,4.97587100,1805.0000
1624183843339000,1,0.02412900,1805.0000
1624183844372000,1,0.01900000,1804.1200
1624183844380000,1,0.00030400,1804.1200
1624183844428000,1,0.05000000,1804.1100
1624183845242000,1,0.17000000,1804.1100
1624183845821000,1,1.17300000,1803.3500
1624183845958000,1,0.00000024,1803.3500
1624183845958000,1,0.04871976,1803.0000
1624183846014000,1,0.12428024,1803.0000
1624183846014000,1,0.04872611,1802.7100
1624183846014000,1,0.64402121,1802.4000
1624183846145000,1,0.35500000,1802.4000
1624183846389000,1,0.00097879,1802.4000
1624183852909000,1,6.10000000,1802.0700
1624183852909000,1,0.23566299,1801.9800
1624183852912000,1,0.04632486,1801.6500
1624183854523000,0,0.04976504,1803.4300
1624183854523000,0,0.06563775,1803.7200
1624183856092000,0,0.02748378,1803.5800
1624183858242000,0,0.23175535,1803.2600
1624183858628000,0,0.02711337,1803.1600
1624183864426000,1,0.04152239,1801.8500
1624183864426000,1,0.01660491,1801.8500
1624183864426000,1,0.01660859,1801.7300
1624183864426000,1,0.04983809,1801.7200
1624183864426000,1,0.05172950,1801.3500
1624183864426000,1,9.82369652,1801.3100
1624183864938000,1,0.02175156,1801.3100
1624183866540000,1,0.04153042,1801.3300
1624183866540000,1,0.01632380,1801.3300
1624183866540000,1,2.13970533,1801.3100
1624183866728000,1,4.65002876,1801.3100
1624183866728000,1,0.01299486,1801.2400
1624183866909000,1,0.01632380,1801.3200
1624183866909000,1,0.03967620,1801.3200
1624183866940000,1,0.00113330,1801.3200
1624183866940000,1,0.43412402,1801.0000
1624183866953000,1,0.70878327,1801.0000
1624183866956000,1,1.85709271,1801.0000
1624183866956000,1,1.00000000,1801.0000
1624183866956000,1,0.05000000,1801.0000
1624183866956000,1,0.30635712,1801.0000
1624183867112000,1,0.04944000,1801.0000
1624183867115000,1,0.32221509,1801.0000
1624183867143000,1,0.25000000,1800.9300
1624183867222000,1,0.01578439,1801.0100
1624183867222000,1,0.03946098,1801.0100
1624183867433000,1,0.04944591,1800.6400
1624183867433000,1,0.25000000,1800.5000
1624183867444000,1,1.00000000,1800.1300
1624183867444000,1,0.05509904,1800.1300
1624183867444000,1,0.34730096,1800.0100
1624183867522000,0,0.01165818,1801.2400
1624183867537000,1,35.61230000,1800.0100
1624183867902000,1,0.42000000,1800.0100
1624183868087000,1,3.02620000,1800.0100
1624183868162000,1,0.87855857,1800.0100
1624183868389000,1,0.58800000,1800.0000
1624183868438000,1,0.05000000,1800.0000
1624183868479000,1,1.50000000,1800.0000
1624183868482000,1,1.85700000,1800.0000
1624183868487000,1,0.68775898,1800.0000
1624183868534000,1,0.31724102,1800.0000
1624183868534000,1,0.10500000,1800.0000
1624183868534000,1,0.25000000,1800.0000
1624183868534000,1,0.14000000,1800.0000
1624183868534000,1,1.50585126,1800.0000
1624183868540000,1,0.99414874,1800.0000
1624183868540000,1,1.00000000,1800.0000
1624183868540000,1,1.00000000,1800.0000
1624183868540000,1,6.00000000,1800.0000
1624183868540000,1,0.05520555,1800.0000
1624183868540000,1,1.00000000,1800.0000
1624183868540000,1,0.10000000,1800.0000
1624183868540000,1,0.04000000,1800.0000
1624183868540000,1,0.01110000,1800.0000
1624183868540000,1,0.27639444,1800.0000
1624183868540000,1,0.10000000,1800.0000
1624183868540000,1,0.02600000,1800.0000
1624183868540000,1,12.91735146,1800.0000
1624183868592000,1,0.04278102,1800.0000
1624183868657000,1,0.39890559,1800.0000
1624183868680000,1,1.58129717,1800.0000
1624183868762000,1,13.35500000,1800.0000
1624183868762000,1,0.10000000,1800.0000
1624183868811000,1,27.10466476,1800.0000
1624183868811000,1,1.00000000,1800.0000
1624183868811000,1,0.05566111,1800.0000
1624183868811000,1,1.00000000,1800.0000
1624183868811000,1,0.03000000,1800.0000
1624183868811000,1,0.70000000,1800.0000
1624183868811000,1,0.24967413,1800.0000
1624183868831000,1,1.00000000,1800.0000
1624183868848000,1,0.02811000,1800.0000
1624183868895000,1,0.72221587,1800.0000
1624183868895000,1,1.99872568,1800.0000
1624183868895000,1,0.13915694,1800.0000
1624183869003000,1,0.86084306,1800.0000
1624183869003000,1,0.65000000,1800.0000
1624183869003000,1,1.00000000,1800.0000
1624183869003000,1,0.02000000,1800.0000
1624183869003000,1,0.10000000,1800.0000
1624183869003000,1,3.00000000,1800.0000
1624183869003000,1,1.39947830,1800.0000
1624183869062000,1,0.40000000,1800.0000
1624183869109000,1,0.20052170,1800.0000
1624183869109000,1,1.00000000,1800.0000
1624183869109000,1,0.22126503,1800.0000
1624183869109000,1,0.20000000,1800.0000
1624183869109000,1,0.01381666,1800.0000
1624183869109000,1,0.05550000,1800.0000
1624183869109000,1,0.25000000,1800.0000
1624183869109000,1,0.50396111,1800.0000
1624183869109000,1,0.15236388,1800.0000
1624183869109000,1,0.84035275,1800.0000
1624183869109000,1,0.10000000,1800.0000
1624183869109000,1,0.33333333,1800.0000
1624183869109000,1,0.15000000,1800.0000
1624183869109000,1,2.00000000,1800.0000
1624183869109000,1,1.00000000,1800.0000
1624183869109000,1,0.50000000,1800.0000
1624183869109000,1,0.57910277,1800.0000
1624183869109000,1,0.20000000,1800.0000
1624183869109000,1,2.00000000,1800.0000
1624183869109000,1,1.00000000,1800.0000
1624183869109000,1,0.30000000,1800.0000
1624183869109000,1,0.10000000,1800.0000
1624183869109000,1,1.70976111,1800.0000
1624183869109000,1,0.25000000,1800.0000
1624183869109000,1,0.96980000,1800.0000
1624183869109000,1,0.01960000,1800.0000
1624183869109000,1,0.19998192,1800.0000
1624183869109000,1,0.05500000,1800.0000
1624183869109000,1,1.00000000,1800.0000
1624183869109000,1,1.21648333,1800.0000
1624183869109000,1,2.33277777,1800.0000
1624183869109000,1,0.30000000,1800.0000
1624183869109000,1,3.00000000,1800.0000
1624183869109000,1,0.02500000,1800.0000
1624183869109000,1,0.10000000,1800.0000
1624183869109000,1,1.00000000,1800.0000
1624183869109000,1,0.52330000,1800.0000
1624183869109000,1,0.25000000,1800.0000
1624183869109000,1,1.60000000,1800.0000
1624183869109000,1,7.31912123,1800.0000
1624183869157000,1,2.85544703,1800.0000
1624183869227000,1,5.21638487,1800.0000
1624183869307000,1,2.10539515,1800.0000
1624183869320000,1,4.32470000,1800.0000
1624183869552000,1,23.20000000,1800.0000
1624183869769000,0,1.24740000,1800.0100
1624183869867000,0,3.45560000,1800.0100
1624183869879000,1,0.97102552,1800.0000
1624183870438000,1,0.05850000,1800.0000
1624183871115000,1,1.04600000,1800.0000
1624183871197000,1,23.30000000,1800.0000
1624183871307000,1,0.29100000,1800.0000
1624183871348000,1,0.58800000,1800.0000
1624183871399000,1,3.45560000,1800.0000
1624183871557000,1,23.30000000,1800.0000
1624183871557000,1,1.03230000,1800.0000
1624183871614000,1,87.51000000,1800.0000
1624183871874000,1,1.12984788,1800.0000
1624183872033000,1,5.45000000,1800.0000
1624183872456000,1,1.01400000,1800.0000
1624183872979000,0,2.50000000,1800.2900
1624183873424000,0,0.55580804,1800.6600
1624183873424000,0,0.04885497,1800.8000
1624183873424000,0,5.89533699,1800.9400
1624183873494000,0,1.38905866,1800.7000
1624183873869000,1,6.10000000,1800.0900
1624183873869000,1,9.95453733,1800.0000
1624183874142000,1,4.90660679,1800.0100
1624183875054000,1,0.12811000,1800.0000
1624183875412000,1,0.12811000,1800.0000
1624183879733000,1,0.12811000,1800.0000
1624183879810000,0,48.80000000,1800.1900
1624183879824000,1,2.30640278,1800.0000
1624183879825000,1,13.46703882,1800.0000
1624183879826000,1,2.01221875,1800.0000
1624183879827000,1,1.64743055,1800.0000
1624183879829000,1,4.14439174,1800.0000
1624183879913000,1,7.88890000,1800.0000
1624183879953000,1,1.73860000,1800.0000
1624183879967000,1,3.38885798,1800.0000
1624183880023000,1,1.01040000,1800.0000
1624183880083000,1,2.32536947,1800.0000
1624183880138000,1,23.52345093,1800.0000
1624183880210000,1,2.95774499,1800.0000
1624183880269000,1,3.20886687,1800.0000
1624183880274000,1,1.22721604,1800.0000
1624183880318000,1,0.05000000,1800.0000
1624183880347000,1,0.56219562,1800.0000
1624183880354000,1,0.43052523,1800.0000
1624183880354000,1,0.05688750,1800.0000
1624183880354000,1,0.02083333,1800.0000
1624183880354000,1,0.03000000,1800.0000
1624183880354000,1,0.50000000,1800.0000
1624183880354000,1,0.34786666,1800.0000
1624183880354000,1,0.50000000,1800.0000
1624183880354000,1,0.10000000,1800.0000
1624183880354000,1,0.01400000,1800.0000
1624183880354000,1,0.03000000,1800.0000
1624183880354000,1,1.17875415,1800.0000
1624183880384000,1,6.32124585,1800.0000
1624183880384000,1,0.20000000,1800.0000
1624183880384000,1,1.10011001,1800.0000
1624183880384000,1,0.01500000,1800.0000
1624183880384000,1,0.06372915,1800.0000
1624183880384000,1,8.00000000,1800.0000
1624183880384000,1,0.06000000,1800.0000
1624183880384000,1,0.23991499,1800.0000
1624183880450000,1,1.48482766,1800.0000
1624183880451000,1,3.20886687,1800.0000
1624183880494000,1,2.18530000,1800.0000
1624183880608000,1,1.06750000,1800.0000
1624183880627000,1,6.81359048,1800.0000
1624183880627000,1,1.75812000,1800.0000
1624183880627000,1,4.04204706,1800.0000
1624183880627000,1,2.00000000,1800.0000
1624183880627000,1,0.50000000,1800.0000
1624183880627000,1,1.00000000,1800.0000
1624183880627000,1,0.02630000,1800.0000
1624183880627000,1,7.39412953,1800.0000
1624183880647000,1,0.28207300,1800.0000
1624183880792000,1,1.30490891,1800.0000
1624183880792000,1,0.32900000,1800.0000
1624183880792000,1,2.25220000,1800.0000
1624183880792000,1,0.23032222,1800.0000
1624183880792000,1,1.00000000,1800.0000
1624183880792000,1,1.00000000,1800.0000
1624183880792000,1,0.10000000,1800.0000
1624183880792000,1,0.10000000,1800.0000
1624183880792000,1,0.02811111,1800.0000
1624183881093000,1,0.01111402,1799.5300
1624183881093000,1,0.27500000,1799.0000
1624183881093000,1,0.63688598,1799.0000
1624183881130000,1,5.70791112,1799.0000
1624183881130000,1,0.05479282,1798.6000
1624183882062000,1,0.02664724,1797.2000
1624183882062000,1,0.52356428,1796.5900
1624183882062000,1,0.02000000,1796.0000
1624183882062000,1,0.01759933,1795.2400
1624183882062000,1,0.04575825,1795.2400
1624183882062000,1,0.02179972,1795.2300
1624183882062000,1,3.00000000,1793.7200
1624183882062000,1,0.90800000,1793.7100
1624183882062000,1,3.93663118,1793.7100
1624183882984000,1,0.01307862,1795.6100
1624183883656000,0,1.39133145,1798.3500
1624183883656000,0,29.71930000,1798.4000
1624183883735000,0,1.40000000,1798.3100
1624183885112000,0,1.38080000,1797.4900
1624183889967000,1,0.05158619,1796.3200
1624183889967000,1,0.05212851,1795.8200
1624183889967000,1,2.09659431,1795.7100
1624183889968000,1,1.38007042,1795.7100
1624183889979000,1,1.88727578,1795.7100
1624183889979000,1,1.36827495,1795.7100
1624183889979000,1,3.14939146,1795.7100
1624183891476000,0,0.55739496,1795.6200
1624183892555000,0,0.55739496,1797.0300
1624183892555000,0,3.62201741,1797.4800
1624183892555000,0,0.83558763,1797.4800
1624183892716000,1,0.52356000,1794.9300
1624183893316000,0,0.05051767,1796.9000
1624183893650000,0,2.47644000,1797.4700
1624183893650000,0,0.55723345,1797.4800
1624183893650000,0,0.20282655,1797.4900
1624183894173000,0,0.52360000,1797.4800
1624183894173000,0,0.80490000,1797.4900
1624183894239000,0,0.58818362,1797.4900
1624183894239000,0,0.04883008,1797.5000
1624183894239000,0,4.08398630,1798.2700
1624183894421000,1,1.30139344,1795.7100
1624183894952000,0,0.55663098,1798.1900
1624183894952000,0,1.39156378,1798.1900
1624183894952000,0,1.25994686,1798.2900
1624183894954000,0,3.20814162,1798.2900
1624183894954000,1,0.52356428,1797.0700
1624183894954000,1,0.04814632,1796.6000
1624183894954000,1,0.05116389,1795.6300
1624183894954000,1,2.95000000,1794.6500
1624183894954000,1,2.42712551,1794.6400
1624183894954000,0,1.33191152,1798.2900
1624183894954000,0,0.55723345,1798.3600
1624183894954000,0,1.31899665,1799.5300
1624183896150000,0,6.10000000,1799.4200
1624183898910000,1,1.40000000,1798.3900
1624183898910000,1,0.78776285,1798.3800
1624183899242000,0,9.24900000,1799.5100
1624183901064000,0,0.32458000,1800.0000
1624183901639000,0,0.00000958,1800.0000
1624183904353000,0,0.20786222,1802.1900
1624183909812000,0,0.05176000,1799.6900
1624183909885000,0,0.00000295,1799.6900
1624183909885000,0,0.55607705,1799.8900
1624183917406000,1,0.91218805,1797.4100
1624183918114000,1,0.50000000,1797.7600
1624183918830000,0,2.15716000,1799.8200
1624183918883000,0,4.54284000,1799.8200
1624183919956000,0,0.63856000,1800.0300
1624183921394000,1,0.90000000,1799.7300
1624183921394000,1,0.22322678,1799.7200
1624183921483000,0,0.00000589,1800.0300
1624183922980000,0,1.40000000,1801.9800
1624183929206000,0,1.40000000,1803.6200
1624183929632000,0,5.00000000,1802.9100
1624183932773000,1,0.04863198,1801.1900
1624183936024000,0,0.02753823,1803.7900
1624183938470000,1,1.40000000,1803.1500
1624183938470000,1,0.63792580,1803.1400
1624183952150000,1,1.40000000,1801.4500
1624183952542000,0,1.65000000,1801.5600
1624183952620000,0,2.11144000,1801.5600
1624183952879000,0,1.70000000,1801.5600
1624183953613000,0,0.33856000,1801.5600
1624183955399000,0,0.14215544,1801.4300
1624183957962000,0,4.95784456,1801.4300
1624183963766000,0,0.02712274,1800.1200
1624183965409000,0,0.02754694,1800.4200
1624183967615000,0,0.01745630,1800.4200
1624183970461000,0,0.25720017,1800.4200
1624183972454000,0,1.40000000,1800.1400
1624183972454000,0,0.05087835,1800.1500
1624183972454000,0,1.31643995,1800.3900
1624183973245000,0,1.21281260,1799.8500
1624183976750000,0,0.02756438,1800.5900
1624183977729000,0,4.60000000,1800.7000
1624183979200000,0,2.15000000,1801.7500
1624183979272000,0,1.76144000,1801.7500
1624183979335000,0,0.55000000,1801.7500
1624183980089000,0,3.73855999,1801.7500
1624183980122000,0,0.00000001,1801.7500
1624183980430000,0,0.16319865,1803.0200
1624183981135000,0,0.76000000,1802.6800
1624183981818000,0,0.05069185,1803.4100
1624183981869000,0,0.00000001,1803.4100
1624183981986000,0,0.55477130,1803.5700
1624183982533000,0,0.02756438,1802.8200
1624183982635000,0,0.73243562,1802.8200
1624183984572000,1,0.07272405,1801.6900
1624183985057000,1,1.40000000,1801.2800
1624183985074000,1,0.05030352,1801.0600
1624183985209000,0,1.21280000,1801.2300
1624183986450000,0,0.05122000,1801.7100
1624183987078000,0,0.00000605,1801.7100
1624183987078000,0,0.01653254,1802.9100
1624183988003000,0,6.70000000,1802.5800
1624183994891000,1,0.05617704,1800.7400
1624183994891000,1,0.13775766,1800.2900
1624183995678000,1,2.90000000,1800.0000
1624183996834000,0,0.03143325,1801.7300
1624183998344000,0,0.05505874,1802.4500
1624183999460000,0,3.52324213,1802.3600
1624183999461000,0,4.27675787,1802.3600
1624183999527000,0,0.76000000,1802.4600
1624183999527000,0,3.52328164,1802.6100
1624184011952000,1,0.25202028,1800.5700
1624184017020000,0,1.40000000,1803.5000
1624184017020000,0,3.00000000,1803.5100
1624184017020000,0,0.52251812,1803.5300
1624184017092000,0,0.85000000,1803.5300
1624184027505000,0,5.00000000,1804.7100
1624184027638000,1,1.40000000,1803.1000
1624184027638000,1,2.92738024,1803.0900
1624184029570000,0,1.40030000,1805.1300
1624184029572000,0,3.53775970,1805.1300
1624184029662000,0,3.59034480,1805.1300
1624184041949000,1,0.03670000,1801.7900
1624184047263000,0,0.75999999,1803.0200
1624184047296000,0,0.00000001,1803.0200
1624184047296000,0,4.64550762,1803.4100
1624184047453000,0,1.65449238,1803.4100
1624184056226000,0,0.03301802,1806.0300
1624184060057000,0,6.40000000,1805.5600
1624184062802000,1,6.10000000,1804.2100
1624184081858000,1,0.04701065,1804.3200
1624184086300000,0,1.39660458,1804.9800
1624184088388000,0,3.51562929,1805.5200
1624184097408000,0,2.35000000,1803.3100
1624184120888000,1,3.40122000,1799.7700
1624184120960000,1,0.44878000,1799.7700
1624184125155000,0,0.01650343,1799.9700
1624184129035000,0,0.05506607,1800.1500
1624184144758000,0,0.08083048,1802.3100
1624184153704000,0,0.30313327,1800.9900
1624184156433000,0,0.02723090,1799.9900
1624184160979000,0,0.01621434,1800.4900
1624184169981000,0,0.04134803,1798.5400
1624184170329000,1,6.10000000,1796.7200
1624184172714000,0,0.15814650,1797.8600
1624184178224000,0,0.22182691,1798.8800
1624184181811000,1,0.90897976,1796.5000
1624184185414000,0,0.10000000,1798.9100
1624184195849000,0,0.11464796,1799.5800
1624184220521000,0,0.28404569,1799.9700
1624184231786000,0,0.02758445,1800.4900
1624184240876000,0,0.02986000,1802.5900
1624184248742000,1,0.05038204,1802.3200
1624184248742000,1,0.01322243,1802.0500
1624184248742000,1,1.93639553,1802.0300
1624184252397000,1,0.01322067,1802.1400
1624184252397000,1,0.08228881,1801.9500
1624184252397000,1,0.03164954,1801.9500
1624184252397000,1,0.05196966,1801.5600
1624184252397000,1,0.20861729,1801.3600
1624184278699000,0,5.05000000,1800.8200
1624184278800000,0,1.15000000,1800.8200
1624184279571000,0,0.02713387,1801.4400
1624184280421000,0,0.06048136,1801.3000
1624184298695000,1,0.02763644,1800.3400
1624184300695000,1,0.37632535,1799.1500
1624184301524000,1,0.05557052,1799.2800
1624184310042000,0,0.29650000,1797.8500
1624184310042000,0,0.04971042,1797.8600
1624184310042000,0,0.04917096,1798.3700
1624184310042000,0,0.16083402,1798.3900
1624184312994000,0,0.05114436,1797.5700
1624184312994000,0,0.50002253,1798.0400
1624184322323000,0,0.27872226,1797.4400
1624184329434000,0,0.02208548,1796.6100
1624184336772000,0,0.64192776,1796.5900
1624184336772000,0,1.42756360,1796.6100
1624184336772000,0,1.93348863,1796.6100
1624184336773000,0,2.48990235,1796.6100
1624184336776000,0,1.62695994,1796.6100
1624184344923000,0,0.90212762,1796.8600
1624184346164000,1,1.40000000,1795.0600
1624184346924000,1,0.28090000,1793.4600
1624184346924000,1,0.22251903,1793.4500
1624184354509000,0,2.35000000,1795.7600
1624184364856000,0,0.14648635,1796.1900
1624184368872000,0,0.20000000,1797.5900
1624184379339000,0,0.03314608,1799.4100
1624184392383000,1,1.40000000,1797.3900
1624184392383000,1,0.04913578,1797.3800
1624184392383000,1,0.52356428,1797.2900
1624184392383000,1,0.49322533,1797.0600
1624184396342000,0,0.08146983,1799.1400
1624184397336000,0,0.16324843,1799.2800
1624184400407000,0,0.15616328,1799.3200
1624184416932000,0,0.01930651,1796.5800
1624184440599000,1,0.77700000,1793.4500
1624184440886000,1,0.00048097,1793.4500
1624184440886000,1,1.00000000,1793.0000
1624184440886000,1,1.00000000,1793.0000
1624184440887000,0,0.01907406,1794.6600
1624184440890000,1,0.05254882,1792.5100
1624184440890000,1,1.23936950,1791.4800
1624184440890000,1,0.76000000,1791.3900
1624184440890000,1,3.00000000,1791.3900
1624184440890000,1,15.47186140,1791.2200
1624184442438000,1,0.04800000,1791.7600
1624184442498000,1,0.00027308,1791.7600
1624184442500000,1,6.10000000,1791.5700
1624184443990000,1,0.10000000,1791.0000
1624184443990000,1,0.23764859,1790.0800
1624184443990000,1,0.10000000,1790.0000
1624184443990000,1,0.08000000,1790.0000
1624184443990000,1,0.17000000,1790.0000
1624184443990000,1,0.01140000,1790.0000
1624184443990000,1,0.37233240,1790.0000
1624184443990000,1,3.88471901,1790.0000
1624184444092000,0,0.05168499,1791.3200
1624184444092000,0,0.99484162,1792.0900
1624184444436000,1,0.11528099,1790.0000
1624184444436000,1,0.01400000,1790.0000
1624184444436000,1,0.09259589,1790.0000
1624184444471000,1,0.11586221,1790.0000
1624184444471000,1,0.52734219,1789.2700
1624184444471000,1,0.35679560,1788.9600
1624184444518000,1,0.40320440,1788.9600
1624184444518000,1,0.62365838,1788.9500
1624184444518000,1,0.05467972,1788.3800
1624184444518000,1,0.07027404,1788.0000
1624184444518000,1,1.35000000,1787.3100
1624184444518000,1,1.49818346,1787.3000
1624184444565000,1,2.09351069,1787.3200
1624184445267000,1,0.52734219,1789.8200
1624184445267000,1,0.04911128,1789.1100
1624184445267000,1,0.99321000,1788.9700
1624184445267000,1,14.72277460,1788.5000
1624184450235000,0,2.80557000,1788.1800
1624184451504000,0,0.05117175,1788.9300
1624184451595000,0,0.94497146,1789.6000
1624184451627000,0,1.18414369,1789.6000
1624184451638000,0,1.66919731,1789.6000
1624184451698000,0,0.94430000,1789.5900
1624184451698000,0,0.48493137,1789.6000
1624184451836000,0,2.16670000,1789.6000
1624184452023000,0,1.55005617,1789.6000
1624184464231000,1,4.78971855,1786.9700
1624184471070000,1,1.07670000,1786.1800
1624184471120000,1,0.00004426,1786.1800
1624184472544000,0,0.05000000,1785.4400
1624184476484000,1,0.84924719,1786.2000
1624184488132000,0,0.05169289,1789.1800
1624184488132000,0,0.04877366,1789.5700
1624184488132000,0,0.43604298,1789.8900
1624184492678000,1,1.40000000,1787.8400
1624184492678000,1,0.04990810,1787.8300
1624184492678000,1,3.10307394,1787.8300
1624184502984000,1,0.04806456,1787.0500
1624184503992000,0,0.08113764,1788.6300
1624184507963000,0,0.10000000,1787.7100
1624184512550000,0,0.05544752,1788.2100
1624184516397000,0,0.12037545,1788.1000
1624184518381000,0,0.03237465,1788.5900
1624184519621000,0,1.40000000,1788.5000
1624184520381000,0,0.03319614,1789.0700
1624184527710000,1,2.31563609,1786.5700
1624184529518000,0,0.54030000,1786.8300
1624184529518000,0,5.55970000,1786.8400
1624184530204000,0,0.15863099,1787.3600
1624184533356000,1,0.01623086,1785.0000
1624184534827000,1,1.00000000,1784.5500
1624184535280000,1,6.10000000,1783.6100
1624184536376000,1,0.48163458,1783.0400
1624184536377000,1,0.07661787,1783.0400
1624184537522000,0,0.04983537,1783.9500
1624184537522000,0,0.05043624,1783.9600
1624184537821000,1,0.04875491,1783.4300
1624184540358000,0,2.86420000,1786.1900
1624184540943000,0,3.33580000,1786.1900
1624184546311000,1,0.04951702,1785.2400
1624184546311000,1,6.10000000,1784.9000
1624184546311000,1,0.04942664,1784.8500
1624184546311000,1,2.25487294,1784.8200
1624184548743000,0,0.02223393,1786.4400
1624184552840000,0,0.05555850,1785.6600
1624184559863000,0,0.05024905,1783.7100
1624184559863000,0,0.04909064,1784.0700
1624184559863000,0,1.01130591,1784.3700
1624184562628000,0,0.11113219,1785.6800
1624184573074000,0,0.68441744,1786.0500
1624184575477000,0,0.11121789,1786.0500
1624184580292000,1,0.19663000,1783.0000
1624184580815000,0,0.03303432,1784.1700
1624184580841000,1,0.00000737,1783.0000
1624184580841000,1,0.05060890,1782.6000
1624184581189000,0,0.06114131,1783.7600
1624184581825000,1,0.02500000,1782.1200
1624184581978000,1,0.02572278,1782.1200
1624184583484000,1,0.50000000,1781.5300
1624184584914000,1,0.02460000,1781.0000
1624184584914000,1,0.03803816,1780.5800
1624184584914000,1,0.26798877,1780.4900
1624184584994000,1,0.00000001,1780.4900
1624184585130000,1,0.05588609,1780.3800
1624184585220000,0,0.10000000,1782.0900
1624184585374000,1,0.10579748,1780.3900
1624184585376000,1,0.05588608,1780.3900
1624184585466000,1,0.09111644,1780.3900
1624184585590000,1,0.04882418,1780.2600
1624184585590000,1,0.94334041,1780.0200
1624184587812000,0,0.04168087,1781.8700
1624184588613000,0,0.04900000,1781.4500
1624184589428000,0,0.07780472,1781.3900
1624184589598000,0,0.80100000,1781.3900
1624184590522000,0,1.00000000,1781.3900
1624184591150000,0,2.96083000,1781.3900
1624184595261000,0,0.04998000,1783.4000
1624184595432000,0,0.00000165,1783.4000
1624184595639000,1,0.30313327,1783.1300
1624184597744000,0,0.01949386,1786.2200
1624184608194000,1,0.04935000,1785.3400
1624184619300000,0,0.05291710,1786.1900
1624184637614000,1,0.05130629,1781.4100
1624184637614000,1,0.05137373,1780.9600
1624184637614000,1,1.05000000,1780.5900
1624184637614000,1,3.55837804,1780.5800
1624184637668000,1,0.04689202,1780.4600
1624184637668000,1,0.01140000,1780.0000
1624184637668000,1,2.00000000,1780.0000
1624184637668000,1,0.10000000,1780.0000
1624184637668000,1,15.00000000,1780.0000
1624184637668000,1,0.01389385,1780.0000
1624184637668000,1,0.58035955,1780.0000
1624184637668000,1,5.92927409,1779.9300
1624184637668000,1,0.90800000,1779.9000
1624184637862000,1,0.15006736,1778.9200
1624184638647000,1,0.13704003,1780.2000
1624184641534000,0,2.84539807,1781.3200
1624184641558000,0,3.25460193,1781.3200
1624184642541000,0,0.04949554,1782.7000
1624184642541000,0,0.05001383,1783.2900
1624184642541000,0,0.04955375,1783.8400
1624184642846000,1,0.85000000,1784.0000
1624184643493000,1,1.00090000,1784.0000
1624184643788000,1,0.00003688,1784.0000
1624184657501000,1,0.10000000,1777.0000
1624184657501000,1,1.15333145,1777.0000
1624184658106000,1,0.76000000,1776.0100
1624184658106000,1,0.10000000,1776.0000
1624184658106000,1,0.18055821,1776.0000
1624184658193000,1,0.44613397,1776.0000
1624184658379000,0,0.52969740,1778.6600
1624184659289000,0,1.40000000,1777.9800
1624184659427000,0,0.52734220,1778.7400
1624184659427000,0,0.37305780,1779.3500
1624184659519000,0,3.00000000,1779.3400
1624184659519000,0,5.32694220,1779.3500
1624184659519000,0,0.56225261,1779.6300
1624184661457000,0,0.05100000,1778.4900
1624184664139000,0,0.05178333,1778.8600
1624184664505000,0,0.04974442,1779.2500
1624184664505000,0,0.04898088,1779.6100
1624184664505000,0,0.52734220,1779.6600
1624184665016000,1,0.04833496,1778.5900
1624184671151000,0,1.30000000,1779.5500
1624184672535000,0,4.73912368,1780.2600
1624184677076000,1,1.39999999,1780.4400
1624184677077000,1,0.00000001,1780.4400
1624184680110000,1,0.04797982,1778.9400
1624184680110000,1,0.01919192,1778.9400
1624184680113000,1,0.00000001,1778.9400
1624184681675000,0,8.20000000,1780.7800
1624184682684000,1,1.40000000,1779.4400
1624184682684000,1,0.04874831,1779.3200
1624184682684000,1,0.21004900,1778.8100
1624184687987000,0,1.40000000,1781.1200
1624184689173000,0,1.40000000,1781.5000
1624184690690000,0,0.79900000,1781.7900
1624184693817000,1,1.40000000,1781.2700
1624184693817000,1,0.01681359,1781.2600
1624184693845000,1,0.00000001,1781.2600
1624184693845000,1,0.04181817,1781.1800
1624184693967000,1,0.05165577,1780.7600
1624184693967000,1,0.01682398,1780.2400
1624184693967000,1,3.00000000,1779.2700
1624184693967000,1,0.34625679,1777.5200
1624184694077000,1,1.39999999,1780.7700
1624184694104000,1,0.00000001,1780.7700
1624184694104000,1,0.04181817,1780.7700
1624184694104000,1,0.01673628,1780.7700
1624184702792000,0,6.09999999,1781.7100
1624184702888000,0,0.00000001,1781.7100
1624184704801000,1,0.05159695,1781.2800
1624184704801000,1,1.40000000,1780.9200
1624184704801000,1,0.04840305,1780.9100
1624184706866000,1,0.05000000,1781.3600
1624184708848000,0,0.05571863,1781.8300
1624184710130000,1,0.02294000,1780.1100
1624184710154000,1,0.00000709,1780.1100
1624184710281000,1,0.05892000,1780.1000
1624184715160000,0,0.07793900,1780.0700
1624184715205000,0,0.11142317,1780.0700
1624184727783000,1,0.01748642,1778.0900
1624184727783000,1,0.01748957,1777.9200
1624184727856000,0,2.87959000,1777.9100
1624184727866000,0,13.08543401,1777.9100
1624184728587000,0,3.30000000,1778.2200
1624184728666000,0,4.50000000,1778.2200
1624184729967000,0,0.17577476,1778.7300
1624184731929000,1,0.01748642,1776.9100
1624184731929000,1,0.01651358,1776.9100
1624184733341000,0,0.96104858,1777.5100
1624184733880000,0,6.09999999,1777.4900
1624184733906000,0,0.00000001,1777.4900
1624184744605000,0,0.02233572,1777.4200
1624184744742000,1,0.01472698,1776.1600
1624184744742000,1,0.37330782,1776.0000
1624184745290000,1,0.99999999,1775.6900
1624184745318000,1,0.00000001,1775.6900
1624184746297000,1,0.01400000,1775.3800
1624184747300000,1,0.00072979,1775.3800
1624184747300000,1,0.20000000,1775.3700
1624184747300000,1,0.12327021,1775.0000
1624184748549000,1,0.01400000,1775.0000
1624184749598000,0,0.05071495,1776.1300
1624184749598000,0,0.09446193,1776.4600
1624184750210000,1,0.46400000,1775.0100
1624184750290000,1,0.20131000,1775.0100
1624184752778000,1,1.17790000,1775.0200
1624184752778000,1,0.02246170,1775.0100
1624184752778000,1,3.58935685,1775.0100
1624184752804000,0,0.02623281,1776.3400
1624184753533000,0,0.04800000,1775.7600
1624184753561000,0,0.00039030,1775.7600
1624184755096000,1,0.02000000,1775.0000
1624184755361000,1,0.16731937,1775.0000
1624184755361000,1,0.02054263,1775.0000
1624184755758000,0,0.52734220,1775.0200
1624184755758000,0,1.40000000,1775.3500
1624184755758000,0,1.32265780,1775.3600
1624184756345000,1,3.85199689,1773.0800
1624184759088000,1,0.01870063,1773.0100
1624184759088000,1,0.02021370,1773.0000
1624184759088000,1,0.50000001,1772.1000
1624184759088000,1,2.02213806,1772.0100
1624184761081000,1,2.23498648,1772.0000
1624184761081000,1,0.01870063,1771.8000
1624184761081000,1,0.01150000,1771.7900
1624184761081000,1,0.52734219,1771.2600
1624184761084000,1,0.04826523,1770.9500
1624184762344000,0,0.05085007,1771.9400
1624184762344000,0,0.03140470,1772.3400
1624184763082000,0,0.05027252,1772.3200
1624184764994000,1,0.05138648,1771.0600
1624184764994000,1,0.01638023,1770.6300
1624184764994000,1,0.01127114,1770.5400
1624184766068000,0,0.05586697,1773.1700
1624184766750000,0,0.05036017,1773.0800
1624184766863000,1,4.73912368,1770.6300
1624184766863000,1,1.36087631,1770.6200
1624184766864000,1,4.73912369,1770.6200
1624184766864000,1,0.04887875,1770.5400
1624184767212000,1,0.05000000,1772.2500
1624184772609000,0,6.10000000,1775.1700
1624184773049000,0,0.17354623,1776.4700
1624184774436000,1,0.04962802,1773.9500
1624184776188000,0,0.13991708,1773.7200
1624184777607000,0,1.03070000,1773.5400
1624184778125000,0,0.02800268,1775.3200
1624184779600000,0,0.02162660,1774.8900
1624184779865000,0,0.02716681,1775.1200
1624184783738000,1,0.05118240,1772.8900
1624184783764000,1,0.00000001,1772.8900
1624184783780000,1,0.04856829,1772.4900
1624184784226000,0,0.02794559,1774.7000
1624184790867000,0,6.10000000,1774.6000
1624184790867000,0,5.55104000,1774.6200
1624184794809000,0,0.01792233,1776.0000
1624184794809000,0,0.01641439,1776.0800
1624184794809000,0,0.01604732,1776.1300
1624184794809000,0,0.00563770,1776.3500
1624184800403000,1,0.01614349,1775.5100
1624184800403000,1,0.10493269,1775.5100
1624184800403000,1,0.04035873,1775.5100
1624184800403000,1,0.05175829,1775.5000
1624184800816000,1,0.01614004,1775.1100
1624184800816000,1,0.04035010,1775.1100
1624184800816000,1,0.10491025,1775.1100
1624184801082000,1,0.01614004,1774.5000
1624184801082000,1,0.04035010,1774.5000
1624184801082000,1,0.10491026,1774.5000
1624184801374000,1,0.04951708,1773.9700
1624184801374000,1,1.95048292,1772.6900
1624184802025000,1,0.10097658,1774.3900
1624184802025000,1,0.03883715,1774.3900
1624184802025000,1,0.01553486,1774.3900
1624184802025000,1,0.52734219,1773.6500
1624184802025000,1,0.94693706,1772.7100
1624184804860000,1,0.92300000,1774.6500
1624184805231000,0,0.04990663,1776.2900
1624184805231000,0,0.89500000,1776.4600
1624184805231000,0,6.10000000,1776.4700
1624184805231000,0,0.05034896,1776.6600
1624184805231000,0,0.52734220,1777.0200
1624184805231000,0,0.04812379,1777.0300
1624184805231000,0,2.92187829,1777.0400
1624184808438000,1,0.37652256,1774.0700
1624184812803000,0,0.37650000,1774.4800
1624184812803000,0,0.12350000,1774.4900
1624184815773000,1,0.01659020,1772.7300
1624184815773000,1,0.04489544,1772.7300
1624184818553000,0,0.05473918,1773.9600
1624184819190000,1,0.04148400,1771.7400
1624184819190000,1,0.01595590,1771.7400
1624184825148000,1,0.01968043,1770.3200
1624184825148000,1,0.04942457,1770.3100
1624184825748000,1,0.01756939,1770.3100
1624184825748000,1,0.01756939,1770.0100
1624184825748000,1,0.25000000,1770.0000
1624184825748000,1,0.05000000,1770.0000
1624184825748000,1,0.01140000,1770.0000
1624184825748000,1,0.20000000,1770.0000
1624184826678000,1,0.05000000,1769.1800
1624184826721000,1,0.01756939,1769.1600
1624184826721000,1,0.01756939,1769.1600
1624184826721000,1,0.04655459,1768.6700
1624184826721000,1,0.05455482,1768.2100
1624184826721000,1,0.12361735,1768.0900
1624184828845000,1,0.01606227,1768.0100
1624184828845000,1,0.01756939,1768.0100
1624184828845000,1,0.55400000,1768.0000
1624184828845000,1,0.10000000,1768.0000
1624184830293000,0,0.05087428,1768.0600
1624184830572000,0,0.00000001,1768.0600
1624184830572000,0,0.04960999,1768.1700
1624184830577000,0,0.00000502,1768.1700
1624184830860000,0,0.04924000,1768.6100
1624184830870000,0,0.00000980,1768.6100
1624184831207000,0,0.04949000,1768.9800
1624184831393000,0,0.00000646,1768.9800
1624184831941000,0,1.36838047,1770.9200
1624184835768000,1,0.05135411,1772.3900
1624184835768000,1,0.87883791,1771.6000
1624184839041000,1,0.05002000,1775.6300
1624184840672000,1,1.40000000,1774.8400
1624184840672000,1,6.10000000,1774.8300
1624184840672000,1,12.97462294,1774.3800
1624184844890000,0,0.68723198,1776.6100
1624184845462000,1,0.02752323,1775.1100
1624184846605000,1,0.01918944,1773.8500
1624184847338000,1,0.04854329,1772.6300
1624184847338000,1,0.01868485,1771.3200
1624184847338000,1,9.70768735,1771.2300
1624184847338000,1,4.93179390,1771.2200
1624184858403000,1,0.01169568,1773.5700
1624184858403000,1,0.04976807,1773.4700
1624184858403000,1,0.38368141,1772.8500
1624184860647000,0,1.40000000,1775.8900
1624184860647000,0,0.00605052,1775.9000
1624184869812000,1,0.52734219,1772.2100
1624184869812000,1,2.00000000,1772.0400
1624184869812000,1,1.38709887,1771.4700
1624184873860000,1,0.01889350,1772.9600
1624184873860000,1,0.04911650,1772.9600
1624184876490000,0,0.87890000,1775.5400
1624184876490000,0,1.88844373,1775.5500
1624184876728000,0,0.02757437,1775.4600
1624184883990000,0,0.67836081,1776.7000
1624184885293000,0,1.11990861,1777.3200
1624184887217000,0,0.30296055,1777.0300
1624184890349000,0,0.05588252,1777.6400
1624184894107000,0,0.27937732,1778.7700
1624184895149000,1,0.05139148,1777.3100
1624184895165000,1,0.00000001,1777.3100
1624184895748000,1,0.02800000,1776.0700
1624184896001000,1,0.98570000,1776.0700
1624184902660000,1,0.01747744,1774.0800
1624184904984000,0,0.01675009,1774.2200
1624184912102000,0,0.24703978,1776.1300
1624184915726000,0,0.28099675,1776.8700
1624184924543000,0,0.05588270,1776.1600
1624184926781000,0,3.57337749,1776.2800
1624184931559000,1,0.01262370,1775.9100
1624184932419000,0,0.05154596,1776.1000
1624184932443000,0,0.00000001,1776.1000
1624184932570000,0,0.05100000,1776.6500
1624184933594000,0,0.00072212,1776.6500
1624184933594000,0,0.05027788,1777.0400
1624184934675000,1,0.04810000,1776.7000
1624184934724000,1,0.00000827,1776.7000
1624184937478000,1,5.00000000,1776.8700
1624184938027000,1,0.04940127,1776.0600
1624184938027000,1,1.82253658,1776.0100
1624184938850000,0,0.02763185,1777.4600
1624184940058000,1,0.05025000,1776.5900
1624184941087000,1,0.00000031,1776.5900
1624184955952000,0,0.09999999,1778.6000
1624184959574000,0,0.02792421,1778.9800
1624184961606000,0,0.55848427,1780.2800
1624184963098000,0,0.05481900,1780.4800
1624184963098000,0,0.00634798,1780.6200
1624184971867000,0,0.05111845,1781.6400
1624184971867000,0,0.22595591,1781.8100
1624184974360000,0,0.28714347,1781.0500
1624184981537000,0,0.04178514,1783.0400
1624184985512000,0,4.05448906,1783.1100
1624184987520000,0,1.40000000,1783.2200
1624184991548000,1,1.40000000,1782.1200
1624184993361000,0,1.22443581,1782.5100
1624184996216000,1,0.10151681,1780.1700
1624184998668000,0,0.02783010,1782.0300
1624184999091000,0,0.05585808,1781.3000
1624184999812000,1,6.09999999,1779.7300
1624184999821000,1,0.00000001,1779.7300
1624185000056000,0,0.03500000,1780.4900
1624185000234000,0,0.27564742,1780.4900
1624185000304000,0,0.11959195,1780.4900
1624185001226000,0,1.00000000,1780.4100
1624185001561000,1,0.04917885,1778.5800
1624185001810000,0,0.16921997,1779.6500
1624185002013000,1,0.97560000,1777.7800
1624185002013000,1,0.05111240,1777.7700
1624185002013000,1,0.20000000,1776.7800
1624185002013000,1,4.40173150,1776.7700
1624185003819000,0,0.05007048,1780.7000
1624185004875000,0,0.01669281,1780.7000
1624185005195000,0,0.43551000,1780.7000
1624185006039000,0,0.05567581,1781.7000
1624185010826000,0,0.74800000,1782.3500
1624185012016000,0,5.85200000,1782.3500
1624185018551000,1,0.04931089,1779.1600
1624185018551000,1,1.77633911,1779.0900
1624185025600000,0,0.06705259,1781.1200
1624185026171000,0,6.53294741,1781.1200
1624185030769000,1,0.46940184,1779.6400
1624185033816000,0,0.05572676,1782.0500
1624185037055000,0,0.05572801,1781.6100
1624185039235000,0,0.35790000,1781.1200
1624185039235000,0,1.10847448,1781.1300
1624185044217000,0,0.05000000,1782.0200
1624185050107000,0,0.05571081,1782.3900
1624185054123000,0,0.02785540,1782.6400
1624185056128000,0,0.06536000,1783.0600
1624185056128000,0,0.03464000,1783.0700
1624185056388000,0,0.02761567,1783.0700
1624185057180000,0,0.02784712,1783.0700
1624185058355000,0,1.10238828,1783.5500
1624185059348000,0,0.01654974,1783.5400
1624185060368000,0,0.22607392,1784.0900
1624185061435000,0,0.05521015,1784.2700
1624185069453000,1,0.02453000,1781.9500
1624185070820000,1,0.02215000,1781.9600
1624185070884000,1,0.00000655,1781.9600
1624185072361000,0,0.28930023,1782.3500
1624185074120000,0,0.50000000,1781.5400
1624185078678000,0,0.50071001,1781.3400
1624185083622000,0,0.27834940,1780.8600
1624185085633000,0,0.33570377,1781.8300
1624185085883000,0,0.01634147,1782.3000
1624185086720000,0,0.02783494,1782.6900
1624185089753000,0,1.00000000,1782.4600
1624185092586000,0,0.11143851,1784.5700
1624185098864000,0,0.05567706,1784.4800
1624185110746000,0,0.01200000,1781.9400
1624185114813000,0,0.08089252,1782.8500
1624185115835000,0,0.01933702,1782.8100
1624185116726000,1,0.21160000,1781.1700
1624185116726000,1,6.10000000,1781.1600
1624185116726000,1,0.68840000,1781.1400
1624185117740000,0,0.11025295,1782.8800
1624185118736000,0,1.10213672,1782.8800
1624185120340000,0,1.40000000,1782.8800
1624185120340000,0,1.28744056,1782.8900
1624185120556000,1,1.21240000,1780.9200
1624185120556000,1,0.61013849,1780.9100
1624185126289000,1,1.40000000,1780.5400
1624185137748000,0,0.53083946,1781.3800
1624185137748000,0,0.26916053,1781.4300
1624185140432000,0,0.17834230,1781.2600
1624185146945000,1,4.90000000,1778.0000
1624185153259000,0,1.00000000,1777.1400
