timestamp ms,type,amount,price
1621641614523000,1,1.62680000,1997.87
1621641627654000,1,0.79790293,1996.53
1621641638714000,1,1.64883317,1996.74
1621641651425000,0,14.57500000,2000.41
1621641651803000,0,0.00029632,2000.41
1621641656811000,0,0.01723397,2004.00
1621641657365000,0,0.49676603,2004.00
1621641664011000,0,0.23000000,2005.27
1621641664157000,0,0.00016428,2005.27
1621641671930000,0,0.01643213,2007.78
1621641672530000,0,0.01015842,2008.68
1621641672530000,0,0.77160087,2010.32
1621641675351000,0,0.99999999,2011.00
1621641675413000,0,0.00000001,2011.00
1621641676281000,0,0.07672042,2012.81
1621641679396000,1,0.39087964,2008.67
1621641683414000,0,0.01652899,2012.81
1621641683421000,0,0.00000001,2012.81
1621641683421000,0,0.01300650,2012.84
1621641698509000,0,0.55825244,2014.86
1621641698579000,0,0.00000001,2014.86
1621641698579000,0,4.51578949,2015.00
1621641704273000,0,0.01900000,2016.00
1621641704273000,0,0.37516796,2016.95
1621641710311000,1,0.57663796,2014.57
1621641710570000,1,0.59854459,2014.57
1621641710688000,1,0.51051032,2014.57
1621641711009000,1,0.54224661,2014.57
1621641711269000,1,0.80486779,2014.57
1621641711290000,1,0.58759127,2014.57
1621641715820000,1,1.30554846,2014.57
1621641715838000,1,0.59325936,2014.57
1621641715838000,1,1.33955695,2014.57
1621641721763000,1,0.05000000,2014.64
1621641721763000,1,0.05000000,2014.05
1621641721763000,1,1.71050213,2014.02
1621641721763000,1,0.94621400,2014.02
1621641721768000,1,1.12328387,2014.02
1621641755129000,0,0.03419130,2010.39
1621641766512000,1,0.10000000,2007.87
1621641767790000,0,0.05000000,2006.96
1621641767790000,0,0.69049485,2007.32
1621641771860000,1,0.01011645,2004.16
1621641771860000,1,0.04524389,2002.88
1621641776547000,0,0.48869645,2004.93
1621641789579000,0,0.07004653,2000.67
1621641807844000,1,0.22000000,1993.53
1621641807844000,1,0.39087964,1993.52
1621641818609000,1,0.01657385,1990.93
1621641819675000,0,0.03300000,1990.92
1621641819961000,0,0.00042615,1990.92
1621641832914000,0,3.78000000,1990.07
1621641832914000,0,1.40000000,1990.15
1621641832914000,0,0.22000000,1990.15
1621641832914000,0,4.13005077,1990.32
1621641832914000,0,4.12989278,1990.43
1621641832914000,0,4.72800742,1991.46
1621641833192000,0,1.79210000,1993.29
1621641833192000,0,1.28330365,1995.42
1621641835000000,1,0.39000000,1996.25
1621641835453000,0,4.41720000,1996.48
1621641835682000,0,0.61998699,1996.48
1621641840300000,0,0.02267645,2002.08
1621641845118000,0,3.07000000,1998.52
1621641854952000,1,0.05000000,1992.94
1621641855274000,0,0.05000000,1993.14
1621641855274000,0,0.62132677,1994.13
1621641863689000,1,0.60677322,1990.10
1621641863727000,1,0.79322678,1990.10
1621641891582000,1,0.01022090,1983.68
1621641891964000,0,0.03977910,1983.40
1621641903463000,1,0.62140000,1986.46
1621641903463000,1,0.00326002,1986.46
1621641904799000,1,0.05000000,1986.99
1621641904835000,1,5.01857035,1986.55
1621641904835000,1,4.12972705,1986.53
1621641905315000,1,0.04999999,1986.49
1621641905317000,1,0.00000001,1986.49
1621641917608000,1,0.23000000,1980.00
1621641917608000,1,0.00016428,1980.00
1621641920257000,1,0.05000000,1977.03
1621641928433000,0,0.06111227,1976.65
1621641933968000,0,3.78000000,1978.43
1621641954099000,0,0.05000000,1980.31
1621641954099000,0,0.00002693,1980.47
1621641960313000,0,0.04963650,1976.78
1621641962252000,0,3.78000000,1975.09
1621641984035000,1,0.12000000,1974.13
1621641992860000,1,0.17000000,1969.45
1621642010888000,1,4.16331024,1971.23
1621642010888000,1,0.05000000,1970.94
1621642010888000,1,2.72041785,1970.60
1621642036054000,0,0.22000000,1985.84
1621642077679000,0,0.14833833,1985.30
1621642080282000,0,0.14410369,1984.56
1621642108854000,1,2.83725697,1983.43
1621642108859000,1,0.94274303,1983.43
1621642108859000,1,0.22000000,1983.40
1621642108859000,1,0.05000000,1983.39
1621642108859000,1,0.05000000,1982.72
1621642108859000,1,2.61725696,1982.62
1621642108863000,1,1.16274304,1982.62
1621642109053000,1,0.04999999,1982.16
1621642109076000,1,0.00000001,1982.16
1621642109076000,1,2.36372375,1982.15
1621642109082000,1,1.77500888,1982.15
1621642109082000,1,3.50017119,1982.14
1621642109093000,1,3.72611335,1982.14
1621642109106000,0,0.39087965,1982.17
1621642109116000,1,2.71316982,1982.31
1621642109116000,1,1.04836463,1982.14
1621642109116000,1,0.05000000,1981.74
1621642109116000,1,1.46364562,1981.74
1621642109135000,1,3.71037251,1981.74
1621642109135000,1,0.05000000,1981.31
1621642109154000,1,0.78175929,1981.02
1621642109629000,1,7.37060000,1981.00
1621642147582000,1,0.74000000,1974.11
1621642190248000,0,0.05535258,1971.69
1621642227143000,0,0.02480418,1978.67
1621642239852000,1,0.05000000,1977.96
1621642305793000,1,1.40000000,1976.03
1621642327979000,1,3.11448000,1976.66
1621642376497000,0,0.05000000,1977.79
1621642376497000,0,0.45156237,1977.86
1621642414774000,1,0.15589440,1974.11
1621642423947000,1,0.45150000,1975.50
1621642423947000,1,1.54850000,1975.49
1621642440262000,0,0.08368624,1978.33
1621642541939000,0,1.01556927,1968.45
1621642560946000,0,0.02520952,1965.72
1621642561241000,0,1.22448000,1965.73
1621642592975000,1,3.78000000,1962.97
1621642597001000,0,0.01528296,1960.29
1621642602690000,0,0.87210599,1961.88
1621642602697000,0,1.15630161,1961.88
1621642606591000,0,1.40000000,1963.70
1621642609074000,0,1.42221842,1966.19
1621642648117000,1,1.40000000,1970.42
1621642671567000,0,0.05032089,1970.28
1621642680290000,0,1.40000000,1968.58
1621642680290000,0,0.75928959,1968.59
1621642685667000,1,1.40000000,1966.62
1621642722810000,1,0.12700834,1967.70
1621642722907000,1,0.05486349,1967.70
1621642737061000,0,0.02523395,1971.55
1621642739470000,1,3.60250000,1969.25
1621642800258000,0,0.22000000,1971.35
1621642800258000,0,0.80923128,1972.02
1621642856988000,0,0.19679209,1980.13
1621642914837000,0,0.01700000,1982.60
1621642921850000,1,0.75190977,1979.57
1621642922764000,1,0.39000000,1978.21
1621642955145000,1,0.01526922,1972.07
1621642955870000,0,0.05031808,1975.36
1621642987330000,0,0.02517908,1968.53
1621643027494000,1,0.72510666,1964.73
1621643027503000,1,0.79041395,1964.73
1621643040281000,0,0.02505453,1966.71
1621643052539000,0,5.93069802,1967.38
1621643091565000,1,1.54229800,1975.16
1621643091681000,1,1.40871730,1975.15
1621643095018000,1,0.64288462,1974.94
1621643095037000,1,1.57000000,1974.94
1621643096746000,0,0.04993993,1976.52
1621643109614000,0,0.99999999,1981.00
1621643117153000,0,0.00000001,1981.00
1621643160301000,0,0.02500556,1987.29
1621643161240000,0,0.01734774,1987.63
1621643209827000,0,0.24641264,1984.99
1621643213662000,0,1.23710000,1984.51
1621643224056000,0,0.87982025,1986.14
1621643224298000,0,0.27200000,1986.90
1621643245920000,1,0.05000000,1985.36
1621643245920000,1,1.47153886,1984.97
1621643276521000,0,0.24755817,1983.97
1621643300349000,0,0.04880332,1981.80
1621643338915000,0,0.04929919,1977.72
1621643343901000,0,0.03877706,1975.91
1621643348318000,0,0.05518583,1974.38
1621643358449000,1,3.00000000,1969.48
1621643386772000,0,0.99468475,1966.94
1621643387907000,0,0.51330986,1967.47
1621643387983000,0,2.69991783,1967.46
1621643388095000,0,1.83373859,1967.45
1621643388095000,0,0.40264875,1967.46
1621643400359000,0,0.24915229,1967.52
1621643400697000,0,0.50000000,1967.52
1621643409945000,0,1.79588542,1972.15
1621643410611000,0,1.80587743,1973.35
1621643410615000,0,1.97412257,1973.35
1621643410697000,0,1.00000000,1973.34
1621643430156000,0,0.86428618,1970.55
1621643451031000,0,3.32460000,1977.23
1621643456215000,0,0.05025948,1978.83
1621643456621000,0,0.02443027,1980.20
1621643571049000,1,7.76496884,1989.19
1621643571049000,1,1.19503116,1989.18
1621643571098000,1,0.20496884,1989.18
1621643640280000,0,0.04474082,1985.11
1621643669117000,1,0.39579363,1979.93
1621643669117000,1,0.70866816,1979.93
1621643669896000,1,0.80156669,1980.13
1621643669902000,1,0.55386350,1980.13
1621643756654000,1,0.01516554,1976.04
1621643759803000,0,0.50215300,1978.44
1621643763071000,0,2.15320000,1976.40
1621643804787000,0,0.50261520,1977.26
1621643831235000,0,1.35020000,1973.46
1621643846481000,1,1.40000000,1968.45
1621643848794000,1,0.10398325,1967.63
1621643890738000,0,0.05000000,1975.00
1621643892773000,0,2.15320000,1975.90
1621643903988000,1,2.05144000,1971.66
1621643935714000,0,3.78000000,1973.08
1621643938290000,0,2.15320000,1975.16
1621643955966000,0,0.02511702,1978.80
1621643977080000,1,1.00000000,1978.51
1621643983136000,1,2.60320000,1979.76
1621644008248000,0,0.05000000,1971.92
1621644008248000,0,1.45574114,1971.94
1621644019502000,0,3.23404826,1974.65
1621644065541000,1,0.58390000,1981.35
1621644065541000,1,1.31158129,1981.34
1621644079049000,1,0.68084744,1983.55
1621644108069000,1,0.79808834,1986.90
1621644108075000,1,1.87945460,1986.90
1621644108113000,1,0.75000000,1986.90
1621644108194000,1,1.04414144,1986.91
1621644181940000,0,1.00822076,1991.30
1621644235257000,0,1.40000000,1980.52
1621644235257000,0,0.80130097,1980.66
1621644240259000,0,0.01971592,1981.66
1621644263696000,0,1.40000000,1985.33
1621644286163000,0,1.15000000,1990.69
1621644286243000,0,1.00320000,1990.70
1621644344208000,0,3.08910000,1996.16
1621644346019000,1,0.58013830,1994.88
1621644346045000,1,1.20586201,1994.89
1621644360273000,0,0.12450450,1992.58
1621644371413000,0,0.24929282,1995.16
1621644420721000,1,0.10000000,1995.00
1621644427790000,0,0.39406974,1993.98
1621644427790000,0,0.05000000,1994.14
1621644454024000,0,0.01021088,1998.36
1621644485730000,1,1.40000000,1998.92
1621644519430000,0,0.01528000,2007.25
1621644554136000,0,3.78000000,2006.04
1621644568271000,0,1.48293567,2007.22
1621644589352000,0,0.00000296,2007.25
1621644589352000,0,0.06480762,2008.05
1621644591499000,1,0.03725340,2005.46
1621644593388000,0,1.50000000,2007.24
1621644595021000,1,0.87706205,2005.83
1621644600371000,0,0.04917056,2004.49
1621644640232000,1,2.29168000,2008.69
1621644640260000,1,0.77421475,2008.69
1621644650094000,0,0.02476516,2008.87
1621644655337000,0,0.12350057,2009.95
1621644656439000,1,3.06600000,2008.63
1621644667243000,0,0.54673043,2009.95
1621644667264000,0,1.36576900,2009.95
1621644667264000,0,0.10000000,2010.00
1621644669107000,0,1.65000000,2010.93
1621644672255000,1,0.05401070,2011.04
1621644686643000,1,0.59842719,2012.44
1621644689446000,0,0.38901119,2014.85
1621644689446000,0,1.61098881,2015.24
1621644722266000,0,1.45000000,2011.33
1621644722266000,0,3.54499374,2011.34
1621644724059000,1,2.24189555,2009.63
1621644737169000,0,0.30000000,2009.29
1621644756159000,1,0.85339711,2007.36
1621644768505000,0,1.40000000,2006.95
1621644768505000,0,3.60000000,2006.96
1621644785520000,0,2.01747032,2008.54
1621644815021000,0,0.07397736,2014.49
1621644817079000,1,0.95422340,2010.98
1621644822233000,0,0.01937697,2013.54
1621644843292000,0,0.70571602,2012.27
1621644856227000,1,0.37164000,2008.00
1621644856233000,1,0.00000716,2008.00
1621644885746000,1,0.98873566,2003.90
1621644903394000,0,3.78000000,2007.56
1621644903394000,0,3.06999113,2007.68
1621644903394000,0,16.63459984,2007.68
1621644984598000,0,0.66307916,2009.47
1621645042267000,1,0.59978354,2010.34
1621645042278000,1,0.83685471,2010.34
1621645086998000,1,0.52761289,2011.94
1621645102874000,0,2.04305531,2016.03
1621645106171000,0,1.90929535,2016.47
1621645107517000,1,3.78000000,2014.85
1621645120311000,1,0.83840000,2014.06
1621645125521000,0,0.73556311,2017.74
1621645125591000,0,1.02053845,2017.74
1621645125604000,0,1.20540493,2017.74
1621645128651000,0,0.01000000,2018.99
1621645128780000,0,0.00010654,2018.99
1621645128780000,0,0.01657385,2019.99
1621645129428000,0,1.00000000,2021.03
1621645130139000,0,1.00000000,2022.70
1621645131171000,0,0.05000000,2025.00
1621645131726000,0,0.05000000,2025.00
1621645136344000,0,0.01005515,2029.31
1621645136344000,0,0.01428560,2029.44
1621645154387000,1,3.78000000,2019.61
1621645154589000,1,0.02000000,2018.18
1621645156522000,1,1.40000000,2019.10
1621645156640000,1,3.00000000,2018.77
1621645159584000,0,1.40000000,2018.32
1621645163304000,1,2.00259263,2017.84
1621645178530000,0,2.80000000,2019.04
1621645193448000,1,0.01006503,2014.40
1621645194291000,0,0.05000000,2014.18
1621645237402000,0,1.40000000,2012.82
1621645253063000,0,0.04751711,2008.75
1621645258887000,1,0.07631426,2006.67
1621645298367000,0,0.04872921,2007.55
1621645301114000,0,0.11799939,2006.79
1621645302339000,0,0.02567824,2007.03
1621645320345000,0,0.03876722,2006.15
1621645321925000,0,1.19190190,2005.46
1621645321947000,0,1.88047575,2005.46
1621645321953000,0,1.55055709,2005.48
1621645339427000,0,0.01495642,2005.95
1621645339884000,1,0.01000000,2004.16
1621645342492000,1,0.00011645,2004.16
1621645381354000,0,0.02475111,2004.58
1621645401860000,0,0.70559983,2002.21
1621645448129000,0,0.02476284,2001.24
1621645452047000,0,2.40746892,2000.36
1621645484970000,0,0.71730000,2003.20
1621645502274000,0,0.13316310,2005.44
1621645504301000,1,1.84473094,2003.40
1621645506649000,1,1.29274194,2003.10
1621645524698000,1,2.18498575,1998.68
1621645524897000,1,0.05000000,1997.87
1621645547275000,0,1.00000000,1999.52
1621645576046000,1,0.79861307,1997.52
1621645579526000,0,2.10000000,1999.15
1621645616465000,1,1.00000000,1995.90
1621645623637000,1,1.40000000,1995.94
1621645623637000,1,3.57452029,1995.77
1621645792508000,0,2.96571613,2003.99
1621645802436000,0,0.13400605,2010.71
1621645806475000,0,0.04941843,2009.00
1621645850338000,1,0.70559983,2004.22
1621645850445000,1,0.02000000,2004.23
1621645915856000,0,0.25101327,2000.36
1621645938593000,0,3.08248485,1999.37
1621645938593000,0,1.87910522,1999.63
1621645944570000,0,0.01985883,1999.37
1621645981431000,1,1.00000000,1995.00
1621645987353000,1,0.01016841,1993.92
1621646025239000,1,1.40000000,1987.88
1621646027741000,0,0.02000000,1987.86
1621646027741000,0,0.04999999,1987.87
1621646027757000,0,0.00000001,1987.87
1621646027867000,0,0.38951935,1989.18
1621646030857000,1,0.68838552,1987.71
1621646031699000,1,7.00000000,1985.89
1621646062898000,1,0.22000000,1985.94
1621646098021000,0,0.86460369,1985.44
1621646098023000,0,1.71533988,1985.44
1621646115669000,0,0.50140123,1988.36
1621646115672000,0,0.89859877,1988.36
1621646115678000,0,0.76760523,1988.40
1621646115679000,0,0.81546093,1988.40
1621646147253000,1,1.55000000,1987.78
1621646154572000,0,0.25417571,1990.60
1621646195015000,1,0.09278886,1983.79
1621646221973000,1,0.05000000,1989.14
1621646221973000,1,0.38951934,1988.98
1621646221973000,1,1.56048066,1988.78
1621646243942000,0,0.48829874,1991.08
1621646273825000,0,2.97320000,1987.57
1621646280021000,1,0.01041069,1988.73
1621646298250000,0,1.40000000,1998.58
1621646298250000,0,1.57999074,1998.59
1621646360392000,0,1.00000000,1994.66
1621646362092000,0,0.04499837,1994.39
1621646418258000,0,0.22000000,1999.97
1621646418258000,0,1.34475374,2000.00
1621646519538000,0,2.44490000,2003.56
1621646520294000,0,0.08026766,2005.20
1621646526395000,0,1.00000000,2005.27
1621646533221000,0,1.40000000,2006.31
1621646538176000,0,0.01015842,2008.68
1621646539821000,1,0.03984000,2008.70
1621646539851000,1,0.00000158,2008.70
1621646541848000,0,3.19177117,2009.92
1621646541902000,0,0.15201874,2009.92
1621646541902000,0,4.36019126,2010.00
1621646541941000,0,15.32513500,2010.00
1621646542020000,0,1.40000000,2010.00
1621646542044000,0,2.01561538,2010.00
1621646542070000,0,0.38364933,2010.00
1621646654470000,0,0.01000000,2018.99
1621646655905000,0,0.00010654,2018.99
1621646667199000,1,1.40000000,2021.34
1621646671518000,0,0.16387119,2021.97
1621646678128000,0,3.04842000,2021.15
1621646683195000,1,0.44882040,2019.54
1621646711555000,0,0.00000699,2021.15
1621646713933000,0,1.29921728,2021.99
1621646734461000,1,1.34590000,2023.92
1621646753635000,0,0.05000000,2023.00
1621646753635000,0,0.02353961,2023.01
1621646753892000,0,0.05000000,2022.79
1621646753892000,0,0.05000000,2022.87
1621646753892000,0,0.88376382,2022.89
1621646754308000,1,0.33661530,2019.99
1621646787930000,0,0.49420300,2017.30
1621646820137000,1,1.40000000,2015.31
1621646849998000,1,3.48198448,2012.96
1621646877832000,0,0.50000000,2015.98
1621646919674000,1,0.05000000,2022.86
1621646919674000,1,0.05000000,2022.36
1621646919674000,1,0.37345661,2022.25
1621646929096000,0,0.67173217,2022.64
1621646929111000,0,0.72826783,2022.64
1621646936864000,0,0.05000000,2019.77
1621646936864000,0,0.05000000,2020.26
1621646936864000,0,0.00655277,2020.58
1621646938683000,0,4.06725385,2021.12
1621646938683000,0,0.05000000,2021.35
1621646938683000,0,3.00000000,2021.55
1621646938683000,0,7.00000000,2021.56
1621646938683000,0,2.05270000,2021.65
1621646938683000,0,0.05000000,2022.01
1621646938683000,0,5.52968608,2022.09
1621646955220000,0,0.19659797,2020.69
1621646971063000,1,0.28532077,2022.36
1621646976357000,0,2.00000000,2027.64
1621646976357000,0,0.39064413,2027.75
1621646978789000,0,0.01000000,2029.31
1621646978791000,0,0.00005515,2029.31
1621646979498000,1,0.05000000,2029.60
1621646979498000,1,0.04994485,2029.44
1621646979498000,1,0.05000000,2029.08
1621646979498000,1,0.39064412,2028.92
1621646979498000,1,0.00202512,2028.52
1621646984254000,0,0.05000000,2031.05
1621646984254000,0,1.00000000,2031.11
1621646996511000,0,0.02426249,2031.58
1621647001135000,0,1.33884656,2031.48
1621647001140000,0,1.19838398,2031.48
1621647005629000,0,0.04887167,2031.16
1621647016583000,1,0.19707162,2024.40
1621647044519000,0,1.40000000,2026.46
1621647044519000,0,0.07093561,2026.78
1621647101490000,1,3.78000000,2019.46
1621647152458000,0,0.50000000,2027.43
1621647173051000,1,3.09700000,2022.25
1621647194307000,0,9.85631273,2025.47
1621647194307000,0,6.08872895,2025.51
1621647194307000,0,0.38580210,2026.06
1621647194307000,0,6.91324255,2026.17
1621647218853000,0,0.20036749,2026.19
1621647276458000,1,3.04589528,2021.79
1621647302541000,0,0.01471802,2026.75
1621647317258000,0,7.20000000,2028.19
1621647324498000,0,0.69363000,2031.94
1621647324498000,0,1.05388937,2032.03
1621647328143000,0,0.01002567,2034.78
1621647328143000,0,1.98690000,2035.50
1621647328465000,0,0.02510000,2036.20
1621647328465000,0,0.40983534,2036.54
1621647334441000,0,0.10790462,2038.51
1621647337537000,0,0.02673852,2038.89
1621647353128000,0,0.19400000,2035.71
1621647353150000,0,0.00038918,2035.71
1621647360359000,0,0.34058695,2037.55
1621647366491000,0,1.55666355,2036.69
1621647370212000,0,1.77955259,2037.45
1621647376670000,0,1.00000000,2037.88
1621647423526000,0,0.05000000,2030.48
1621647423526000,0,1.24040000,2030.75
1621647456006000,1,1.40000000,2033.70
1621647501044000,0,0.01705184,2038.90
1621647501236000,0,0.01000432,2039.62
1621647501244000,0,0.30000000,2040.80
1621647502147000,0,0.05000000,2041.25
1621647502150000,0,0.95000000,2041.25
1621647507789000,0,0.11569418,2042.54
1621647551682000,0,2.43362583,2041.35
1621647563067000,0,0.09272318,2040.59
1621647577673000,0,0.49000000,2040.00
1621647584715000,0,0.05000000,2036.21
1621647584715000,0,0.38580210,2036.44
1621647584715000,0,0.67664750,2036.59
1621647586103000,1,1.95000000,2033.66
1621647586200000,1,1.65880000,2033.66
1621647586260000,1,3.19120000,2033.66
1621647610030000,1,1.00000000,2033.00
1621647714858000,0,3.63848942,2030.48
1621647744433000,0,2.20000000,2028.84
1621647744504000,0,0.83680000,2028.84
1621647757653000,0,3.03541000,2029.95
1621647757683000,0,0.00000380,2029.95
1621647784198000,0,0.48908998,2028.46
1621647789747000,0,2.54885000,2028.46
1621647789959000,0,0.00000580,2028.46
1621647795538000,0,0.14679354,2033.03
1621647838722000,0,3.03780785,2028.20
1621647838722000,0,4.05041046,2028.31
1621647838722000,0,1.65000000,2028.84
1621647838722000,0,0.75143755,2028.85
1621647848732000,1,0.85832104,2026.58
1621647848802000,1,4.20400000,2026.59
1621647848803000,1,2.52153070,2026.59
1621647856531000,1,0.39710000,2024.65
1621647856531000,1,0.01001412,2024.64
1621647856531000,1,1.71429297,2024.64
1621647952015000,0,1.89450444,2026.87
1621648007717000,1,4.17131528,2022.44
1621648017561000,0,0.98034064,2024.27
1621648019638000,0,3.59696240,2023.91
1621648053069000,0,0.21826065,2022.49
1621648060454000,0,0.02429900,2019.64
1621648080231000,0,0.98987173,2023.22
1621648090005000,1,0.89547165,2018.28
1621648090005000,1,1.40000000,2018.27
1621648095700000,0,0.05095733,2019.14
1621648123114000,0,3.05400000,2017.55
1621648223872000,0,1.30717020,2016.43
1621648225170000,0,7.59900000,2016.95
1621648288199000,1,0.01000000,2014.40
1621648292815000,1,0.00006503,2014.40
1621648320255000,0,0.11108478,2012.20
1621648389911000,0,0.26273497,2012.53
1621648486878000,0,2.10437145,2012.92
1621648487356000,0,5.40000000,2013.08
1621648512881000,0,0.09856156,2012.24
1621648556541000,0,7.76490000,2011.92
1621648557702000,0,1.02499198,2013.48
1621648560287000,0,0.23711500,2017.16
1621648571163000,0,0.84920000,2015.73
1621648597116000,1,3.78000000,2011.80
1621648633527000,1,3.78000000,2010.92
1621648633527000,1,3.06234830,2010.82
1621648633527000,1,4.31924414,2010.77
1621648791257000,1,0.02108413,2011.60
1621648833627000,0,1.45100000,2013.11
1621648876960000,1,3.78000000,2015.58
1621648878831000,0,0.78376447,2017.05
1621648882749000,1,0.09895698,2013.66
1621648883003000,1,0.68484302,2013.66
1621648911177000,1,2.00000000,2010.92
1621648911290000,1,3.98490000,2010.93
1621648911290000,1,22.32910000,2010.92
1621648911307000,1,6.50000000,2010.92
1621648911315000,1,1.46100000,2010.92
1621648940606000,0,1.07172579,2007.92
1621648969824000,0,10.19647163,2010.12
1621648969928000,0,1.10226456,2010.11
1621648970107000,0,0.05000000,2010.12
1621648970165000,0,3.05000000,2010.12
1621648970257000,0,3.55794000,2010.12
1621648970263000,0,0.56973450,2010.12
1621648970265000,0,2.32170668,2010.12
1621648970331000,0,5.60000000,2010.12
1621648970399000,0,2.00000000,2010.12
1621648970458000,0,2.20000000,2010.12
1621648970524000,0,3.85000000,2010.12
1621648970608000,0,0.27884719,2010.12
1621648973881000,0,7.52116000,2010.90
1621648973896000,0,3.37139515,2010.90
1621648973956000,0,8.55000000,2010.90
1621649062399000,1,0.01916979,2011.81
1621649191466000,0,0.05916351,2015.53
1621649223901000,0,0.04919138,2018.68
1621649261486000,1,0.10000000,2016.03
1621649267234000,0,0.54616093,2017.94
1621649287604000,0,0.97879086,2017.90
1621649302431000,1,0.10000000,2015.84
1621649337307000,0,1.00000000,2019.56
1621649360914000,0,0.48794058,2021.42
1621649400287000,0,0.39450768,2028.05
1621649420559000,0,0.60169471,2029.75
1621649434993000,1,3.78000000,2029.72
1621649491864000,0,0.19595100,2031.12
1621649515024000,1,1.40000000,2026.43
1621649518873000,1,0.38447000,2025.28
1621649577127000,0,0.15326489,2033.83
1621649587258000,1,2.00000000,2033.82
1621649587840000,1,0.38447000,2033.96
1621649627661000,1,1.88700000,2026.42
1621649651515000,0,0.38447873,2031.52
1621649652617000,1,0.05000000,2031.29
1621649690278000,1,0.42400000,2025.26
1621649691858000,0,0.38447874,2025.89
1621649691858000,0,0.10113161,2026.28
1621649711098000,1,0.22000000,2022.70
1621649722022000,0,0.38447000,2023.22
1621649730757000,0,3.04914574,2021.69
1621649730757000,0,0.20091038,2021.73
1621649805272000,1,3.04550000,2021.69
1621649805345000,1,0.00007274,2021.69
1621649805345000,1,3.04922726,2021.51
1621649809241000,0,1.85986523,2023.45
1621649838912000,0,5.80000000,2024.70
1621649866426000,1,3.78000000,2034.05
1621649866496000,1,1.01890471,2034.07
1621649866497000,1,0.69380825,2034.07
1621649904383000,0,0.01000432,2039.62
1621649904557000,0,1.64553501,2041.33
1621649906377000,0,4.45446000,2041.33
1621649906600000,0,0.00000499,2041.33
1621649907773000,0,0.05000000,2042.29
1621649926306000,0,0.22000000,2041.13
1621649956053000,1,0.11611869,2032.28
1621650004403000,0,0.05000000,2034.45
1621650004403000,0,0.19151776,2034.45
1621650023272000,1,1.83000000,2031.38
1621650038515000,0,0.14639803,2031.46
1621650096103000,1,1.95010000,2025.75
1621650105418000,1,0.01001412,2024.64
1621650105418000,1,0.22062094,2023.54
1621650118221000,0,0.96804155,2025.29
1621650125237000,0,0.77750000,2025.89
1621650135797000,0,1.55178376,2031.70
1621650135816000,0,2.22821624,2031.70
1621650171795000,0,0.09750042,2035.78
1621650174840000,0,0.48769853,2035.11
1621650185119000,0,1.71990000,2034.88
1621650191856000,0,0.02439559,2037.10
1621650204093000,0,0.01000000,2039.62
1621650205769000,0,0.00000432,2039.62
1621650258551000,1,3.78000000,2030.18
1621650258551000,1,4.39800000,2030.17
1621650258648000,1,0.22000000,2030.19
1621650277107000,1,2.54200000,2027.07
1621650277825000,1,15.30314637,2027.06
1621650277855000,1,11.46899000,2027.06
1621650277920000,1,3.22786000,2027.06
1621650278261000,1,0.00000363,2027.06
1621650280167000,0,0.04999000,2026.95
1621650280269000,0,0.00000637,2026.95
1621650301397000,1,0.38511459,2028.78
1621650301397000,1,0.36762502,2028.07
1621650311844000,1,1.11960000,2026.35
1621650319516000,1,0.01001412,2024.64
1621650320918000,0,0.03998000,2024.58
1621650379848000,0,0.12249885,2026.64
1621650382574000,1,1.40000000,2023.23
1621650388121000,0,1.30250000,2025.72
1621650388216000,0,0.90106852,2025.63
1621650388221000,0,2.02503203,2025.63
1621650388243000,0,0.85389945,2025.63
1621650388243000,0,6.22860054,2025.78
1621650388243000,0,1.53635849,2025.78
1621650388243000,0,2.10005894,2025.79
1621650388250000,0,0.68481050,2025.79
1621650388252000,0,0.99513056,2025.79
1621650417057000,0,0.73015069,2029.20
1621650457517000,1,0.02001351,2025.68
1621650488234000,1,2.20900000,2021.39
1621650498236000,0,3.04962370,2020.90
1621650498236000,0,5.08253879,2021.44
1621650498236000,0,0.90468269,2021.45
1621650515422000,0,1.76570000,2027.89
1621650515422000,0,0.38511460,2028.37
1621650515460000,0,0.22000000,2027.88
1621650559455000,0,0.48584500,2032.07
1621650569253000,0,1.00000000,2034.55
1621650599072000,1,1.30900000,2026.62
1621650631876000,0,7.30000000,2020.27
1621650635655000,1,0.22000000,2019.61
1621650635655000,1,0.94222425,2019.60
1621650720260000,0,0.04405263,2015.80
1621650722637000,0,6.70000000,2016.25
1621650731317000,1,0.01000000,2014.40
1621650737291000,1,0.00006503,2014.40
1621650782754000,0,0.49000314,2014.19
1621650788748000,1,0.20077852,2010.43
1621650876496000,0,6.40000000,2013.80
1621650878008000,0,0.05120233,2014.50
1621650878020000,0,0.00000001,2014.50
1621650878186000,0,1.30110778,2014.77
1621650878237000,0,5.29889222,2014.77
1621650940433000,0,3.70000000,2011.12
1621650972920000,1,8.08800000,2006.46
1621650975323000,1,3.78000000,2004.47
1621650975437000,1,0.01000000,2004.16
1621650980189000,1,0.00011645,2004.16
1621651001226000,1,0.26920000,2006.25
1621651001226000,1,3.00000000,2005.97
1621651001226000,1,4.09172208,2005.63
1621651001226000,1,0.38715761,2005.01
1621651001226000,1,0.74000000,2004.10
1621651001226000,1,8.18344416,2004.09
1621651001226000,1,2.16969720,2004.01
1621651040973000,1,3.24800000,2004.04
1621651046906000,1,0.89166792,2004.35
1621651084625000,0,0.67054987,1999.92
1621651086177000,0,3.07914000,2001.04
1621651086247000,0,4.10552452,2001.16
1621651101536000,1,1.40000000,1999.65
1621651103463000,0,0.36829274,2001.75
1621651105983000,0,0.01698514,2000.65
1621651142851000,0,0.08480184,1990.42
1621651146489000,1,3.78000000,1989.67
1621651146970000,1,0.89370000,1989.28
1621651146970000,1,0.75183501,1989.27
1621651149289000,1,3.09317000,1989.86
1621651183003000,1,0.01006285,1987.51
1621651183485000,1,0.50000000,1986.60
1621651190436000,1,3.78000000,1983.89
1621651190852000,1,0.54616093,1982.81
1621651240845000,1,4.13110000,1986.52
1621651246955000,1,1.18594806,1984.25
1621651246979000,1,2.94941685,1984.25
1621651269250000,0,0.28122556,1979.38
1621651269271000,0,1.11877444,1979.38
1621651269444000,1,0.04000000,1977.54
1621651269444000,1,0.05000000,1977.53
1621651269444000,1,1.17600000,1977.05
1621651269444000,1,4.51696884,1977.05
1621651269444000,1,3.78000000,1977.04
1621651269444000,1,0.05000000,1976.95
1621651269444000,1,3.78000000,1976.68
1621651269444000,1,5.18792231,1976.40
1621651269444000,1,31.41910885,1976.40
1621651270040000,1,0.16717000,1978.62
1621651275642000,1,1.00000000,1977.81
1621651290790000,1,3.10390000,1983.01
1621651290803000,1,0.00001443,1983.01
1621651290803000,1,4.13928557,1982.74
1621651293434000,1,0.00001813,1982.74
1621651319026000,0,1.40000000,1985.83
1621651319026000,0,3.60000000,1985.84
1621651376243000,1,3.00000000,1975.41
1621651376243000,1,5.19367545,1975.40
1621651376243000,1,3.78000000,1975.40
1621651376311000,1,0.67633605,1975.55
1621651376314000,1,2.44077477,1975.55
1621651376795000,1,17.93846668,1973.89
1621651376795000,1,1.17600000,1973.57
1621651376795000,1,20.73081456,1970.73
1621651376795000,1,2.27000000,1967.76
1621651376795000,1,7.88471876,1967.75
1621651377920000,0,0.05000000,1974.78
1621651377920000,0,0.05000000,1974.79
1621651377920000,0,0.05000000,1975.07
1621651377920000,0,0.05000000,1975.53
1621651377920000,0,0.29556541,1975.77
1621651379550000,0,0.05000000,1974.65
1621651396432000,1,3.11287277,1977.67
1621651404920000,1,3.00000000,1977.01
1621651404920000,1,4.15135534,1976.97
1621651404920000,1,5.18919418,1976.68
1621651404920000,1,8.29841458,1976.51
1621651404920000,1,0.02674775,1976.49
1621651426203000,1,2.57445767,1975.82
1621651435838000,0,0.02510292,1978.04
1621651500330000,1,1.11299118,1974.16
1621651505956000,1,0.01201571,1974.26
1621651510373000,0,1.40000000,1978.59
1621651520997000,1,1.23280000,1982.54
1621651553375000,1,3.09642000,1987.78
1621651561550000,1,0.00000897,1987.78
1621651607513000,1,2.61387325,1987.39
1621651616349000,0,1.00000000,1990.00
1621651646293000,1,0.15106960,1986.17
1621651676571000,1,0.01445062,1990.28
1621651788365000,0,0.01002544,1984.95
1621651798771000,1,0.51606918,1984.31
1621651798771000,1,2.58704093,1984.31
1621651798781000,1,0.54199466,1984.17
1621651798783000,1,0.51806820,1984.17
1621651798849000,1,4.13780000,1984.00
1621651803343000,0,3.78000000,1984.24
1621651803343000,0,0.47024499,1984.52
1621651806030000,1,1.02130000,1981.41
1621651810561000,1,5.12470000,1981.41
1621651821381000,0,0.10010180,1979.97
1621651833154000,1,1.40000000,1975.86
1621651861891000,1,3.78000000,1969.11
1621651872807000,1,3.78000000,1968.95
1621651876841000,0,1.29990000,1971.26
1621651878759000,0,3.78000000,1972.71
1621651888388000,1,0.39500000,1970.73
1621651903405000,0,0.05033467,1967.92
1621652062111000,1,3.78000000,1972.53
1621652062199000,1,0.20810000,1971.93
1621652079894000,0,1.72241405,1976.42
1621652079969000,0,6.04255479,1976.42
1621652157872000,1,0.67012656,1970.67
1621652203870000,0,0.03732472,1975.61
1621652217491000,0,0.67113871,1974.34
1621652244546000,1,2.18322375,1974.24
1621652258240000,1,4.15931000,1973.81
1621652272083000,0,0.05039709,1974.32
1621652272402000,1,1.46180000,1972.57
1621652339725000,1,3.78000000,1966.93
1621652339876000,1,0.77842676,1965.45
1621652340156000,1,0.18759384,1961.56
1621652340156000,1,0.64401616,1961.55
1621652346307000,1,3.78000000,1962.31
1621652353132000,0,0.76196390,1964.66
1621652356765000,0,0.75019785,1966.18
1621652356798000,0,0.99696810,1966.18
1621652356838000,0,0.61366775,1966.18
1621652356839000,0,1.41916630,1966.18
1621652360792000,0,0.22000000,1966.17
1621652371511000,0,0.39900199,1966.99
1621652371513000,0,0.00000001,1966.99
1621652380694000,0,2.23366000,1970.90
1621652388847000,1,0.28868291,1969.45
1621652447439000,1,0.04999999,1978.10
1621652447497000,1,0.00000001,1978.10
1621652447937000,1,4.15403498,1976.74
1621652448548000,1,0.39563529,1976.63
1621652448548000,1,0.23532683,1976.20
1621652450425000,1,1.20011115,1975.53
1621652450446000,1,2.54324156,1975.53
1621652477173000,1,0.01300000,1968.79
1621652484167000,1,0.00020608,1968.79
1621652493987000,0,0.13103415,1968.52
1621652493993000,0,1.50542000,1968.52
1621652497910000,0,4.17440487,1969.51
1621652514022000,0,3.83494000,1969.19
1621652514023000,0,1.62680650,1969.19
1621652535944000,0,1.13292093,1968.35
1621652535954000,0,0.66904522,1968.35
1621652535991000,0,0.56844269,1968.35
1621652535991000,0,0.53368403,1968.35
1621652535993000,0,0.22740925,1968.35
1621652641568000,0,3.78000000,1972.76
1621652651398000,0,0.02765967,1971.61
1621652662625000,0,0.03500000,1973.84
1621652662635000,0,0.05070000,1973.83
1621652675028000,0,0.05060000,1974.02
1621652758662000,0,0.01300000,1982.42
1621652778982000,0,0.04011171,1978.27
1621652816165000,1,0.50306896,1976.24
1621652816451000,1,1.40000000,1974.56
1621652816466000,1,0.59399788,1974.88
1621652816747000,0,0.07441891,1976.66
1621652818098000,1,3.11967786,1974.17
1621652818098000,1,3.47861317,1973.99
1621652904782000,0,0.05060000,1981.53
1621652918423000,0,0.69082389,1981.25
1621652928444000,1,2.31776000,1980.96
1621652934368000,0,0.62814495,1981.46
1621652974437000,0,2.82753371,1981.39
1621652974488000,0,0.83790811,1981.39
1621652974528000,0,0.11455818,1981.39
1621652974528000,0,1.05296652,1981.48
1621652975438000,0,9.89064529,1981.48
1621652976065000,0,10.20070560,1981.48
1621652976516000,0,1.30237878,1981.48
1621652976670000,0,20.72300631,1981.48
1621652976682000,0,3.10881525,1981.48
1621652976761000,0,25.38400000,1981.48
1621652976861000,0,1.13910120,1981.48
1621652977852000,0,1.06226470,1981.48
1621652977861000,0,0.51864641,1981.48
1621652977891000,0,2.00735372,1981.48
1621652977909000,0,8.70650454,1981.48
1621652977970000,0,4.14426648,1981.48
1621652977972000,0,3.10808454,1981.48
1621652978689000,0,3.21820617,1981.48
1621652979619000,0,14.75000000,1981.48
1621652979951000,0,3.30000000,1981.48
1621652980047000,0,6.95000000,1981.48
1621652985113000,0,3.32720000,1981.48
1621652988896000,0,0.30273079,1981.48
1621652991567000,1,3.78000000,1980.82
1621652998635000,0,15.15000000,1981.48
1621652998721000,0,15.05000000,1981.48
1621652998824000,0,2.08000000,1981.48
1621652998910000,0,0.64973549,1981.48
1621652998953000,0,3.95000000,1981.48
1621652998965000,0,0.05000000,1981.48
1621652998996000,0,20.71628235,1981.48
1621652999082000,0,2.70000000,1981.48
1621652999177000,0,3.55000000,1981.48
1621652999288000,0,1.95000000,1981.48
1621652999375000,0,1.35000000,1981.48
1621652999472000,0,1.45000000,1981.48
1621652999712000,0,3.30000000,1981.48
1621652999805000,0,12.43710586,1981.48
1621653000312000,0,0.24143524,1983.66
1621653003883000,1,2.40000000,1980.85
1621653059429000,1,0.39398000,1983.10
1621653062793000,1,1.65602000,1982.30
1621653064078000,1,2.50000000,1981.72
1621653064175000,1,1.64323000,1981.72
1621653077023000,1,0.00000734,1981.72
1621653111505000,0,0.01495921,1984.73
1621653129128000,1,1.66137748,1982.14
1621653148382000,1,0.05000000,1978.73
1621653170175000,0,0.05062929,1977.71
1621653195896000,0,2.00000000,1979.63
1621653213063000,1,0.05000000,1977.22
1621653214851000,1,3.11380000,1976.46
1621653215283000,1,3.78000000,1977.24
1621653219210000,0,1.00000000,1977.21
1621653240516000,1,2.75000000,1974.69
1621653240559000,1,3.35000000,1974.69
1621653260872000,1,3.78000000,1966.90
1621653261240000,1,0.39398626,1966.26
1621653261240000,1,3.78000000,1965.97
1621653261240000,1,0.74000000,1965.88
1621653261240000,1,5.21708134,1965.37
1621653261240000,1,3.13138613,1964.99
1621653261240000,1,3.00000000,1964.98
1621653261240000,1,1.17600000,1964.98
1621653261240000,1,2.56154627,1964.97
1621653261545000,0,0.05000000,1968.64
1621653261545000,0,0.02540870,1969.14
1621653309093000,0,0.05054769,1966.28
1621653330772000,1,4.17993182,1963.64
1621653330772000,1,0.29100000,1963.40
1621653330772000,1,5.22491477,1963.36
1621653332982000,1,3.78000000,1962.58
1621653333015000,1,11.34604520,1962.55
1621653333030000,1,1.54185562,1962.55
1621653333058000,1,1.88656549,1962.55
1621653333203000,1,0.78797253,1962.55
1621653334467000,1,0.39727805,1962.29
1621653335353000,1,8.36015179,1962.06
1621653335571000,1,3.77999999,1961.86
1621653335933000,1,0.00000001,1961.86
1621653335933000,1,0.35598382,1961.55
1621653336124000,1,0.00000002,1961.55
1621653336356000,1,4.80000000,1960.97
1621653338693000,1,0.55825245,1957.85
1621653340794000,0,0.05000000,1958.12
1621653343073000,0,0.01429943,1955.82
1621653344491000,1,1.00000000,1951.81
1621653344491000,1,0.00822076,1951.78
1621653357174000,1,0.39398000,1957.65
1621653365223000,1,0.39398000,1956.72
1621653385146000,1,0.23000000,1950.01
1621653385755000,1,2.00000000,1950.00
1621653386070000,1,0.20000000,1948.27
1621653386116000,1,0.10000000,1948.18
1621653393028000,1,0.74000000,1947.26
1621653399356000,1,0.39398626,1948.01
1621653399356000,1,7.40000000,1947.34
1621653399356000,1,0.05000000,1946.97
1621653399356000,1,0.01027249,1946.95
1621653399356000,1,2.44351828,1946.84
1621653403121000,0,0.29999999,1948.68
1621653408100000,0,0.00000001,1948.68
1621653420041000,0,0.02616615,1950.16
1621653430416000,1,0.33618099,1947.34
1621653435018000,1,3.55000000,1947.52
1621653435097000,1,0.29300000,1947.52
1621653453837000,0,0.33926905,1950.34
1621653472480000,1,1.00000000,1942.12
1621653472602000,1,0.23639607,1940.22
1621653474497000,1,5.00000000,1940.00
1621653483644000,1,0.05000000,1939.59
1621653483644000,1,0.00505710,1939.49
1621653483963000,1,0.73494290,1939.49
1621653483963000,1,3.17213988,1939.48
1621653483963000,1,0.05000000,1939.32
1621653483963000,1,3.24006949,1938.98
1621653501583000,1,4.24241000,1934.61
1621653504057000,1,3.18147651,1934.97
1621653504106000,1,0.00000001,1934.97
1621653504194000,1,0.00000187,1934.61
1621653504194000,1,0.78797066,1934.61
1621653506655000,1,0.05000000,1932.93
1621653506655000,1,8.48516191,1932.61
1621653506655000,1,1.00000000,1932.48
1621653506655000,1,20.59292419,1932.32
1621653509042000,0,0.05000000,1931.45
1621653517725000,0,3.78000000,1933.16
1621653520707000,1,0.04999999,1931.70
1621653521621000,1,0.00000001,1931.70
1621653521621000,1,0.74000000,1930.02
1621653521621000,1,3.18897957,1930.01
1621653521621000,1,1.35442042,1930.00
1621653521957000,1,0.51394249,1930.01
1621653522016000,1,0.16702811,1930.01
1621653522054000,1,0.76196390,1930.01
1621653526755000,1,2.56531475,1930.26
1621653528817000,1,0.62414000,1930.26
1621653529324000,1,3.23650000,1930.00
1621653529388000,1,0.69248000,1930.00
1621653532478000,0,0.23000000,1931.86
1621653532478000,0,0.71413000,1931.87
1621653532478000,0,0.05000000,1931.89
1621653535352000,1,3.18924000,1930.74
1621653535623000,1,0.00000204,1930.74
1621653538620000,1,3.18833000,1931.37
1621653538716000,1,0.00000724,1931.37
1621653538716000,1,4.04999276,1930.93
1621653538806000,1,1.26389000,1930.93
1621653542850000,0,0.20618489,1933.44
1621653542852000,0,6.57563105,1933.44
1621653542852000,0,6.49257929,1933.44
1621653542928000,0,9.32058281,1933.44
1621653543017000,0,21.23478749,1933.44
1621653543056000,0,2.59997418,1933.44
1621653543057000,0,9.83576986,1933.44
1621653543095000,0,3.10714174,1933.44
1621653543095000,0,3.18508517,1933.44
1621653543110000,0,3.14907463,1933.44
1621653543111000,0,1.90808721,1933.44
1621653543125000,0,3.14907464,1933.44
1621653543261000,0,0.63580199,1933.44
1621653543262000,0,3.14977463,1933.44
1621653543264000,0,10.93936705,1933.44
1621653543456000,0,0.77289412,1933.44
1621653543520000,0,21.22623576,1933.44
1621653543587000,0,0.05000000,1933.44
1621653544016000,0,21.23065290,1933.44
1621653544033000,0,0.98838331,1933.44
1621653544034000,0,2.41791728,1933.44
1621653556478000,0,0.57776484,1937.50
1621653556498000,0,5.51838000,1937.50
1621653557252000,0,7.76496717,1937.49
1621653557252000,0,13.41613478,1937.50
1621653574669000,1,0.00001264,1930.93
1621653575743000,1,0.00000372,1930.00
1621653575743000,1,0.04999628,1929.82
1621653576257000,1,0.02360000,1929.00
1621653576426000,1,0.00000679,1929.00
1621653576428000,1,3.10132000,1928.00
1621653576484000,1,0.23000000,1929.01
1621653577272000,1,0.00000780,1928.00
1621653579159000,0,0.23000000,1927.78
1621653579159000,0,0.04999220,1927.79
1621653579159000,0,0.05000000,1927.87
1621653579159000,0,0.05000000,1928.34
1621653579159000,0,0.12000780,1928.39
1621653584986000,0,0.60772680,1928.00
1621653595539000,1,0.70079000,1924.71
1621653595608000,1,0.00000258,1924.71
1621653599670000,1,1.00000000,1922.88
1621653605565000,0,0.05000000,1924.93
1621653605565000,0,0.18000000,1925.02
1621653609327000,1,0.05000000,1925.40
1621653609332000,1,0.05000000,1924.54
1621653609332000,1,1.32586621,1924.49
1621653609964000,1,0.05000000,1925.43
1621653609964000,1,0.05000000,1924.90
1621653609964000,1,0.05000000,1924.80
1621653609964000,1,0.05000000,1924.05
1621653609964000,1,0.07820000,1922.50
1621653611541000,1,0.18000000,1926.19
1621653626687000,1,0.11799939,1929.98
1621653654746000,1,0.39398000,1929.91
1621653669694000,1,0.40468952,1933.44
1621653699102000,1,3.18109000,1935.85
1621653699257000,1,0.00000065,1935.85
1621653699257000,1,4.24144935,1935.84
1621653701122000,1,3.18238000,1935.25
1621653704174000,0,2.02892452,1937.50
1621653704190000,0,3.95000000,1937.50
1621653704190000,0,2.32991613,1937.50
1621653704208000,0,0.95671935,1937.50
1621653704242000,0,21.18870327,1937.50
1621653704322000,0,16.77461000,1937.50
1621653704374000,0,0.23000937,1937.50
1621653704497000,0,8.45000000,1937.50
1621653704598000,0,3.90000000,1937.50
1621653704684000,0,2.45000000,1937.50
1621653704817000,0,21.18471036,1937.50
1621653704887000,0,3.50000000,1937.50
1621653704965000,0,4.30000000,1937.50
1621653705062000,0,7.40000000,1937.50
1621653705149000,0,2.50000000,1937.50
1621653705166000,0,3.17708090,1937.50
1621653705177000,0,4.23610787,1937.50
1621653705240000,0,2.90000000,1937.50
1621653705291000,0,21.18053932,1937.50
1621653705345000,0,1.95000000,1937.50
1621653705429000,0,1.80000000,1937.50
1621653705525000,0,2.30000000,1937.50
1621653705613000,0,3.65000000,1937.50
1621653705707000,0,4.85000000,1937.50
1621653705718000,0,3.14154959,1937.50
1621653705720000,0,3.14154959,1937.50
1621653705734000,0,1.60401491,1937.50
1621653705815000,0,2.70000000,1937.50
1621653705837000,0,0.80937902,1937.50
1621653705868000,0,21.17174038,1937.50
1621653705904000,0,2.90000000,1937.50
1621653706301000,0,3.17670446,1937.50
1621653706316000,0,5.29151075,1937.50
1621653706316000,0,4.23575785,1937.50
1621653706406000,0,21.16538882,1937.50
1621653706560000,0,55.67090000,1937.50
1621653706578000,0,34.60290392,1937.50
1621653714696000,0,3.58706952,1941.55
1621653714696000,0,3.00000000,1941.56
1621653714696000,0,3.71610355,1941.57
1621653722903000,0,0.40468952,1941.21
1621653722903000,0,3.00000000,1941.64
1621653722903000,0,0.05000000,1941.65
1621653722903000,0,1.54531048,1941.65
1621653724233000,0,1.01211821,1939.23
1621653733016000,0,0.40468952,1940.32
1621653733016000,0,2.15115248,1940.42
1621653780440000,0,0.05000000,1934.44
1621653780440000,0,0.05000000,1934.56
1621653780511000,1,4.90000000,1935.00
1621653789371000,1,5.31176573,1929.97
1621653789438000,1,3.18797746,1929.96
1621653816808000,0,5.41176000,1936.00
1621653839538000,1,1.85000000,1938.43
1621653848145000,0,0.01533668,1937.78
1621653863933000,1,0.22000000,1944.03
1621653866785000,1,5.80000000,1941.77
1621653866912000,1,1.99140000,1941.30
1621653866912000,1,1.22506613,1941.03
1621653880405000,0,0.22000000,1944.12
1621653880405000,0,0.72150000,1944.13
1621653881127000,1,42.20800000,1945.47
1621653882812000,1,40.34800000,1945.68
1621653883137000,1,8.42400000,1945.83
1621653883307000,1,0.29647447,1943.66
1621653884809000,0,0.40468952,1946.66
1621653885031000,1,0.60000000,1946.38
1621653887732000,1,3.32289799,1946.29
1621653889847000,1,1.01326298,1945.83
1621653889848000,1,1.31841554,1945.83
1621653903915000,0,0.02861859,1941.09
1621653905701000,0,1.70000000,1942.48
1621653905797000,0,6.64701000,1942.48
1621653938045000,1,3.16345000,1946.54
1621653938056000,1,0.00000614,1946.54
1621653943649000,1,2.84250846,1947.83
1621653961158000,1,0.55449594,1949.23
1621653961174000,1,2.60481342,1949.23
1621653961174000,1,1.05310312,1949.09
1621653961316000,1,0.20481000,1949.23
1621653962654000,1,3.16259292,1947.19
1621653962654000,1,1.42019211,1947.04
1621653962674000,1,3.85029508,1947.04
1621653973163000,1,0.21999999,1941.24
1621653973164000,1,0.00000001,1941.24
1621654013655000,1,3.18440000,1933.27
1621654033948000,1,7.76490000,1931.83
1621654092613000,1,0.02127281,1929.00
1621654115912000,0,1.00000000,1931.48
1621654124238000,1,0.05000000,1934.05
1621654124435000,1,0.04999999,1933.75
1621654124476000,1,0.00000001,1933.75
1621654146084000,0,6.13810000,1928.67
1621654149268000,0,0.11580363,1929.43
1621654149587000,0,1.28400000,1929.43
1621654150836000,0,0.22000000,1932.00
1621654150836000,0,3.00000000,1932.11
1621654153656000,1,1.39980000,1930.65
1621654158121000,0,1.84010000,1929.93
1621654159137000,0,1.62680000,1930.52
1621654200390000,0,0.20390702,1942.13
1621654250316000,0,0.01790643,1942.22
1621654270799000,1,0.20390000,1939.75
1621654273851000,0,0.05000000,1938.25
1621654273851000,0,0.24000000,1938.56
1621654277017000,1,0.24000000,1936.54
1621654277017000,1,3.78000000,1936.53
1621654277017000,1,3.17921365,1936.44
1621654277017000,1,3.78000000,1936.38
1621654277017000,1,4.07451057,1936.25
1621654307191000,1,3.17590000,1939.32
1621654350420000,0,21.09052864,1946.00
1621654350906000,0,21.09221652,1946.00
1621654356701000,0,2.61600000,1946.00
1621654356802000,0,21.08957514,1946.00
1621654356813000,0,4.55000000,1946.00
1621654356900000,0,13.25000000,1946.00
1621654356990000,0,7.35000000,1946.00
1621654357092000,0,9.97827000,1946.00
1621654357107000,0,3.80636101,1946.00
1621654357177000,0,4.15000000,1946.00
1621654357268000,0,15.75000000,1946.00
1621654357386000,0,21.08896122,1946.00
1621654357503000,0,2.84423159,1946.00
1621654357927000,0,2.05248751,1946.00
1621654357992000,0,21.08772154,1946.00
1621654358734000,0,6.20000000,1946.00
1621654358828000,0,2.20000000,1946.00
1621654358925000,0,2.00000000,1946.00
1621654359113000,0,2.55000000,1946.00
1621654359189000,0,1.60000000,1946.00
1621654359417000,0,0.20000000,1946.00
1621654359589000,0,0.75000000,1946.00
1621654360319000,0,4.35000000,1946.00
1621654360430000,0,2.15000000,1946.00
1621654365145000,1,2.55000000,1943.86
1621654367699000,0,1.15317894,1945.83
1621654372130000,1,4.22080000,1944.71
1621654372686000,1,3.78000000,1944.43
1621654372686000,1,1.49622000,1944.40
1621654373370000,1,3.16661000,1944.23
1621654374359000,1,0.00000086,1944.23
1621654374359000,1,0.40185914,1943.69
1621654383576000,1,2.23451000,1944.23
1621654383672000,1,0.93148000,1944.23
1621654390395000,0,2.92615048,1946.00
1621654390427000,0,0.84887589,1946.00
1621654390448000,0,0.66501799,1946.00
1621654390475000,0,2.30017986,1946.00
1621654390995000,0,21.09184829,1946.00
1621654391210000,0,0.78428271,1946.00
1621654391323000,0,0.69826888,1946.00
1621654391510000,0,21.08981433,1946.00
1621654391615000,0,4.21783288,1946.00
1621654391615000,0,4.21777868,1946.00
1621654391616000,0,1.38680542,1946.00
1621654391668000,0,0.67479766,1946.00
1621654391674000,0,0.62780789,1946.00
1621654391684000,0,0.75107914,1946.00
1621654391722000,0,1.42392086,1946.00
1621654391726000,0,0.52009101,1946.00
1621654391843000,0,0.05000000,1946.00
1621654392086000,0,19.75609486,1946.00
1621654395677000,0,21.07350475,1947.01
1621654396199000,0,21.07109743,1947.01
1621654396319000,1,2.56531475,1946.49
1621654397051000,1,0.59571097,1946.49
1621654397066000,1,4.21480830,1946.34
1621654414101000,1,1.15320000,1935.40
1621654416300000,1,0.40186986,1934.68
1621654416300000,1,1.40000000,1933.26
1621654416300000,1,0.23879051,1933.25
1621654427209000,1,2.00000000,1934.98
1621654440150000,1,5.22485680,1929.88
1621654444311000,0,1.40000000,1934.46
1621654468562000,0,1.14054087,1942.36
1621654468562000,0,1.37318913,1942.36
1621654468641000,0,0.23729523,1942.36
1621654468848000,0,2.15319000,1943.23
1621654469169000,0,3.05000000,1943.25
1621654469263000,0,0.49270000,1943.25
1621654469398000,0,0.23729527,1943.25
1621654469398000,0,1.38951482,1943.25
1621654470392000,0,0.40186608,1943.11
1621654479253000,1,3.17267000,1939.55
1621654482895000,1,5.29220000,1937.37
1621654487589000,0,0.40186986,1939.25
1621654499733000,1,1.95140000,1933.77
1621654499733000,1,0.77925493,1933.51
1621654520213000,1,2.20547000,1937.50
1621654520243000,1,0.97175721,1937.50
1621654520350000,1,4.25000000,1937.49
1621654544860000,1,3.17528000,1939.37
1621654545243000,1,1.87395466,1938.17
1621654545245000,1,0.74240317,1938.17
1621654545398000,1,2.18364217,1938.17
1621654545405000,1,2.99105993,1938.10
1621654545407000,1,0.18660160,1938.10
1621654548058000,1,1.82943690,1936.85
1621654548065000,1,1.34999331,1936.85
1621654552059000,1,5.30339750,1934.40
1621654555436000,1,1.38750000,1932.39
1621654555644000,1,0.61250000,1932.39
1621654576171000,0,1.02906174,1929.54
1621654576434000,0,0.75580486,1929.45
1621654576438000,0,1.35722615,1929.45
1621654595473000,1,0.90215263,1929.22
1621654595535000,1,4.41823219,1929.22
1621654596685000,1,3.19392816,1928.57
1621654596709000,1,0.00000001,1928.57
1621654597521000,1,2.81222000,1927.76
1621654597535000,1,0.38271948,1927.76
1621654602288000,1,3.19791000,1926.04
1621654615607000,0,0.10296316,1930.83
1621654626830000,1,1.54446310,1926.05
1621654629571000,1,3.19917000,1925.55
1621654629954000,1,0.00000429,1925.55
1621654676455000,1,3.20027000,1925.10
1621654677490000,1,0.00000689,1925.10
1621654714994000,1,1.02900000,1924.80
1621654732872000,1,0.55825000,1921.57
1621654732925000,1,0.00000245,1921.57
1621654733239000,1,3.20736952,1920.43
1621654733239000,1,2.96335893,1920.39
1621654733255000,1,2.38118080,1920.39
1621654733814000,1,1.02899999,1918.96
1621654733816000,1,0.00000001,1918.96
1621654734864000,0,0.05000000,1919.04
1621654734864000,0,0.15214670,1919.45
1621654740081000,1,0.10000000,1915.00
1621654742725000,0,0.01305483,1914.89
1621654743121000,1,1.00000000,1913.33
1621654747727000,0,0.37280000,1914.50
1621654748676000,0,1.99960000,1915.42
1621654756207000,0,0.37280000,1912.78
1621654756274000,0,1.62680000,1912.78
1621654756328000,0,2.85375607,1912.69
1621654756370000,0,0.92624393,1912.69
1621654756370000,0,0.10247447,1912.77
1621654756506000,0,0.87411073,1912.68
1621654757501000,0,1.40000000,1913.28
1621654757501000,0,0.01935791,1913.29
1621654757510000,0,0.58024209,1913.29
1621654757538000,0,2.35408056,1913.01
1621654758545000,0,1.21176206,1914.33
1621654758588000,0,0.78783794,1914.33
1621654759389000,1,0.40186000,1913.96
1621654764349000,1,1.40000000,1912.94
1621654764349000,1,4.29062996,1912.84
1621654783617000,0,1.05000000,1913.40
1621654791543000,1,3.78000000,1914.20
1621654791561000,1,1.85377171,1914.20
1621654791654000,1,3.17726401,1914.19
1621654791715000,1,0.60273599,1914.19
1621654801694000,0,0.10952415,1917.02
1621654810767000,1,0.69261014,1914.80
1621654826795000,0,0.94328631,1908.59
1621654826796000,0,3.67648315,1908.59
1621654828006000,1,0.56283920,1907.15
1621654828007000,1,0.61871942,1907.15
1621654828471000,1,0.23000000,1906.40
1621654828471000,1,0.01049106,1906.39
1621654828471000,1,0.40186986,1905.83
1621654828471000,1,0.23343376,1905.57
1621654832911000,1,0.02900000,1905.00
1621654832988000,1,0.00043404,1905.00
1621654836922000,0,1.38520932,1906.46
1621654836924000,0,0.01479068,1906.46
1621654836924000,0,0.78137699,1906.47
1621654839362000,1,1.00000000,1903.83
1621654841433000,1,0.01723397,1903.00
1621654841433000,1,0.49576603,1903.00
1621654841518000,1,0.00100000,1903.00
1621654841896000,1,2.39428473,1902.31
1621654843558000,1,0.99455285,1901.63
1621654844197000,1,1.97221553,1901.47
1621654844198000,1,1.80778447,1901.47
1621654844198000,1,0.09324942,1901.39
1621654847213000,0,0.40186986,1903.75
1621654858295000,1,2.05145666,1904.43
1621654861155000,1,3.78000000,1906.57
1621654861155000,1,5.87849108,1906.50
1621654861155000,1,0.41053546,1906.48
1621654861155000,1,3.00000000,1906.05
1621654861155000,1,5.38521468,1906.03
1621654861155000,1,4.30923760,1905.88
1621654861155000,1,0.01010893,1905.73
1621654876733000,0,0.20950000,1906.90
1621654876761000,0,1.62680000,1906.90
1621654880631000,1,1.40000000,1906.55
1621654880768000,1,3.23063000,1906.44
1621654880793000,1,0.00000516,1906.44
1621654881750000,1,3.78000000,1905.09
1621654881750000,1,2.32467796,1905.01
1621654881850000,1,0.67500000,1905.01
1621654881996000,1,0.00032204,1905.01
1621654882113000,1,0.72064900,1904.04
1621654882116000,1,0.80161460,1904.04
1621654882145000,1,1.37533875,1904.04
1621654882184000,1,0.88239765,1904.04
1621654882190000,1,0.72134827,1903.96
1621654884698000,0,0.05206325,1905.47
1621654890484000,1,17.67800000,1903.96
1621654890484000,1,0.00065173,1903.96
1621654890484000,1,8.61771036,1903.95
1621654894450000,0,0.23000000,1904.55
1621654894450000,0,0.72411000,1904.56
1621654894450000,0,2.04589000,1904.58
1621654895496000,0,2.77000000,1904.55
1621654895496000,0,2.61296762,1904.58
1621654897805000,0,3.00572000,1904.58
1621654897908000,0,2.60000000,1904.58
1621654898008000,0,5.70000000,1904.58
1621654898079000,0,13.83454781,1904.58
1621654898102000,0,21.56505205,1904.58
1621654898103000,0,4.95000000,1904.58
1621654898113000,0,9.64147574,1904.58
1621654898177000,0,7.10000000,1904.58
1621654899060000,0,1.55000000,1904.58
1621654899089000,0,13.24397566,1904.58
1621654899119000,0,21.56286238,1904.58
1621654899152000,0,3.15000000,1904.58
1621654899178000,0,10.52414236,1904.58
1621654899225000,0,18.89500000,1904.58
1621654899246000,0,1.95000000,1904.58
1621654899252000,0,3.53529715,1904.58
1621654899267000,0,3.23398735,1904.58
1621654899288000,0,1.82260656,1904.58
1621654899331000,0,1.20000000,1904.58
1621654899437000,0,2.25000000,1904.58
1621654903656000,0,0.05211409,1907.96
1621654907764000,1,0.23000000,1904.43
1621654919406000,1,3.23568000,1903.25
1621654928310000,0,0.23000000,1909.33
1621654943029000,0,3.00000000,1912.79
1621654947348000,1,3.00000000,1913.64
1621654951775000,0,21.45806905,1912.84
1621654952031000,0,3.20816000,1912.84
1621654952032000,0,1.51583660,1912.84
1621654952118000,0,0.82107093,1912.84
1621654952288000,0,21.44468857,1912.84
1621654952777000,0,0.82107093,1912.84
1621654952785000,0,21.44109920,1912.84
1621654953294000,0,21.43640326,1912.84
1621654953495000,0,0.82107093,1912.84
1621654953618000,0,29.74130000,1912.84
1621654953802000,0,21.43105483,1912.84
1621654953821000,0,200.23917570,1912.84
1621654972930000,1,2.75000000,1913.90
1621654973080000,1,0.46709000,1913.90
1621654976188000,1,3.21780448,1913.92
1621654976188000,1,0.00000327,1913.90
1621654976371000,1,5.01495227,1913.48
1621654976644000,0,0.02567112,1915.74
1621654987522000,1,3.21953000,1913.17
1621654987683000,1,0.00000648,1913.17
1621654987683000,1,0.75277465,1913.13
1621654987689000,1,2.37551159,1913.13
1621654987690000,1,0.49937472,1913.13
1621654987703000,1,0.58890405,1913.13
1621654998930000,1,2.30000000,1910.98
1621655012636000,0,1.00000000,1907.46
1621655025482000,0,3.78000000,1907.53
1621655028490000,0,2.17107734,1908.11
1621655028509000,0,0.71612420,1908.11
1621655028588000,0,21.51538093,1908.11
1621655028905000,0,2.42042420,1908.11
1621655029103000,0,17.79399333,1908.11
1621655029975000,0,0.58800000,1907.43
1621655029984000,0,3.19200000,1907.43
1621655032365000,0,1.29977839,1908.88
1621655032440000,0,0.55831168,1908.88
1621655032456000,0,0.69592265,1908.88
1621655032459000,0,5.70000000,1908.88
1621655032460000,0,0.72979312,1908.88
1621655032535000,0,2.43516908,1908.88
1621655032558000,0,3.15954464,1908.88
1621655032558000,0,3.15954465,1908.88
1621655032568000,0,0.03877450,1908.88
1621655032581000,0,3.19414000,1908.88
1621655032591000,0,3.15972961,1908.88
1621655032598000,0,1.61269554,1908.88
1621655032610000,0,1.40552937,1908.88
1621655043731000,0,0.05000000,1907.35
1621655043731000,0,0.05000000,1907.82
1621655043746000,1,0.13000000,1908.20
1621655047383000,1,4.97000000,1905.00
1621655047542000,1,1.45000000,1905.00
1621655047878000,1,3.58000000,1905.00
1621655048055000,1,0.74000000,1904.36
1621655048372000,1,0.74000000,1904.20
1621655048854000,1,0.00000329,1903.25
1621655048854000,1,0.06796920,1902.71
1621655050758000,1,0.73708000,1900.86
1621655050758000,1,0.27503821,1900.83
1621655059204000,1,0.20000000,1900.41
1621655059204000,1,0.03000000,1900.00
1621655059204000,1,1.11941052,1900.00
1621655059204000,1,0.50000000,1900.00
1621655059204000,1,0.14557368,1900.00
1621655059204000,1,11.23631580,1900.00
1621655059422000,1,8.07900000,1900.00
1621655059425000,1,0.00088932,1900.00
1621655059576000,1,0.96360653,1897.79
1621655059626000,1,4.43994539,1897.79
1621655059626000,1,1.56005461,1897.75
1621655072692000,0,0.05000000,1896.68
1621655072692000,0,0.00245890,1897.59
1621655078866000,0,0.07838639,1899.75
1621655092636000,0,0.41000000,1900.84
1621655096898000,1,3.24142000,1899.79
1621655098996000,1,0.00000328,1899.79
1621655099361000,0,0.05000000,1899.67
1621655099361000,0,0.05000000,1899.88
1621655099361000,0,0.05000000,1900.33
1621655099361000,0,0.11095137,1900.66
1621655109702000,0,1.00593422,1907.58
1621655119224000,1,3.78000000,1910.39
1621655120818000,1,1.30050000,1910.38
1621655120897000,1,2.47950000,1910.38
1621655129762000,1,2.00000000,1912.95
1621655131107000,1,1.30050000,1912.16
1621655145627000,1,3.78000000,1912.87
1621655145767000,1,1.30050000,1912.67
1621655145767000,1,4.54384412,1912.66
1621655145850000,1,0.82132852,1912.66
1621655145850000,1,0.93457075,1912.58
1621655154326000,1,4.28641000,1915.94
1621655156536000,0,0.02581933,1918.07
1621655158164000,0,1.93420000,1919.03
1621655158164000,0,0.11363737,1919.81
1621655164867000,1,0.00000162,1915.94
1621655186505000,0,6.36593954,1912.52
1621655186511000,0,0.62093143,1912.52
1621655188862000,0,0.23000000,1914.76
1621655228073000,1,3.21835000,1913.64
1621655241510000,0,5.37300000,1913.55
1621655242476000,0,0.00023983,1913.55
1621655257813000,0,2.29600000,1915.02
1621655258493000,0,1.04968325,1915.02
1621655258512000,0,0.77319314,1915.02
1621655258596000,0,0.05000000,1915.01
1621655258681000,0,21.43766294,1915.02
1621655258975000,0,15.00000000,1915.02
1621655259197000,0,21.43427706,1915.02
1621655262637000,0,0.61446050,1915.01
1621655262637000,0,0.02156419,1915.02
1621655262639000,0,0.43041861,1915.02
1621655262641000,0,1.07373537,1915.02
1621655262762000,0,2.35000000,1915.02
1621655262851000,0,2.07756000,1915.02
1621655262935000,0,3.65000000,1915.02
1621655263114000,0,0.55000000,1915.02
1621655264419000,0,6.80000000,1915.02
1621655264779000,0,1.65000000,1915.02
1621655264861000,0,3.75000000,1915.02
1621655264929000,0,1.20000000,1915.02
1621655264997000,0,5.70000000,1915.02
1621655265797000,0,21.43416431,1915.02
1621655266524000,0,21.43374200,1915.02
1621655266745000,0,29.92430000,1915.02
1621655267130000,0,21.43224512,1915.02
1621655268032000,0,0.05000000,1915.02
1621655268198000,0,21.42656021,1915.02
1621655268766000,0,21.42446610,1915.02
1621655268855000,0,0.58800000,1915.02
1621655269388000,0,0.05000000,1915.02
1621655271386000,0,3.21338914,1915.02
1621655271388000,0,21.42259420,1915.02
1621655271618000,0,0.05000000,1915.02
1621655271649000,0,0.34860000,1915.02
1621655271959000,0,21.42138174,1915.02
1621655271961000,0,0.23940000,1915.02
1621655272204000,0,14.19806262,1915.02
1621655275768000,0,0.10000000,1915.70
1621655276609000,0,0.12757423,1920.15
1621655294011000,0,0.16832270,1919.59
1621655295162000,1,0.02983831,1917.01
1621655318287000,0,0.82221882,1917.01
1621655321073000,1,3.21422000,1915.52
1621655321155000,1,0.00000824,1915.52
1621655321155000,1,1.99999176,1915.39
1621655332549000,0,1.65000000,1917.01
1621655340503000,1,1.82327000,1916.64
1621655359580000,1,3.21055516,1918.51
1621655359682000,1,2.93530200,1918.46
1621655359889000,1,1.34543821,1918.46
1621655359979000,1,3.75000000,1918.23
1621655361648000,1,3.21060000,1918.43
1621655365821000,1,2.60648000,1918.98
1621655404622000,1,3.20521000,1921.76
1621655404701000,1,0.00000221,1921.76
1621655404701000,1,4.27360779,1921.64
1621655409466000,1,0.00000849,1921.64
1621655412611000,1,3.00000000,1919.81
1621655414524000,1,0.80479939,1918.73
1621655414574000,1,0.79547735,1918.73
1621655414645000,1,0.05000000,1918.73
1621655414811000,1,1.34972326,1918.73
1621655414811000,1,1.74688557,1918.73
1621655415404000,1,1.08659737,1918.65
1621655415409000,1,1.81320851,1918.65
1621655415601000,1,0.00000766,1918.43
1621655415601000,1,0.82424492,1918.34
1621655415616000,1,1.08730726,1918.34
1621655415696000,1,0.05000000,1918.33
1621655432428000,1,2.91048000,1917.34
1621655432487000,1,3.90000000,1917.33
1621655446776000,0,0.10000000,1918.38
1621655450291000,0,0.00706775,1918.38
1621655454676000,1,1.15284156,1919.22
1621655456433000,0,0.51037085,1921.32
1621655479864000,0,0.05170454,1916.65
1621655489518000,1,3.78000000,1914.03
1621655489518000,1,0.05000000,1913.94
1621655489705000,1,4.95172186,1913.19
1621655489747000,1,2.81324698,1913.19
1621655494502000,1,0.51031281,1911.08
1621655494510000,1,1.36031394,1911.08
1621655494664000,1,3.02937325,1911.08
1621655495546000,0,0.10357127,1910.58
1621655495727000,0,0.05000000,1910.58
1621655497301000,1,5.26175302,1909.78
1621655498280000,1,5.37010287,1909.49
1621655498280000,1,3.22301917,1909.33
1621655498280000,1,5.88487796,1909.28
1621655498521000,0,0.05000000,1909.64
1621655498521000,0,1.93760000,1909.94
1621655498871000,1,8.59095867,1908.29
1621655498871000,1,7.22459580,1908.18
1621655508931000,1,0.03999999,1903.00
1621655509056000,1,0.00000001,1903.00
1621655517495000,1,0.23000000,1902.68
1621655530742000,1,3.78000000,1907.77
1621655536013000,1,0.10717883,1903.97
1621655542887000,1,1.00000000,1902.33
1621655550626000,1,5.40040000,1899.41
1621655561575000,1,0.00002952,1899.41
1621655568642000,0,7.76496884,1900.27
1621655568642000,0,4.08456398,1900.28
1621655568657000,0,2.24535661,1900.28
1621655568667000,0,0.82923964,1900.28
1621655568674000,0,0.78317077,1900.28
1621655568680000,0,0.67100309,1900.28
1621655568751000,0,3.00000000,1900.27
1621655573767000,1,4.32333000,1899.05
1621655577240000,1,3.24100000,1900.18
1621655577407000,1,3.24111000,1900.27
1621655577879000,1,0.00011527,1900.18
1621655578128000,0,3.78000000,1899.12
1621655578133000,1,0.00000743,1899.05
1621655585751000,0,0.23000000,1902.20
1621655598033000,1,0.05000000,1906.93
1621655598033000,1,0.40684544,1906.84
1621655598033000,1,3.78000000,1906.51
1621655598033000,1,0.05000000,1906.42
1621655598033000,1,2.86355091,1906.29
1621655612037000,1,1.39811879,1911.71
1621655621063000,1,3.21997000,1911.33
1621655621314000,1,0.23000000,1911.34
1621655646115000,1,0.03234738,1908.54
1621655651844000,1,0.15791458,1902.36
1621655656084000,1,4.86120000,1902.44
1621655656111000,1,0.10742107,1902.44
1621655659997000,1,0.21156916,1899.24
1621655677431000,1,1.00593422,1897.50
1621655693410000,1,3.24479608,1897.72
1621655693503000,1,4.32665000,1897.45
1621655718932000,0,0.10000000,1904.10
1621655721887000,0,0.13000000,1905.15
1621655721887000,0,0.86928683,1905.16
1621655747000000,1,2.76400039,1907.55
1621655747000000,1,3.41286950,1907.54
1621655776267000,1,0.05000000,1914.10
1621655776267000,1,0.05752410,1913.83
1621655784439000,1,3.78000000,1914.36
1621655791808000,1,5.70000000,1909.87
1621655867937000,1,0.99928683,1906.25
1621655880324000,0,0.07847151,1910.54
1621655910470000,1,3.21859000,1913.02
1621655931193000,1,4.29012000,1913.97
1621655931255000,1,0.00000867,1913.97
1621655931255000,1,4.29028133,1913.91
1621655937992000,0,0.50000000,1915.27
1621655942408000,0,0.99129722,1916.63
1621655943638000,1,1.80955000,1915.03
1621655943715000,1,2.25000000,1915.03
1621655956859000,0,2.00000000,1915.00
1621655957309000,0,10.45343239,1916.63
1621655957315000,0,2.93119956,1916.63
1621655957327000,0,1.40304369,1916.63
1621655957395000,0,1.19452339,1916.63
1621655957415000,0,2.71076382,1916.63
1621655957572000,0,5.85000000,1916.63
1621655957867000,0,0.33500000,1916.63
1621655957979000,0,7.73900029,1916.62
1621655957979000,0,0.96099971,1916.63
1621655958074000,0,30.55000000,1916.63
1621655958076000,0,1.54305017,1916.63
1621655959306000,0,1.88859808,1916.63
1621655959307000,0,0.78939826,1916.63
1621655959346000,0,5.05000000,1916.63
1621655959346000,0,3.33170042,1916.63
1621655959452000,0,10.90000000,1916.63
1621655959534000,0,7.70000000,1916.63
1621655959635000,0,21.41622018,1916.63
1621655959652000,0,2.30000000,1916.63
1621655959742000,0,1.80000000,1916.63
1621655959838000,0,8.15000000,1916.63
1621655960151000,0,21.41373394,1916.63
1621655960667000,0,21.41042227,1916.63
1621655960667000,0,4.28256372,1916.63
1621655960677000,0,3.21206010,1916.63
1621655961078000,0,15.84303308,1916.63
1621655961477000,0,0.05000000,1916.63
1621655961859000,0,14.60749872,1916.63
1621655961924000,1,3.60000000,1916.33
1621655962175000,1,0.18000000,1916.33
1621655962300000,1,3.78000000,1916.51
1621655963253000,0,4.46000000,1916.63
1621655963327000,0,2.65000000,1916.63
1621655967064000,1,3.21147000,1915.95
1621655969993000,1,0.00001668,1913.91
1621655969993000,1,1.05045154,1913.45
1621655981210000,1,1.60000000,1913.87
1621655983986000,1,0.00000180,1913.02
1621655983986000,1,3.21727820,1912.92
1621655984162000,1,0.00000589,1912.92
1621656000406000,0,0.10316900,1915.78
1621656007720000,1,5.36686812,1910.82
1621656007736000,1,3.89074542,1910.34
1621656007738000,1,1.06097769,1910.34
1621656014864000,1,0.20437600,1909.41
1621656016451000,1,0.10731363,1909.41
1621656033659000,0,0.03517900,1915.42
1621656036450000,0,7.17158021,1916.63
1621656036492000,0,0.61960315,1916.63
1621656036497000,0,1.51028270,1916.63
1621656036498000,0,2.51118011,1916.63
1621656036524000,0,0.50594506,1916.63
1621656036631000,0,0.05000000,1916.63
1621656036661000,0,21.41617503,1916.63
1621656037170000,0,21.41024108,1916.63
1621656037369000,0,3.21138523,1916.63
1621656037595000,0,3.25171567,1916.63
1621656037603000,0,3.16654462,1916.63
1621656037605000,0,1.45677194,1916.63
1621656037607000,0,3.16654462,1916.63
1621656037704000,0,8.25749186,1916.63
1621656037704000,0,0.50000000,1916.63
1621656037704000,0,0.05000000,1916.65
1621656057922000,0,0.05000000,1933.67
1621656057922000,0,0.20656614,1933.92
1621656060005000,1,5.12125000,1927.53
1621656069593000,0,0.05000000,1929.35
1621656069593000,0,0.00137685,1929.76
1621656069629000,1,2.06820000,1926.98
1621656073685000,0,2.57053143,1926.54
1621656091009000,1,2.70000000,1927.30
1621656093559000,1,3.19264000,1926.87
1621656098493000,1,0.00000562,1926.87
1621656099634000,0,0.51404525,1928.90
1621656103285000,1,0.40549000,1927.48
1621656103523000,1,0.00000188,1927.48
1621656103769000,1,2.06820000,1927.07
1621656106662000,0,1.00000000,1927.78
1621656116851000,1,2.06820000,1927.49
1621656177976000,1,3.64727000,1926.54
1621656178905000,0,0.02575441,1927.76
1621656206012000,0,0.67227753,1916.49
1621656212861000,1,1.92900000,1912.97
1621656214026000,1,9.10790000,1911.33
1621656214177000,1,2.35000000,1911.33
1621656218669000,1,7.76496884,1907.81
1621656218669000,1,0.42300000,1907.80
1621656218669000,1,1.81203116,1907.60
1621656235288000,1,0.05000000,1910.24
1621656235288000,1,0.08815590,1910.22
1621656240341000,0,0.02555735,1915.93
1621656254133000,1,2.90000000,1908.37
1621656254215000,1,2.75000000,1908.37
1621656254286000,1,1.85000000,1908.37
1621656256549000,1,5.37460000,1906.80
1621656256567000,1,0.00005004,1906.80
1621656256567000,1,2.05294996,1906.66
1621656257824000,1,4.30427000,1905.40
1621656258754000,1,0.00000729,1905.40
1621656259158000,0,0.04999271,1905.38
1621656264575000,1,3.22663000,1906.27
1621656267724000,0,2.12410602,1907.56
1621656277745000,1,4.30226000,1907.00
1621656283058000,0,0.05000000,1905.30
1621656283058000,0,0.05000000,1905.77
1621656283058000,0,0.51086368,1905.84
1621656289895000,1,3.23267000,1903.46
1621656289994000,1,5.38762000,1903.14
1621656307809000,1,3.22647000,1907.19
1621656307893000,1,0.00000497,1907.19
1621656307893000,1,3.32007503,1907.04
1621656307958000,1,0.98188000,1907.04
1621656314871000,0,0.60377218,1908.85
1621656325347000,0,0.05230000,1913.86
1621656333361000,0,0.23169526,1915.59
1621656339823000,1,2.75343000,1911.45
1621656344331000,1,2.05300000,1908.83
1621656351482000,1,3.22592860,1907.52
1621656358443000,0,0.40549189,1908.38
1621656358443000,0,1.65533602,1908.69
1621656362351000,1,0.07700000,1905.08
1621656369012000,1,0.99129722,1909.54
1621656395895000,1,3.78000000,1918.83
1621656417306000,0,0.98295960,1920.73
1621656422465000,0,0.13688027,1926.07
1621656436341000,1,1.65534157,1924.58
1621656436341000,1,1.77700000,1924.57
1621656441283000,1,1.19842907,1922.24
1621656441528000,1,0.85457093,1922.22
1621656441541000,1,1.19842907,1922.22
1621656441661000,1,1.14842907,1922.22
1621656441661000,1,3.33348312,1921.48
1621656466155000,1,0.82951217,1918.53
1621656491988000,0,2.58223569,1924.85
1621656500988000,0,0.30957350,1928.58
1621656514080000,0,0.50000000,1926.38
1621656566754000,0,0.20656595,1922.56
1621656586838000,0,0.85407747,1924.72
1621656587172000,1,0.26355986,1921.73
1621656596567000,0,0.05000000,1921.28
1621656596567000,0,0.00094753,1921.34
1621656622848000,1,0.29100000,1912.88
1621656622848000,1,0.16335144,1912.87
1621656678495000,0,1.81531000,1924.46
1621656679682000,0,3.00000000,1925.78
1621656681819000,1,2.38121578,1925.25
1621656681874000,0,0.07222067,1927.69
1621656681897000,1,0.77696728,1925.25
1621656681907000,1,0.62181694,1925.25
1621656682027000,1,0.89230126,1924.58
1621656682030000,1,1.12809874,1924.58
1621656686392000,1,1.79172564,1925.76
1621656694863000,1,2.12410602,1922.57
1621656703321000,0,0.05000000,1925.79
1621656703321000,0,0.00132663,1925.89
1621656737889000,1,5.34638391,1918.46
1621656745316000,0,3.20830009,1920.62
1621656745438000,0,4.27754220,1920.80
1621656745438000,0,1.63798104,1921.11
1621656745444000,0,1.90234227,1921.11
1621656765387000,0,0.02392226,1921.09
1621656795848000,1,0.43242058,1918.51
1621656798939000,1,1.81531000,1919.04
1621656803651000,1,0.06299315,1918.29
1621656816086000,0,1.03384642,1922.07
1621656818123000,0,0.97000000,1922.64
1621656833483000,0,0.07227401,1920.56
1621656834465000,1,0.50000000,1918.83
1621656879115000,1,5.10000000,1923.75
1621656896546000,0,0.53911161,1925.11
1621656911498000,0,0.59391382,1924.69
1621656917387000,1,0.05000000,1918.99
1621656917387000,1,0.40000000,1918.92
1621656947566000,0,0.92427087,1919.61
1621656947567000,0,2.28644217,1919.61
1621657012748000,1,0.36150327,1917.46
1621657024951000,1,0.05000000,1923.28
1621657024951000,1,0.10000000,1922.64
1621657026696000,1,0.02265092,1924.67
1621657041334000,0,0.01289783,1928.23
1621657060866000,1,3.78000000,1923.73
1621657062536000,0,0.25000000,1925.29
1621657099999000,0,4.55425580,1918.19
1621657100103000,1,10.09257604,1918.19
1621657100110000,1,6.85000000,1918.19
1621657100186000,1,7.90000000,1918.19
1621657100192000,1,2.08350711,1918.19
1621657100224000,1,6.96830000,1918.19
1621657100248000,1,1.70000000,1918.19
1621657100291000,1,2.22637617,1918.19
1621657100299000,1,0.45298488,1918.19
1621657100637000,1,6.25000000,1918.72
1621657101913000,1,0.81455835,1915.88
1621657102223000,0,2.15320000,1917.17
1621657103687000,1,15.83132345,1916.69
1621657108955000,0,0.30000000,1918.82
1621657112163000,0,2.15320000,1918.82
1621657112702000,1,21.42415941,1918.33
1621657114994000,0,1.58791000,1918.02
1621657119926000,0,1.58743000,1918.30
1621657127172000,0,2.30000000,1918.46
1621657127248000,0,0.91358394,1918.46
1621657127248000,0,0.51647606,1918.47
1621657133562000,1,15.01675967,1916.65
1621657133566000,1,1.67761641,1916.65
1621657137959000,0,4.28741076,1917.36
1621657143142000,0,2.06890000,1919.47
1621657146790000,0,5.28170840,1922.02
1621657146796000,0,0.50201578,1922.02
1621657146803000,0,0.98323802,1922.02
1621657150879000,1,0.03965398,1921.20
1621657197131000,0,0.62106149,1911.25
1621657207568000,1,0.99999999,1909.51
1621657207596000,1,0.00000001,1909.51
1621657212879000,1,7.72531486,1907.24
1621657212879000,1,3.78000000,1907.23
1621657212879000,1,6.43315182,1906.94
1621657220300000,0,2.13126971,1907.98
1621657220485000,0,1.01294075,1908.17
1621657220508000,0,0.66124364,1907.96
1621657220511000,0,2.63899042,1907.96
1621657220513000,0,2.11538121,1907.96
1621657220534000,0,0.21808386,1907.96
1621657226680000,0,0.01558259,1906.14
1621657238689000,1,0.00000511,1903.14
1621657245689000,0,0.36970000,1904.26
1621657259251000,1,0.05000000,1908.28
1621657259251000,1,0.90026025,1908.04
1621657269299000,1,0.21968706,1901.30
1621657281225000,1,1.40988421,1900.00
1621657281225000,1,1.00000000,1900.00
1621657288575000,1,0.40960884,1895.65
1621657288575000,1,0.05000000,1895.52
1621657288575000,1,0.04414074,1895.46
1621657288999000,1,0.50210612,1895.93
1621657291498000,1,1.00000000,1894.38
1621657308213000,0,27.02737000,1892.98
1621657308250000,0,0.76798896,1892.98
1621657308252000,0,0.50210612,1892.97
1621657308252000,0,0.85881210,1892.98
1621657317696000,0,0.02618767,1900.27
1621657336275000,1,0.06510102,1890.00
1621657337594000,1,0.00000001,1890.00
1621657343070000,1,0.03215000,1888.00
1621657343124000,1,0.00000969,1888.00
1621657369852000,1,0.40960884,1889.07
1621657369853000,1,3.26179643,1888.95
1621657369853000,1,1.40411750,1888.71
1621657369980000,1,3.00000000,1888.72
1621657369980000,1,4.03167167,1888.71
1621657378052000,1,0.01060104,1886.61
1621657378061000,1,0.55825245,1885.96
1621657378653000,1,0.88425629,1884.97
1621657379050000,1,0.11574000,1884.97
1621657379169000,1,0.00000371,1884.97
1621657384509000,1,3.60057266,1881.88
1621657384917000,1,0.02310209,1880.00
1621657384917000,1,0.01538989,1880.00
1621657384917000,1,0.81558549,1879.37
1621657385635000,1,0.40960884,1878.82
1621657385635000,1,0.59039116,1878.11
1621657387392000,0,0.29410000,1881.38
1621657387960000,0,0.29410000,1882.11
1621657388008000,0,0.73351667,1882.11
1621657395447000,1,1.13326924,1879.81
1621657395465000,1,4.33401671,1879.81
1621657395479000,1,1.70729173,1879.81
1621657396705000,0,0.02637808,1881.01
1621657415750000,1,3.27272412,1882.81
1621657415750000,1,0.72200024,1882.64
1621657433029000,0,3.27887761,1882.13
1621657435136000,0,0.08425048,1882.68
1621657447310000,0,0.05000000,1881.17
1621657447310000,0,0.00277300,1881.41
1621657448428000,0,1.00000000,1878.60
1621657449425000,0,0.01116184,1881.31
1621657458198000,0,4.15348607,1879.15
1621657458205000,0,0.31867032,1879.15
1621657458205000,0,1.11130488,1879.16
1621657458208000,0,0.87299312,1879.16
1621657458209000,0,0.67044251,1879.16
1621657458588000,1,1.37000000,1879.16
1621657458625000,1,0.00320000,1879.16
1621657459569000,0,5.47320000,1879.17
1621657468297000,0,0.15684562,1881.59
1621657478633000,0,2.74006000,1884.08
1621657479111000,1,3.73501058,1881.97
1621657495295000,1,0.23000000,1875.62
1621657495295000,1,0.77000000,1875.61
1621657495867000,1,0.23000000,1875.61
1621657496626000,1,0.10143537,1875.00
1621657497339000,1,1.64663000,1875.00
1621657497356000,1,0.00000396,1875.00
1621657497513000,0,0.05000000,1876.26
1621657497513000,0,0.05000000,1876.40
1621657497513000,0,0.05000000,1876.78
1621657497513000,0,0.05000000,1877.14
1621657497513000,0,0.32220687,1877.19
1621657497548000,1,2.51977029,1874.05
1621657498106000,1,7.74983448,1874.06
1621657498147000,1,10.95016552,1874.06
1621657502824000,0,0.12290730,1877.40
1621657509315000,0,0.45490000,1880.96
1621657513933000,1,0.68028925,1878.94
1621657530852000,1,3.28060233,1878.16
1621657530852000,1,0.05000000,1878.02
1621657530852000,1,2.36233278,1877.87
1621657533288000,0,2.75000000,1880.90
1621657534482000,1,1.62072798,1877.89
1621657539421000,1,1.57770619,1879.34
1621657539858000,0,1.61224657,1880.49
1621657539871000,0,1.35612926,1880.49
1621657540043000,0,2.16095000,1880.49
1621657541838000,1,1.70202000,1879.34
1621657543213000,0,0.40960885,1881.75
1621657543213000,0,0.59039115,1881.81
1621657549836000,1,1.53658729,1880.81
1621657556762000,0,0.01568316,1881.18
1621657560299000,0,0.18531215,1880.58
1621657582133000,1,0.02239941,1870.79
1621657582527000,0,1.20916005,1871.86
1621657582566000,0,6.19083995,1871.86
1621657609950000,1,3.70861126,1873.06
1621657609950000,1,4.38496077,1873.05
1621657609950000,1,0.40960884,1872.92
1621657610137000,0,0.43036000,1872.92
1621657620044000,0,0.05816529,1869.67
1621657620044000,1,0.75071000,1866.35
1621657620044000,1,3.78000000,1866.35
1621657620044000,1,0.05000000,1866.33
1621657620044000,1,0.60967979,1866.30
1621657620433000,1,0.05000000,1867.01
1621657620433000,1,0.05000000,1866.56
1621657620433000,1,0.11606269,1866.30
1621657630720000,1,3.55000000,1869.88
1621657630815000,1,0.84373000,1869.88
1621657639014000,0,0.98055190,1867.48
1621657639245000,1,0.27425751,1866.30
1621657639917000,1,0.00000001,1866.30
1621657639917000,1,0.21738999,1865.00
1621657640217000,1,0.00000947,1865.00
1621657642364000,0,0.05341605,1866.66
1621657644422000,0,0.12011812,1865.22
1621657647017000,1,2.30000000,1865.54
1621657655627000,0,6.07320000,1863.66
1621657659521000,1,0.01350000,1862.00
1621657659521000,1,0.02749478,1861.84
1621657659521000,1,0.94196482,1861.47
1621657671800000,0,3.00000000,1863.48
1621657671800000,0,13.07737073,1863.49
1621657671899000,0,5.50000000,1863.49
1621657671930000,0,16.08163348,1863.49
1621657672003000,0,12.13792000,1863.49
1621657672003000,0,13.77346635,1863.49
1621657672007000,0,0.58800000,1863.49
1621657672042000,0,22.04766903,1863.49
1621657672048000,0,1.71870718,1863.49
1621657672061000,0,0.79659000,1863.49
1621657672067000,0,1.25207607,1863.49
1621657672069000,0,0.54740031,1863.49
1621657672108000,0,2.75000000,1863.49
1621657672145000,0,0.67073238,1863.49
1621657672163000,0,2.07113400,1863.49
1621657672355000,0,3.23476541,1863.49
1621657672404000,0,3.21800484,1863.49
1621657672405000,0,0.53453022,1863.49
1621657680376000,0,0.02632964,1868.73
1621657688905000,1,4.41335718,1861.67
1621657694276000,1,0.52700000,1858.00
1621657694276000,1,0.98337528,1857.67
1621657695660000,0,4.47320000,1857.96
1621657696110000,0,1.62680000,1857.96
1621657703550000,1,3.31469086,1858.73
1621657703645000,1,4.41972789,1858.44
1621657705253000,1,1.00000000,1857.03
1621657716200000,1,1.04371316,1855.18
1621657716389000,0,7.70680355,1856.33
1621657716389000,0,7.60000000,1856.34
1621657721525000,1,3.31842000,1857.52
1621657721657000,1,0.00000308,1857.52
1621657730887000,1,0.05000000,1857.40
1621657730887000,1,0.05000000,1856.93
1621657730887000,1,1.23861473,1856.65
1621657734371000,0,1.99270000,1863.05
1621657736457000,0,0.05220984,1865.76
1621657738026000,1,0.59391382,1863.83
1621657741489000,0,1.99270000,1868.70
1621657747186000,0,3.78000000,1871.64
1621657748394000,0,0.23000000,1871.65
1621657749196000,0,0.21173856,1874.01
1621657749345000,0,0.36590000,1874.01
1621657753007000,1,0.05000000,1874.63
1621657753007000,1,0.63897579,1874.13
1621657765628000,0,0.42286529,1872.30
1621657776689000,1,0.55351684,1869.04
1621657780244000,0,1.82932000,1867.74
1621657780327000,0,0.32388000,1867.74
1621657780754000,1,5.50300552,1865.49
1621657780754000,1,1.99699448,1865.49
1621657782963000,0,2.40000000,1868.93
1621657783056000,0,1.23861473,1868.92
1621657783056000,0,1.93458527,1868.93
1621657803730000,1,4.39546866,1870.22
1621657803730000,1,4.39670072,1869.63
1621657803730000,1,0.93514067,1869.40
1621657805516000,1,1.90000000,1870.22
1621657805596000,1,2.49546000,1870.22
1621657805861000,1,2.85162000,1869.63
1621657806202000,1,1.54508000,1869.63
1621657807739000,1,7.76496000,1869.64
1621657808147000,1,0.00000072,1869.63
1621657808147000,1,4.39669928,1869.63
1621657808481000,1,0.00000144,1869.63
1621657808481000,1,3.74325856,1869.38
1621657815654000,1,2.16416710,1868.19
1621657828520000,0,0.05000000,1865.59
1621657830435000,1,0.64535904,1863.90
1621657830441000,1,0.72396829,1863.90
1621657831681000,0,0.27740585,1865.78
1621657832607000,1,0.07004687,1862.66
1621657834457000,0,0.10000000,1864.64
1621657836690000,0,0.05000000,1864.44
1621657836690000,0,0.05000000,1864.85
1621657836690000,0,0.16596754,1865.12
1621657840073000,0,1.05000000,1862.23
1621657840238000,0,1.59491114,1862.23
1621657840641000,1,0.23000000,1859.42
1621657840792000,1,0.76540619,1859.37
1621657840823000,1,0.78217208,1859.37
1621657840949000,0,0.05000000,1860.89
1621657841080000,0,0.05000000,1860.43
1621657850305000,0,3.25000000,1856.69
1621657852613000,0,0.92320000,1856.67
1621657852926000,0,0.92320000,1856.69
1621657853609000,0,1.62680000,1856.69
1621657863067000,1,0.93863545,1857.00
1621657863095000,1,0.65589661,1857.00
1621657863219000,1,6.43744963,1857.00
1621657885752000,0,3.77320000,1857.00
1621657886688000,0,1.62680000,1857.00
1621657886841000,0,0.27691535,1858.35
1621657886861000,1,0.05000000,1856.18
1621657886861000,1,0.05000000,1855.64
1621657886861000,1,1.86761463,1855.60
1621657894059000,0,0.05337234,1858.84
1621657895076000,0,0.05000000,1857.40
1621657895076000,0,0.05000000,1857.82
1621657899067000,0,0.05344908,1858.86
1621657908828000,0,0.05000000,1860.77
1621657908828000,0,0.00347194,1861.06
1621657919450000,0,0.21784000,1861.47
1621657919557000,0,1.90000000,1861.47
1621657919668000,0,1.25536000,1861.45
1621657920299000,0,0.84973426,1861.71
1621657937252000,1,0.79158705,1869.16
1621657944243000,0,0.42001388,1871.74
1621657944243000,0,0.05000000,1872.21
1621657944243000,0,3.29801284,1873.39
1621657944243000,0,0.05000000,1873.63
1621657944243000,0,3.00000000,1874.50
1621657944243000,0,7.70369185,1874.51
1621657963321000,0,0.57286417,1872.82
1621657963464000,0,3.20713582,1872.82
1621657963939000,1,0.05000000,1871.60
1621657971117000,1,0.68990564,1875.80
1621657971118000,1,0.52373288,1875.80
1621657971136000,1,2.56636148,1875.80
1621657976425000,1,3.78000000,1872.43
1621657976425000,1,4.22000000,1872.34
1621657982557000,0,0.15958195,1875.40
1621657983505000,0,5.87320000,1875.41
1621657985679000,0,0.10077023,1876.05
1621657986495000,0,1.73780000,1876.07
1621657997313000,0,0.19667207,1874.44
1621657997823000,1,2.10000000,1871.69
1621658016917000,1,0.16000000,1864.00
1621658020960000,1,0.42001387,1857.65
1621658020960000,1,1.57998613,1857.11
1621658023642000,0,2.15000000,1862.53
1621658031571000,0,0.26089386,1859.58
1621658033916000,0,3.78000000,1859.14
1621658044010000,0,0.10000000,1859.11
1621658051071000,1,0.01820000,1861.98
1621658054088000,1,5.52220000,1859.60
1621658054119000,1,0.00005464,1859.60
1621658054185000,1,3.31410000,1859.51
1621658054194000,1,0.00003248,1859.51
1621658059777000,1,0.77525167,1857.65
1621658059933000,1,2.54186000,1857.65
1621658060140000,1,0.00000076,1857.65
1621658060140000,1,1.29989924,1857.61
1621658069507000,1,0.05000000,1855.13
1621658071430000,0,0.13347391,1857.46
1621658078194000,1,0.19367000,1855.14
1621658078327000,1,0.00000640,1855.14
1621658078327000,1,0.29099360,1855.13
1621658078604000,1,0.29100000,1855.15
1621658078614000,1,1.10298297,1855.15
1621658078669000,1,0.19367640,1855.14
1621658078669000,1,0.00000640,1855.13
1621658078706000,0,1.37390309,1855.15
1621658079086000,0,1.32834371,1855.14
1621658079356000,1,0.66400000,1855.14
1621658079370000,1,0.00008455,1855.14
1621658079370000,1,0.66399545,1855.14
1621658079395000,1,1.10746643,1855.14
1621658086118000,1,2.44785900,1854.67
1621658091175000,0,0.76526999,1853.07
1621658091198000,0,0.78275157,1853.07
1621658091214000,0,1.35915275,1853.07
1621658098149000,0,1.11309249,1852.89
1621658100811000,1,0.05000000,1852.11
1621658100811000,1,0.44516279,1851.74
1621658100879000,1,0.01500000,1851.74
1621658101701000,0,0.23000000,1854.55
1621658102162000,0,2.44030000,1855.14
1621658102240000,0,1.33730528,1855.14
1621658102459000,0,0.55000000,1855.14
1621658102606000,0,0.95500000,1855.14
1621658102681000,0,1.33730528,1855.14
1621658102681000,0,1.16696512,1855.14
1621658102772000,0,1.39836143,1855.14
1621658109837000,1,0.23000000,1857.07
1621658116432000,0,0.05000000,1860.13
1621658116908000,1,0.05000000,1859.74
1621658116908000,1,0.05000000,1859.19
1621658116908000,1,3.90000000,1859.05
1621658117082000,0,0.28670786,1860.13
1621658121039000,1,3.42931000,1861.45
1621658126919000,1,0.48602603,1858.67
1621658137180000,1,0.19370760,1857.68
1621658137469000,0,0.69972162,1858.38
1621658137858000,1,0.19370760,1857.68
1621658137858000,1,0.91374282,1857.67
1621658137919000,1,3.32044269,1855.69
1621658137919000,1,3.00000000,1855.66
1621658137919000,1,5.53325452,1855.54
1621658137919000,1,0.05294830,1855.45
1621658138362000,0,0.05000000,1857.41
1621658138362000,0,0.14370760,1857.67
1621658142042000,1,0.05000000,1853.30
1621658142042000,1,0.05000000,1852.92
1621658142042000,1,0.42001387,1852.50
1621658142042000,1,0.05000000,1852.40
1621658142042000,1,0.05000000,1852.01
1621658142042000,1,1.85270000,1851.79
1621658142042000,1,0.75661000,1851.78
1621658142042000,1,20.95900000,1851.52
1621658142042000,1,12.05144249,1851.35
1621658158890000,1,1.59639972,1854.91
1621658162041000,0,0.05000000,1854.81
1621658162041000,0,0.05000000,1855.23
1621658162041000,0,0.00669820,1855.58
1621658175407000,1,0.24079105,1856.45
1621658178511000,0,0.10000000,1861.26
1621658183934000,1,0.17885502,1862.34
1621658201242000,1,3.78000000,1861.12
1621658201242000,1,1.22000000,1860.23
1621658211785000,0,0.02662989,1863.41
1621658233013000,0,0.05000000,1856.32
1621658233013000,0,0.05000000,1856.83
1621658233013000,0,0.97278581,1856.83
1621658237093000,0,1.00000000,1854.63
1621658243929000,1,3.32375961,1853.52
1621658245631000,0,1.00000000,1853.63
1621658247667000,0,0.01873481,1856.14
1621658260237000,1,3.32788765,1851.45
1621658260913000,0,2.15320000,1852.65
1621658262012000,1,0.55825245,1851.01
1621658262012000,1,2.77064755,1851.00
1621658262910000,1,4.49650000,1851.00
1621658269226000,1,1.89114002,1851.00
1621658270044000,1,0.54596661,1851.00
1621658270067000,1,0.53464344,1851.00
1621658270841000,1,11.45950000,1851.00
1621658270862000,1,1.08061005,1851.00
1621658270864000,1,2.97102271,1851.00
1621658270904000,1,24.95423758,1851.00
1621658272063000,1,0.08819243,1850.00
1621658272063000,1,1.07593783,1850.00
1621658272063000,1,0.54000000,1850.00
1621658272063000,1,0.05351887,1850.00
1621658272063000,1,1.48870360,1850.00
1621658272063000,1,2.29464727,1850.00
1621658272534000,1,1.70535273,1850.00
1621658274252000,0,4.17320000,1852.02
1621658275265000,1,3.78000000,1850.65
1621658275265000,1,0.30273296,1850.22
1621658285085000,0,4.40000000,1853.00
1621658302320000,1,0.07962392,1858.21
1621658319339000,1,0.76650003,1853.80
1621658320565000,1,0.42001387,1855.01
1621658320565000,1,2.26175595,1854.85
1621658322519000,1,0.05000000,1855.01
1621658323596000,1,4.75701320,1853.56
1621658323596000,1,3.78000000,1853.55
1621658323596000,1,1.46298680,1853.34
1621658327590000,1,1.50000000,1853.61
1621658332229000,0,0.15000000,1857.12
1621658334761000,0,0.10000000,1859.13
1621658337391000,0,0.01583922,1859.31
1621658349573000,0,0.52051196,1859.35
1621658359021000,1,2.26785000,1853.21
1621658359032000,1,0.05425430,1853.21
1621658359037000,1,1.00217727,1853.21
1621658369960000,0,2.15320000,1853.03
1621658377426000,0,1.50000000,1857.19
1621658378902000,1,0.16335155,1856.07
1621658390696000,1,3.32460000,1853.07
1621658390764000,1,0.00008176,1853.07
1621658390764000,1,5.54101824,1852.59
1621658391960000,1,0.00014193,1852.59
1621658391960000,1,2.25320000,1850.68
1621658391960000,1,15.25845158,1850.66
1621658400332000,0,1.72786793,1855.73
1621658402851000,0,0.16049503,1858.47
1621658430401000,0,0.49315652,1855.61
1621658446156000,1,0.08139078,1856.78
1621658446922000,1,0.02159651,1856.78
1621658454510000,0,0.67708170,1857.72
1621658454623000,0,0.08900000,1857.72
1621658454629000,0,0.00082845,1857.72
1621658461712000,0,2.66654294,1860.29
1621658479690000,1,1.10000000,1857.78
1621658494118000,1,0.79858943,1856.27
1621658504770000,0,3.78000000,1859.77
1621658504770000,0,1.59099699,1859.89
1621658517187000,1,1.55345614,1858.64
1621658520355000,0,0.25313852,1860.12
1621658531484000,1,1.72786793,1857.88
1621658541767000,0,0.01565984,1858.66
1621658543007000,0,0.01854831,1859.43
1621658556683000,0,0.83277001,1860.22
1621658556688000,0,5.59698119,1860.22
1621658556731000,0,2.34251543,1860.46
1621658556768000,0,1.84434041,1860.45
1621658556855000,0,1.33521764,1860.21
1621658556855000,0,0.74963638,1860.48
1621658559337000,1,3.78000000,1859.21
1621658559337000,1,0.30931079,1858.60
1621658562391000,1,1.00597294,1858.69
1621658573643000,0,0.25000000,1860.48
1621658589823000,0,0.00036362,1860.48
1621658592542000,0,2.27059054,1863.97
1621658592708000,0,5.22900000,1863.97
1621658592937000,0,0.00040946,1863.97
1621658594790000,1,0.05000000,1864.27
1621658594790000,1,0.00370000,1863.96
1621658594965000,1,0.02690000,1863.96
1621658595318000,1,0.02150000,1863.97
1621658595873000,1,0.01610000,1864.16
1621658596303000,1,0.05370000,1864.26
1621658613930000,0,0.10620386,1869.31
1621658621146000,1,3.24346000,1864.53
1621658627316000,1,0.03877641,1863.16
1621658631335000,1,0.18287243,1863.66
1621658636549000,0,0.10562408,1865.34
1621658640297000,0,1.10093363,1865.21
1621658656207000,1,3.78000000,1865.02
1621658656207000,1,3.30334146,1864.85
1621658656207000,1,6.60471563,1864.65
1621658656207000,1,6.60515684,1864.59
1621658656207000,1,4.40477419,1864.57
1621658656207000,1,8.74505857,1864.44
1621658660771000,1,3.78000000,1862.06
1621658685904000,1,4.42090000,1856.39
1621658689124000,1,3.18210000,1855.62
1621658703142000,1,3.32340000,1852.67
1621658703271000,1,0.00002234,1852.67
1621658703271000,1,2.27747766,1852.27
1621658710864000,0,0.05350000,1851.38
1621658715877000,1,0.01500000,1850.00
1621658720275000,1,0.01082189,1848.11
1621658720504000,1,1.00000000,1847.81
1621658722769000,1,0.05000000,1845.00
1621658722918000,1,0.30276972,1845.00
1621658724969000,0,0.01082904,1845.87
1621658735389000,1,3.78000000,1841.02
1621658735389000,1,0.05000000,1840.93
1621658735389000,1,0.30403164,1840.93
1621658738087000,1,0.08648456,1841.36
1621658744414000,0,0.01512355,1842.16
1621658745604000,1,0.42024658,1838.78
1621658745604000,1,2.42967151,1838.37
1621658745604000,1,3.00000000,1838.36
1621658745604000,1,13.46628703,1838.35
1621658747700000,0,0.03764776,1838.76
1621658751503000,0,0.05390000,1836.71
1621658753545000,1,3.81300000,1833.24
1621658755541000,0,6.40000000,1836.98
1621658760280000,0,0.51019499,1841.38
1621658768252000,1,3.78000000,1839.37
1621658768252000,1,0.05000000,1839.34
1621658768252000,1,0.17000000,1838.58
1621658772023000,1,3.34733000,1840.44
1621658775733000,0,0.10000000,1846.25
1621658777697000,1,3.78000000,1844.75
1621658777697000,1,0.05000000,1844.57
1621658777697000,1,0.42024658,1844.54
1621658777697000,1,4.45250274,1844.40
1621658777697000,1,0.05000000,1843.72
1621658777697000,1,1.11255886,1843.64
1621658791479000,1,4.45393000,1843.01
1621658792636000,1,0.00000147,1843.01
1621658792697000,1,4.45597818,1842.59
1621658794966000,1,0.00000653,1840.44
1621658796919000,1,5.58110000,1838.08
1621658798971000,1,0.08199233,1837.33
1621658803072000,1,0.51019499,1838.54
1621658803072000,1,2.83866501,1838.53
1621658803162000,1,0.51020270,1838.53
1621658805217000,1,1.97890000,1837.12
1621658805383000,0,0.05000000,1838.82
1621658805383000,0,0.05000000,1839.35
1621658805503000,0,3.78000000,1838.73
1621658811487000,0,0.02908471,1835.09
1621658817122000,1,2.74218993,1833.66
1621658821115000,1,2.66654294,1834.08
1621658826290000,0,2.12180000,1841.38
1621658837605000,0,0.49500000,1839.99
1621658840789000,1,0.09413076,1839.96
1621658843839000,1,3.34690000,1840.62
1621658847249000,0,0.05000000,1840.45
1621658847249000,0,0.11685243,1840.72
1621658850328000,0,1.68090000,1841.89
1621658856945000,0,0.10000000,1838.64
1621658860517000,0,0.49500000,1840.33
1621658864588000,1,3.34871528,1839.78
1621658872382000,0,9.84880162,1841.66
1621658872382000,0,3.57098073,1841.81
1621658872565000,0,1.74000000,1841.87
1621658876426000,0,0.31961113,1841.67
1621658882166000,1,0.96426195,1843.50
1621658904340000,1,0.06242821,1846.15
1621658905564000,0,0.10222621,1849.33
1621658908279000,1,0.32303931,1846.15
1621658932452000,0,0.05383421,1846.28
1621658937680000,0,1.59302840,1843.38
1621658938517000,0,0.05000000,1843.10
1621658938517000,0,0.48825260,1843.30
1621658942497000,0,0.05376873,1842.64
1621658948357000,1,0.01600000,1839.28
1621658948368000,1,0.00012904,1839.28
1621658948519000,1,0.19364520,1837.32
1621658948519000,1,3.35129550,1837.21
1621658948519000,1,0.14465781,1837.12
1621658948734000,1,0.16000000,1837.33
1621658948734000,1,0.25467500,1837.21
1621658962355000,1,1.00000000,1835.07
1621658962555000,1,22.16359000,1834.39
1621658980218000,0,0.05000000,1834.31
1621658980218000,0,0.33061609,1834.77
1621658980510000,0,0.42024659,1833.46
1621658987951000,0,0.10000000,1833.66
1621658994361000,1,1.92364449,1831.49
1621658994361000,1,1.43986161,1831.48
1621658994414000,1,1.92364449,1831.48
1621658994414000,1,0.18739660,1831.33
1621658994433000,1,0.52583710,1831.33
1621658994488000,1,2.88088525,1831.28
1621659008501000,1,3.78000000,1836.72
1621659014902000,0,0.02666878,1831.44
1621659015556000,0,2.15320000,1831.10
1621659023491000,0,0.05675121,1830.20
1621659030434000,0,0.13000000,1829.45
1621659032989000,1,3.37042860,1826.96
1621659032989000,1,4.49390480,1826.91
1621659032989000,1,0.05000000,1826.45
1621659032989000,1,6.73930241,1826.40
1621659032989000,1,3.00000000,1826.32
1621659032989000,1,18.85604146,1826.31
1621659033706000,1,1.68610000,1826.96
1621659035437000,0,0.05000000,1827.90
1621659035437000,0,0.00422404,1828.20
1621659039307000,1,0.11000000,1825.00
1621659039307000,1,0.06250000,1825.00
1621659039307000,1,0.05000000,1824.68
1621659039307000,1,3.37447583,1824.60
1621659039307000,1,1.50246573,1824.15
1621659040609000,1,2.06701582,1825.24
1621659041992000,1,2.06280000,1826.43
1621659046578000,1,4.49680000,1826.40
1621659048200000,0,1.26999184,1826.48
1621659051946000,1,0.03251000,1824.83
1621659053394000,1,0.00000091,1824.83
1621659053394000,1,0.42024658,1824.15
1621659053929000,1,1.55713863,1822.60
1621659053990000,0,0.01619792,1823.39
1621659057217000,1,0.10922000,1822.00
1621659057391000,1,0.00000612,1822.00
1621659057763000,0,0.05000000,1822.00
1621659060278000,1,1.00000000,1820.43
1621659063837000,1,0.05000000,1824.13
1621659063837000,1,0.05000000,1823.31
1621659063837000,1,0.01125863,1823.22
1621659064554000,0,0.05000000,1828.76
1621659064554000,0,0.05000000,1829.18
1621659071840000,1,3.78000000,1826.08
1621659071840000,1,0.05000000,1825.46
1621659071840000,1,0.05000000,1825.08
1621659071840000,1,0.42856881,1824.82
1621659071840000,1,0.23000000,1824.71
1621659071840000,1,1.46143119,1824.70
1621659082313000,1,1.03350790,1829.24
1621659095749000,0,3.33509000,1829.22
1621659104134000,1,3.44302326,1829.11
1621659114525000,0,0.42856882,1835.24
1621659114525000,0,0.76317000,1835.98
1621659114525000,0,3.00000000,1836.11
1621659114525000,0,14.39981510,1836.12
1621659116417000,1,0.17000000,1833.09
1621659116938000,0,0.05000000,1836.08
1621659116938000,0,0.95080686,1836.11
1621659117405000,0,1.00000000,1836.09
1621659117963000,0,0.02671161,1836.59
1621659118339000,1,0.05000000,1834.58
1621659118339000,1,0.17629899,1834.25
1621659123583000,1,0.10606847,1833.50
1621659126144000,0,0.21000000,1836.22
1621659128717000,0,4.77320000,1838.11
1621659128899000,0,1.62600000,1838.11
1621659131021000,0,0.05000000,1840.89
1621659133806000,0,0.05400101,1842.91
1621659143842000,0,0.05000000,1844.49
1621659143842000,0,0.42856882,1845.17
1621659143842000,0,0.05000000,1845.17
1621659143842000,0,1.09129576,1845.62
1621659148003000,0,0.23000000,1841.73
1621659150937000,0,0.05343107,1841.72
1621659156452000,1,0.05000000,1836.50
1621659156452000,1,0.78838825,1836.40
1621659178202000,0,0.02695621,1844.66
1621659185210000,0,4.57320000,1842.97
1621659200413000,0,1.00000000,1847.58
1621659213558000,0,0.13319243,1850.33
1621659229178000,0,0.02000000,1849.30
1621659238776000,1,0.18458852,1843.71
1621659241776000,1,2.96386729,1844.65
1621659243683000,0,0.42856882,1846.93
1621659243683000,0,0.61453187,1847.07
1621659251476000,1,0.12757057,1842.83
1621659255507000,1,0.04924434,1842.82
1621659257527000,1,0.04376648,1842.82
1621659269087000,1,3.34333000,1842.62
1621659297910000,0,0.13460414,1841.39
1621659303390000,0,0.09000000,1841.38
1621659313470000,0,0.70000000,1849.82
1621659319916000,0,0.04511664,1850.98
1621659320002000,1,0.78833396,1848.29
1621659341219000,0,0.03900000,1850.86
1621659341459000,0,0.00083434,1850.86
1621659341459000,0,2.86043601,1851.00
1621659341462000,0,2.88296191,1851.00
1621659341469000,0,1.48466369,1851.00
1621659341501000,0,0.91917545,1851.00
1621659342096000,0,22.55032983,1851.00
1621659351108000,0,1.07245528,1853.10
1621659354524000,0,1.00000000,1850.86
1621659359104000,0,0.01606855,1857.77
1621659364379000,0,1.00458062,1858.34
1621659364391000,0,3.20398819,1858.34
1621659367675000,1,0.05000000,1856.99
1621659367675000,1,0.05000000,1856.42
1621659367675000,1,0.05000000,1856.11
1621659367675000,1,0.72888600,1856.10
1621659371655000,1,5.67182160,1859.47
1621659371655000,1,3.31248446,1859.44
1621659371655000,1,3.00000000,1859.27
1621659371655000,1,4.41664595,1859.24
1621659371655000,1,0.05000000,1858.91
1621659371655000,1,6.62488803,1858.43
1621659371655000,1,6.62496892,1858.37
1621659371655000,1,0.05000000,1858.20
1621659371655000,1,0.29100000,1858.19
1621659371655000,1,2.01010000,1858.18
1621659371655000,1,2.91529133,1858.16
1621659373929000,0,0.05000000,1861.49
1621659373929000,0,0.05000000,1861.61
1621659373929000,0,0.06024972,1862.42
1621659391543000,0,0.03729866,1859.26
1621659393583000,0,0.05000000,1859.25
1621659393583000,0,0.05000000,1859.26
1621659393583000,0,0.42856882,1859.31
1621659393583000,0,3.78000000,1859.40
1621659393583000,0,3.00000000,1859.55
1621659393583000,0,3.34458292,1859.56
1621659396706000,0,2.62861000,1859.56
1621659407147000,0,0.05000000,1861.05
1621659407147000,0,0.19748042,1861.07
1621659407364000,0,3.58251958,1861.07
1621659407364000,0,0.42856882,1861.16
1621659407364000,0,0.05000000,1861.63
1621659407364000,0,9.40735580,1861.94
1621659407364000,0,6.07395199,1862.04
1621659412119000,0,0.04889420,1861.19
1621659419700000,1,4.41810329,1859.63
1621659421206000,1,0.02943532,1859.39
1621659427089000,0,0.15221195,1863.06
1621659437731000,1,6.62311000,1860.27
1621659447664000,0,2.63244288,1862.35
1621659457625000,0,2.59861465,1860.69
1621659459614000,0,0.05000000,1860.59
1621659459614000,0,0.22713128,1860.67
1621659468703000,0,5.77320000,1855.06
1621659469493000,0,0.61032073,1855.06
1621659469577000,0,0.67299710,1855.06
1621659470310000,0,0.34348216,1855.06
1621659470312000,0,0.00000001,1855.06
1621659476436000,0,0.71583760,1860.69
1621659476436000,0,0.05000000,1861.57
1621659476436000,0,0.31092294,1861.59
1621659495219000,0,0.05328437,1870.02
1621659505795000,1,3.47000000,1870.97
1621659510740000,1,0.59133859,1872.02
1621659510740000,1,0.81703141,1872.01
1621659512112000,1,22.52209000,1870.97
1621659512195000,1,2.93547000,1870.98
