timestamp ms,type,amount,price
1624665624817000,0,1.40000000,1517.8900
1624665624954000,0,2.44498862,1517.8900
1624665625088000,0,1.85501138,1517.8900
1624665639396000,1,0.13999999,1522.0200
1624665639401000,1,0.13999999,1522.0200
1624665639410000,1,0.13999999,1522.0200
1624665639412000,1,0.13999999,1522.0200
1624665653868000,0,0.16294916,1523.9800
1624665670431000,1,0.83999999,1520.2300
1624665692007000,1,2.09080000,1515.7100
1624665692007000,1,5.48060741,1515.6900
1624665718509000,1,0.02600450,1512.2300
1624665718533000,1,0.00000001,1512.2300
1624665720349000,0,0.22141919,1513.4100
1624665720778000,1,0.02600451,1510.7100
1624665724086000,0,0.03288930,1512.6500
1624665726455000,1,6.30000000,1509.5700
1624665726455000,1,0.02530066,1509.5000
1624665726455000,1,0.06325166,1509.5000
1624665726455000,1,0.62140960,1509.4300
1624665726455000,1,0.16454351,1509.2800
1624665726455000,1,2.09080000,1509.1200
1624665726828000,1,0.50000000,1508.7400
1624665728738000,0,9.10000000,1511.3200
1624665745078000,1,0.14000000,1510.4100
1624665745078000,1,0.06649657,1510.4100
1624665745078000,1,0.00188921,1510.4000
1624665745328000,1,0.06649657,1510.4200
1624665745328000,1,0.02659863,1510.4100
1624665746530000,0,1.00000000,1511.6500
1624665755367000,1,0.02543109,1509.7100
1624665758394000,1,0.02544421,1509.4600
1624665758398000,1,0.00000001,1509.4600
1624665762209000,1,0.04880898,1509.0000
1624665762764000,1,0.02393009,1508.9500
1624665762764000,1,0.02393262,1508.9300
1624665762831000,1,0.15554557,1508.7600
1624665762831000,1,5.55189677,1508.7400
1624665770001000,1,0.02167329,1508.3700
1624665770003000,1,0.00000001,1508.3700
1624665770052000,1,0.02167330,1508.2600
1624665770100000,1,0.14090258,1508.0400
1624665770413000,1,0.02167329,1508.0400
1624665770418000,1,0.00000001,1508.0400
1624665770518000,1,0.02167330,1507.5500
1624665771309000,0,0.06590000,1508.0000
1624665771539000,0,0.06590000,1508.0000
1624665771856000,0,0.06590000,1508.4900
1624665772012000,0,0.06590000,1508.8300
1624665790466000,1,0.01814603,1508.2600
1624665790466000,1,6.30000000,1508.2600
1624665790466000,1,1.06590000,1508.2600
1624665795778000,1,4.16669705,1508.1600
1624665795781000,1,0.01684450,1508.0200
1624665795781000,1,5.55560432,1507.8500
1624665817117000,0,0.99278983,1513.7100
1624665826518000,0,3.00000000,1513.8100
1624665826518000,0,3.89699930,1513.8200
1624665827086000,1,0.99280000,1512.3300
1624665831409000,1,0.02295727,1511.5000
1624665841314000,0,1.40000000,1513.8600
1624665841314000,0,0.56749632,1513.8700
1624665843148000,1,1.40000000,1512.6100
1624665843148000,1,4.13933038,1512.6000
1624665859733000,0,1.35290443,1511.9600
1624665861064000,0,0.05462110,1512.1500
1624665865642000,1,1.40000000,1509.6200
1624665865642000,1,1.23937578,1509.6100
1624665882096000,0,0.46347754,1509.5600
1624665891081000,0,0.42776029,1509.9900
1624665891606000,0,0.42776596,1509.9900
1624665892087000,0,0.27807102,1510.5700
1624665894455000,0,0.14000000,1510.9100
1624665902216000,0,0.21180000,1512.8700
1624665902216000,0,0.11694801,1513.2200
1624665930991000,0,9.70000000,1512.8300
1624665950132000,0,0.39831805,1513.1000
1624665950293000,0,0.02000000,1513.1000
1624665951780000,1,4.15831503,1511.4600
1624665951947000,1,0.41830000,1511.2800
1624665952109000,1,0.02269558,1510.9800
1624665954152000,0,0.12247429,1511.1400
1624665980258000,0,8.34100000,1513.2300
1624665992687000,0,1.06020401,1517.2700
1624666004770000,0,4.28330139,1519.0900
1624666004770000,0,1.64742474,1519.0900
1624666005226000,0,0.00000001,1519.0900
1624666010342000,0,1.08768469,1520.1900
1624666015974000,0,0.15013899,1521.3200
1624666015987000,0,0.00000001,1521.3200
1624666022298000,0,0.07372799,1522.4400
1624666024076000,0,0.04008100,1522.4300
1624666024076000,0,0.00000001,1522.4400
1624666027463000,0,1.40000000,1522.2900
1624666027463000,0,6.30000000,1522.3200
1624666040035000,1,1.40000000,1519.0800
1624666046091000,0,0.03195881,1520.3800
1624666061419000,0,6.00000000,1520.2400
1624666062297000,0,0.85000000,1521.0800
1624666062970000,0,8.75000000,1521.0800
1624666070306000,0,2.03790000,1524.7500
1624666072508000,0,0.63130141,1525.1600
1624666073642000,0,2.03790000,1525.4600
1624666074646000,1,0.08231700,1523.8600
1624666075856000,1,0.08231700,1524.7000
1624666076548000,0,0.01456372,1526.4700
1624666077123000,0,2.03790000,1525.6800
1624666077123000,0,0.62140960,1525.7100
1624666077124000,0,0.00000001,1525.7100
1624666077167000,0,0.66642080,1525.2600
1624666078072000,1,1.40000000,1524.3500
1624666078072000,1,6.08864057,1524.3400
1624666078074000,1,0.84812225,1524.3400
1624666078074000,1,1.35118637,1524.3300
1624666078074000,1,4.94881363,1524.3300
1624666078074000,1,0.07690047,1524.2700
1624666078074000,1,11.03011562,1524.2600
1624666078504000,1,2.05860000,1524.4100
1624666078504000,1,0.07690047,1523.9600
1624666080321000,1,0.04669969,1520.4200
1624666080860000,0,1.38539999,1522.3600
1624666080867000,0,0.00000001,1522.3600
1624666080876000,0,9.40000000,1522.4300
1624666081419000,0,1.00530000,1523.0500
1624666084020000,0,0.11327905,1524.3000
1624666085653000,0,1.80740000,1525.4400
1624666087128000,1,5.49500000,1525.3100
1624666096075000,1,0.14000000,1524.7400
1624666096075000,1,0.39350000,1524.7300
1624666102063000,1,8.93000000,1524.9200
1624666107850000,0,0.14000000,1525.9500
1624666107850000,0,8.80000000,1525.9600
1624666107850000,0,1.66740000,1526.0300
1624666109680000,1,0.14000000,1523.8300
1624666109680000,1,0.02332771,1523.8200
1624666109684000,1,0.05833615,1523.8200
1624666109684000,1,0.08166386,1523.7500
1624666110303000,1,0.08168635,1523.6600
1624666114299000,1,5.50800000,1522.5200
1624666121010000,1,0.06696000,1522.0100
1624666147751000,1,0.39241000,1518.7600
1624666149083000,1,0.00000800,1518.7600
1624666149083000,1,5.24669200,1518.2500
1624666156464000,1,0.62140960,1515.7700
1624666156464000,1,1.40000000,1515.7000
1624666156464000,1,2.77912643,1515.6900
1624666160305000,1,3.70000000,1515.8500
1624666160362000,1,1.83000000,1515.8500
1624666164469000,0,0.65362086,1516.8400
1624666165397000,0,3.73147000,1516.9300
1624666165473000,0,5.20000000,1516.9300
1624666165891000,0,0.16852999,1516.9300
1624666165892000,0,0.00000001,1516.9300
1624666179432000,1,0.07351888,1514.7400
1624666179448000,1,0.00000001,1514.7400
1624666180254000,0,0.17935400,1515.7300
1624666187442000,1,0.07119166,1512.1200
1624666187570000,1,0.85000000,1512.6400
1624666187633000,1,4.69100000,1512.6400
1624666196520000,1,0.06726000,1511.2100
1624666200309000,0,0.06507630,1512.1800
1624666200590000,0,0.50192370,1512.1800
1624666200590000,0,5.70000000,1512.1900
1624666202911000,0,1.23654680,1512.7300
1624666202913000,0,5.94000175,1512.7300
1624666202946000,0,1.02345145,1512.7300
1624666212382000,1,0.10195658,1511.3900
1624666221517000,1,0.80000000,1509.1300
1624666225237000,1,1.40000000,1507.0300
1624666225237000,1,4.90000000,1507.0200
1624666227683000,0,1.40000000,1507.9100
1624666234998000,1,0.08693067,1506.3300
1624666234998000,1,0.21744772,1506.2600
1624666239210000,1,0.07678881,1505.3100
1624666239210000,1,0.19197202,1505.3100
1624666239211000,1,0.00000001,1505.3100
1624666239211000,1,0.50000000,1505.1400
1624666240195000,1,0.07573324,1504.9800
1624666240195000,1,0.18933309,1504.9800
1624666260933000,1,0.04389611,1507.2600
1624666260945000,1,0.04847264,1507.2600
1624666261074000,1,0.09238590,1506.8700
1624666261074000,1,0.23175011,1506.8700
1624666262905000,0,6.29999999,1507.7200
1624666262910000,0,0.00000001,1507.7200
1624666266664000,1,0.09020260,1506.8100
1624666266664000,1,0.09023249,1506.7400
1624666269721000,1,0.09020260,1506.0500
1624666270491000,1,0.09023249,1505.7100
1624666270834000,1,0.00000001,1505.7100
1624666270836000,1,0.08647163,1505.3700
1624666272151000,1,0.08653938,1504.6700
1624666275415000,1,0.08388099,1503.8500
1624666277577000,1,1.40000000,1504.2400
1624666277577000,1,0.20964403,1504.1700
1624666277577000,1,2.56710351,1504.1600
1624666277584000,1,1.60964404,1504.1600
1624666281857000,0,1.40000000,1506.3900
1624666284837000,1,3.38855418,1506.3600
1624666285381000,1,0.08943546,1505.6700
1624666285381000,1,0.22358865,1505.6700
1624666285381000,1,0.08943546,1505.6600
1624666285381000,1,5.56427681,1505.6500
1624666285386000,1,0.00000001,1505.6500
1624666293654000,1,0.01981813,1506.3000
1624666293672000,1,0.20295672,1506.3000
1624666293672000,1,0.08910994,1506.3000
1624666301587000,0,0.07538018,1509.1500
1624666317208000,1,0.09406667,1504.5100
1624666317208000,1,5.47743763,1504.5000
1624666320365000,0,0.02624186,1506.4800
1624666351471000,0,0.67000000,1507.5000
1624666371916000,0,0.02316345,1508.6500
1624666399255000,1,0.74540000,1510.8700
1624666438758000,0,6.29999999,1515.1400
1624666438786000,0,0.00000001,1515.1400
1624666447464000,0,0.11082199,1516.7000
1624666447798000,0,0.00000001,1516.7000
1624666448163000,0,0.11000000,1516.6900
1624666448712000,0,0.11000000,1518.2200
1624666461029000,0,0.31240142,1520.6100
1624666463884000,1,5.80000000,1517.6600
1624666473638000,1,0.31240000,1515.4100
1624666494718000,0,2.40939075,1516.2000
1624666494781000,0,2.49969221,1516.2000
1624666507335000,0,0.67000000,1514.2900
1624666515348000,1,1.98130000,1510.4700
1624666515631000,1,0.67000000,1510.4800
1624666542293000,0,0.41393029,1516.7900
1624666591457000,0,0.05652645,1520.2400
1624666612025000,0,0.65844367,1519.7000
1624666612032000,0,0.00000001,1519.7000
1624666642810000,1,5.51072569,1519.7000
1624666662115000,0,8.86327050,1519.2400
1624666662186000,0,1.13672950,1519.2400
1624666696856000,0,0.16330412,1522.5000
1624666702409000,1,1.36473274,1520.6000
1624666724581000,0,0.06203402,1523.6800
1624666798982000,1,1.40000000,1524.8700
1624666855197000,0,1.19032243,1527.3700
1624666855206000,0,0.14767757,1527.3700
1624666855206000,0,0.65516769,1527.3800
1624666855206000,0,1.94340000,1527.4700
1624666874325000,0,3.04443269,1529.4500
1624666912238000,0,6.39999999,1526.4800
1624666912240000,0,0.00000001,1526.4800
1624666918112000,0,0.06362443,1526.9300
1624666937825000,0,0.06822317,1528.8100
1624666972627000,0,0.32465750,1525.3500
1624667012755000,1,1.74980000,1521.4800
1624667047983000,0,0.29985962,1526.7700
1624667056496000,0,5.56827911,1526.1800
1624667096431000,0,0.01928001,1521.8500
1624667100085000,0,3.40000000,1522.6000
1624667100166000,0,5.20000000,1522.6000
1624667258227000,0,0.64692848,1525.1000
1624667274961000,1,1.00000000,1525.2200
1624667346370000,1,5.48980250,1526.2900
1624667369315000,0,0.84625197,1528.5400
1624667373537000,1,0.64690000,1526.8000
1624667414654000,1,5.48612882,1527.6800
1624667453299000,0,1.40000000,1531.3300
1624667477294000,1,0.11885000,1534.7300
1624667478906000,0,0.69827464,1536.4500
1624667484019000,0,6.30000000,1538.3700
1624667485705000,0,0.02642973,1538.9300
1624667485728000,0,0.00000001,1538.9300
1624667488341000,1,0.23612000,1538.8000
1624667495627000,0,1.40000000,1541.9600
1624667495627000,0,6.29999999,1541.9700
1624667501447000,0,0.35500000,1542.6100
1624667506568000,1,6.30000000,1541.3500
1624667506568000,1,2.42749248,1541.2800
1624667506572000,1,0.48586889,1541.3000
1624667506607000,1,0.66817522,1541.2800
1624667506608000,1,0.68759124,1541.3600
1624667506609000,1,0.66362610,1541.3600
1624667506692000,1,1.89898593,1541.2800
1624667508662000,1,0.01998374,1541.3900
1624667508662000,1,0.01997803,1541.3700
1624667508667000,1,0.00000001,1541.3700
1624667509993000,1,0.61832659,1541.1000
1624667509993000,1,0.78167341,1540.8200
1624667514776000,1,0.01391468,1540.5800
1624667514776000,1,0.66720000,1540.5800
1624667514776000,1,1.17833576,1540.5700
1624667514779000,1,0.65256424,1540.5700
1624667525508000,0,0.02088731,1541.5100
1624667558545000,1,0.07538018,1539.5800
1624667569236000,0,0.42155232,1541.9600
1624667586271000,1,0.36699999,1536.4800
1624667606952000,1,5.44900000,1537.8700
1624667610208000,1,5.44800000,1538.8600
1624667628606000,1,0.01956188,1537.9600
1624667628606000,1,5.43143812,1537.9500
1624667661647000,0,0.03202315,1535.8300
1624667690306000,0,0.11488406,1538.2900
1624667690306000,0,0.65125594,1538.2900
1624667695126000,0,0.59526569,1539.3700
1624667723132000,1,5.45900000,1534.9800
1624667760355000,0,0.07167637,1535.1700
1624667826449000,0,0.43322723,1533.9600
1624667930176000,0,0.07927700,1527.7700
1624667936113000,1,1.40000000,1526.1100
1624667936113000,1,0.02653719,1526.1100
1624667956413000,0,1.39999999,1527.3500
1624667956430000,0,0.00000001,1527.3500
1624667964470000,0,1.88176184,1529.4900
1624667964983000,0,0.27907666,1530.1800
1624667972456000,0,0.32453861,1532.3400
1624668000243000,0,0.90429245,1530.5400
1624668017129000,0,0.64833986,1533.1300
1624668035572000,0,1.40900225,1533.4200
1624668067909000,1,0.92740000,1530.3200
1624668067909000,1,6.29999999,1530.3100
1624668067910000,1,0.00000001,1530.3100
1624668080333000,0,0.86174407,1532.7100
1624668081547000,0,6.30000000,1532.4400
1624668083114000,0,0.72783558,1533.3200
1624668094411000,1,0.01838122,1531.5400
1624668098799000,0,0.05340811,1533.5600
1624668103643000,0,0.17553497,1532.7900
1624668134663000,1,5.47100000,1532.1800
1624668136008000,1,5.47200000,1532.0100
1624668139451000,0,1.40000000,1532.6100
1624668140576000,0,0.20714284,1533.6600
1624668145356000,0,1.31000000,1534.1300
1624668199460000,1,5.46000000,1535.0400
1624668200497000,1,5.46099999,1534.9000
1624668220457000,1,1.39999999,1532.6400
1624668252712000,0,0.06471811,1535.9100
1624668316267000,0,0.79999999,1537.8300
1624668335713000,0,0.33303559,1537.9300
1624668374873000,0,4.09000000,1537.1900
1624668383614000,0,4.09000000,1537.7700
1624668406694000,0,6.29999999,1538.6000
1624668414155000,0,6.30000000,1540.8400
1624668436520000,0,5.44100000,1541.0300
1624668440554000,1,0.01385099,1538.9300
1624668440554000,1,0.01385099,1538.8400
1624668521952000,1,0.02627169,1536.6400
1624668565154000,0,0.05597562,1540.4900
1624668776263000,0,0.20976426,1536.9200
1624668836497000,0,0.22273079,1535.0900
1624668886489000,0,1.40000000,1536.7100
1624668896123000,0,0.74000000,1537.7500
1624668907076000,0,0.02672654,1538.4400
1624668934315000,1,1.40000000,1535.0900
1624668945519000,1,2.55000000,1535.3000
1624668976665000,0,0.09160568,1537.5100
1624669000058000,1,5.45842422,1535.8500
1624669080321000,0,0.12990860,1537.4400
1624669100267000,0,8.20000000,1537.9700
1624669181550000,0,3.57112000,1538.9400
1624669181564000,0,4.02888000,1538.9400
1624669200275000,0,0.01958238,1541.0700
1624669206141000,0,0.97906130,1541.5200
1624669206673000,0,0.36299999,1541.6800
1624669206719000,0,0.00000001,1541.6800
1624669318969000,0,3.85000000,1536.7400
1624669360846000,0,7.30399997,1535.3200
1624669369412000,1,0.37200000,1534.5200
1624669369412000,1,9.59360000,1534.5100
1624669401280000,1,5.46800000,1532.9300
1624669401747000,1,5.46900000,1532.9400
1624669419557000,0,5.40000000,1534.5400
1624669425662000,0,2.44000000,1535.4000
1624669426219000,0,4.46000000,1535.4000
1624669447615000,1,0.01555539,1535.8400
1624669448113000,1,0.01505193,1535.4900
1624669461600000,0,6.30000000,1535.1100
1624669473622000,0,2.94000000,1535.9300
1624669474430000,1,3.30000000,1535.9300
1624669474492000,1,0.70000000,1535.9300
1624669508711000,1,0.32432000,1534.0000
1624669518656000,0,2.28000000,1534.9700
1624669528446000,0,1.80000000,1535.4900
1624669637601000,1,0.00000203,1534.0000
1624669667855000,0,9.10000000,1532.3200
1624669678595000,1,5.47400000,1530.8700
1624669697401000,1,5.47499999,1530.7000
1624669698542000,1,5.47700000,1530.5700
1624669699414000,1,3.63876933,1530.5000
1624669699483000,1,1.83823067,1530.5000
1624669704024000,0,6.80000000,1531.3000
1624669722458000,0,6.30000000,1532.3100
1624669731531000,1,5.46700000,1533.3100
1624669756910000,1,0.19806005,1530.4500
1624669768922000,0,5.99999999,1532.4200
1624669802963000,0,3.25000000,1533.7900
1624669802990000,0,0.06992932,1533.7900
1624669803023000,0,0.78335029,1533.7900
1624669803239000,0,1.05840000,1534.1400
1624669803748000,0,0.28949426,1534.1400
1624669803771000,0,0.65755391,1534.1400
1624669803803000,0,1.54319912,1534.1400
1624669803875000,0,1.11375266,1534.1400
1624669803908000,0,2.19813331,1534.1400
1624669803959000,0,2.63946674,1534.1400
1624669831287000,0,6.48718567,1533.8300
1624669846515000,1,5.60566565,1530.4900
1624669850637000,1,1.05850000,1530.4200
1624669905486000,1,1.40000000,1526.1300
1624669905486000,1,6.29999999,1526.1000
1624669905487000,1,0.00000001,1526.1000
1624669905487000,1,4.11865574,1526.0300
1624669905537000,1,3.00000000,1526.0400
1624669905582000,1,0.85000000,1526.1900
1624669905597000,1,1.40000000,1526.1900
1624669905599000,1,1.23467055,1526.1900
1624669905624000,1,2.81532945,1526.1900
1624669905624000,1,6.60843023,1525.1900
1624669905624000,1,5.49350724,1525.1700
1624669905630000,0,19.89513308,1524.7800
1624669905937000,0,5.50100000,1525.0700
1624669908740000,1,0.61733000,1523.9100
1624669908836000,1,30.05457000,1523.9100
1624669912303000,0,1.40000000,1524.9000
1624669941074000,1,0.01408063,1524.4200
1624669941074000,1,25.18591937,1524.4100
1624669941318000,1,5.21290000,1524.4100
1624669950022000,0,10.11981528,1524.1700
1624669969192000,1,0.06837236,1522.3500
1624670019648000,0,1.40000000,1523.6200
1624670019648000,0,7.29999999,1523.6500
1624670038004000,0,0.03216696,1523.5400
1624670074835000,1,4.12301000,1524.7500
1624670079022000,1,4.12558000,1523.8500
1624670129519000,0,0.10000000,1523.9100
1624670145840000,0,8.56000000,1525.2800
1624670166645000,0,2.04000000,1526.7800
1624670166755000,0,6.16000000,1526.7800
1624670169033000,0,6.80000000,1527.6100
1624670209463000,0,6.30000000,1526.6500
1624670232580000,1,1.40000000,1524.9100
1624670232580000,1,3.40767280,1524.9000
1624670232581000,1,2.08808790,1524.9000
1624670245342000,0,9.02843760,1525.2100
1624670245349000,0,0.27156240,1525.2100
1624670250047000,0,0.85000000,1526.0500
1624670342810000,0,4.61492040,1523.4700
1624670362639000,0,4.08507000,1523.4700
1624670441215000,0,5.79999999,1521.9500
1624670453669000,1,4.13368000,1520.9500
1624670458924000,0,0.02863135,1521.5700
1624670459556000,1,6.30000000,1520.1000
1624670459559000,1,6.89200429,1519.9600
1624670460254000,0,0.03259304,1520.5200
1624670479250000,0,0.07256708,1519.6300
1624670489850000,1,3.13985928,1518.2700
1624670489896000,1,2.37886874,1518.2700
1624670548447000,0,6.60000000,1519.9800
1624670567611000,0,0.42095012,1519.4900
1624670618856000,0,6.30000000,1516.6400
1624670618861000,0,5.48812499,1516.6900
1624670618864000,0,3.01187501,1516.6900
1624670635586000,0,9.71654270,1519.2000
1624670695674000,1,4.14547981,1516.7100
1624670700466000,0,7.70000000,1517.6700
1624670708496000,0,8.20000000,1518.5000
1624670751876000,1,10.17590000,1517.1600
1624670762353000,0,2.01119999,1517.1100
1624670762356000,0,0.00000001,1517.1100
1624670762356000,0,7.10000000,1517.3000
1624670819000000,0,7.74990276,1516.9700
1624670836504000,0,1.40000000,1517.6100
1624670842127000,0,0.16357325,1519.6200
1624670882312000,0,0.73764545,1517.8100
1624670882313000,0,0.69161571,1517.8100
1624670882402000,0,0.33767130,1517.8100
1624670882402000,0,0.56387247,1517.8100
1624670882432000,0,0.56166985,1517.8100
1624670882434000,0,0.73127211,1517.8100
1624670882434000,0,0.48898316,1517.8100
1624670882434000,0,0.52863044,1517.8100
1624670882435000,0,0.50880680,1517.8100
1624670882435000,0,0.69162483,1517.8100
1624670882435000,0,0.45820788,1517.8100
1624670887218000,1,0.14000000,1519.7400
1624670926463000,1,1.40000000,1516.4100
1624670926463000,1,1.20502659,1516.4000
1624670927715000,0,7.70000000,1518.0700
1624670937164000,0,0.96000000,1518.4000
1624670937359000,0,8.44000000,1518.4000
1624670947970000,0,8.40000000,1518.5600
1624671078964000,0,0.42097228,1518.8700
1624671079863000,0,1.40000000,1518.7500
1624671079965000,0,3.76164623,1518.7500
1624671083039000,0,0.02198106,1519.5200
1624671175671000,1,0.14000000,1519.5900
1624671324207000,1,5.53600000,1514.1400
1624671382808000,1,5.53000000,1516.3300
1624671382808000,1,8.98400000,1516.3300
1624671481526000,0,7.60549999,1514.7200
1624671481772000,0,2.06750000,1514.8000
1624671486364000,0,0.06554986,1515.3200
1624671602415000,1,0.01323761,1510.8500
1624671602472000,1,3.00000000,1510.3600
1624671602472000,1,4.16255462,1510.1800
1624671602472000,1,0.65895364,1510.0000
1624671602472000,1,5.54986943,1510.0000
1624671605443000,0,2.00000000,1510.9800
1624671612466000,0,6.29999999,1511.6600
1624671621628000,1,0.62156000,1509.7000
1624671780972000,1,4.15474000,1513.2600
1624671780981000,1,0.00000614,1513.2600
1624671806789000,1,1.30059925,1512.9100
1624671899266000,0,7.60000000,1514.2800
1624671916530000,0,1.40000000,1517.0300
1624671916530000,0,8.93459777,1517.0400
1624671925531000,1,5.53000000,1515.9400
1624671926918000,1,5.52999999,1515.7800
1624671926930000,1,0.00000001,1515.7800
1624671935614000,1,6.30000000,1513.5900
1624671946494000,1,1.40000000,1511.8200
1624671946494000,1,6.30000000,1511.8100
1624671946494000,1,7.49613793,1511.3300
1624671952509000,0,1.68361770,1512.3600
1624671952512000,0,0.31328230,1512.3600
1624671952512000,0,5.54700000,1512.4300
1624671959257000,1,0.45129999,1510.3400
1624671959259000,1,0.00000001,1510.3400
1624672001882000,0,1.99690000,1513.4600
1624672013837000,0,4.79750000,1513.3900
1624672013871000,0,2.80250000,1513.3900
1624672046252000,0,1.99689999,1517.6000
1624672052817000,0,6.30000000,1519.3000
1624672110102000,1,6.29999999,1515.9800
1624672121283000,1,3.50149000,1514.7100
1624672141517000,1,5.54299999,1512.9900
1624672146581000,1,3.54890000,1512.8400
1624672148396000,0,6.29999999,1513.5500
1624672148468000,0,6.29999999,1513.2600
1624672148473000,0,0.00000001,1513.2600
1624672148473000,0,1.99690000,1513.4300
1624672153070000,0,0.32900000,1515.4900
1624672165513000,0,0.16398143,1516.9400
1624672276521000,0,1.97870000,1520.7500
1624672276521000,0,3.50948858,1520.8300
1624672286364000,1,5.51900000,1519.1100
1624672437710000,0,0.32226429,1520.8600
1624672467850000,1,0.74453524,1522.6100
1624672547761000,1,0.37226762,1523.8300
1624672616503000,1,0.90000000,1526.3500
1624672619705000,1,0.01540025,1526.2400
1624672640686000,0,0.80000000,1529.2400
1624672643547000,1,0.03093514,1530.7000
1624672643672000,1,0.00000001,1530.7000
1624672654062000,1,0.02913666,1529.6900
1624672654062000,1,0.00000001,1529.6900
1624672687608000,0,1.95760000,1532.4800
1624672687616000,0,0.80000000,1533.0200
1624672696544000,0,10.35660761,1532.8700
1624672722050000,1,0.18613382,1532.2700
1624672730057000,1,0.02461661,1533.1900
1624672730057000,1,0.00000001,1533.1900
1624672737635000,1,2.09880905,1533.3200
1624672752822000,0,0.32425970,1530.7700
1624672802231000,1,0.19370620,1529.2600
1624672805287000,0,0.42138197,1533.0800
1624672830797000,0,0.39130468,1534.6400
1624672925673000,0,0.03658000,1530.3900
1624672934269000,0,0.41824167,1529.0000
1624673030009000,0,0.56515708,1529.5000
1624673034022000,0,0.09785528,1529.8900
1624673035822000,1,0.02027523,1528.4500
1624673041516000,0,0.47394179,1529.9900
1624673042048000,0,0.12955310,1530.1100
1624673370343000,0,1.52270000,1534.6200
1624673545538000,1,4.10650513,1530.9900
1624673548947000,1,4.10687126,1530.9500
1624673548947000,1,1.36742874,1530.6900
1624673549025000,1,4.10696164,1530.6900
1624673570830000,0,1.26473220,1530.7500
1624673572256000,0,0.02581085,1530.7500
1624673596523000,0,1.50303324,1532.9800
1624673596601000,0,8.41864326,1532.9800
1624673735029000,1,0.80949999,1532.3500
1624673735050000,1,0.00000001,1532.3500
1624673896509000,1,9.89055302,1526.5100
1624673896509000,1,1.33924684,1526.4200
1624673969042000,0,6.21000000,1527.8900
1624673989872000,0,9.70000000,1527.1100
1624674076506000,0,1.40000000,1526.4500
1624674076506000,0,8.80946897,1526.5500
1624674083544000,1,5.49599999,1525.3700
1624674083550000,1,0.00000001,1525.3700
1624674089627000,1,1.39999999,1524.8000
1624674177868000,0,0.27004103,1523.3400
1624674236073000,0,7.90000000,1525.0400
1624674240870000,0,7.09999999,1525.8700
1624674240926000,0,0.00000001,1525.8700
1624674286515000,1,1.86951722,1521.8200
1624674304158000,0,0.31817323,1523.6600
1624674334223000,1,0.67084000,1522.6600
1624674578652000,1,5.51700000,1519.7000
1624674608747000,1,2.77698728,1518.0200
1624674608902000,1,2.74501272,1518.0200
1624674609406000,1,5.52199999,1518.0000
1624674740595000,0,3.68000000,1518.0500
1624674756514000,1,0.03365200,1515.3300
1624674772703000,0,8.80000000,1516.8800
1624674806826000,0,5.59999999,1516.0100
1624674807036000,0,0.00000001,1516.0100
1624674819964000,0,7.29999999,1518.0100
1624674819985000,0,0.00000001,1518.0100
1624674832747000,0,0.08092230,1519.2000
1624674886460000,1,6.30000000,1514.6800
1624674886460000,1,1.40000000,1514.6800
1624674886460000,1,3.42641579,1514.6100
1624674891863000,0,6.72000000,1516.0400
1624674892567000,0,1.88000000,1516.0400
1624674895633000,0,1.40000000,1516.6300
1624674898523000,0,6.80000000,1516.8700
1624674944775000,0,3.14000000,1515.9000
1624674944824000,0,5.76000000,1515.9000
1624674968817000,0,0.19180280,1516.2900
1624674981042000,1,5.53336677,1515.0800
1624675009903000,0,1.31000000,1515.7500
1624675010384000,0,8.19000000,1515.7500
1624675158079000,0,0.06558191,1512.9400
1624675168769000,0,9.20000000,1513.2600
1624675173761000,0,0.16660000,1514.1000
1624675215501000,0,0.31000000,1512.2000
1624675242444000,1,4.16054116,1511.7200
1624675256306000,1,4.16089000,1511.6500
1624675256306000,1,0.00000908,1511.6500
1624675256683000,1,5.54786000,1511.4600
1624675264506000,0,0.50170868,1512.4000
1624675264530000,0,6.49829132,1512.4000
1624675264843000,0,1.00613847,1512.8600
1624675264860000,0,0.70345446,1512.8600
1624675291502000,0,6.69999999,1514.4900
1624675291531000,0,0.00000001,1514.4900
1624675297459000,0,6.99620000,1515.3200
1624675297568000,0,0.60379999,1515.3200
1624675297651000,0,0.00000001,1515.3200
1624675350093000,0,5.56000000,1516.7700
1624675352154000,0,1.18000000,1516.7700
1624675352747000,0,2.26000000,1516.7700
1624675357449000,0,6.89999999,1517.5700
1624675357499000,0,0.00000001,1517.5700
1624675397553000,0,2.79000000,1517.6900
1624675398055000,0,1.45000000,1517.6900
1624675417512000,0,0.04975664,1518.5200
1624675417649000,0,4.57000000,1518.5200
1624675418070000,0,2.40000000,1518.5200
1624675418559000,0,0.10000000,1518.5200
1624675418749000,0,0.99690079,1518.5200
1624675441680000,1,4.14160000,1518.0200
1624675479299000,1,0.12000000,1519.0300
1624675488486000,0,7.70000000,1521.9100
1624675493374000,0,4.58834642,1522.4100
1624675493375000,0,1.71165358,1522.4100
1624675625004000,0,6.30000000,1527.4900
1624675771697000,1,0.01311877,1525.9400
1624675772520000,0,0.27307196,1527.0500
1624675776537000,0,0.11404484,1528.5900
1624675841203000,0,0.14000000,1527.4000
1624675841203000,0,0.63529748,1527.4100
1624675841224000,0,0.49955243,1527.4100
1624675841226000,0,6.06515009,1527.4100
1624675876463000,1,1.40000000,1523.6600
1624675876463000,1,0.88315792,1523.6500
1624675880485000,0,1.40000000,1525.1100
1624675918328000,0,0.02566154,1527.9000
1624675924802000,0,0.08584671,1527.5000
1624675925809000,0,0.15524122,1527.5000
1624675934804000,0,0.07762018,1527.5000
1624676207895000,0,1.49493331,1529.4700
1624676316489000,1,4.11314000,1528.7600
1624676350870000,0,0.12619584,1529.1500
1624676352098000,1,4.11518104,1528.0900
1624676354879000,1,4.11653684,1527.4300
1624676358619000,1,1.40000000,1526.5400
1624676371113000,0,2.88120000,1526.4000
1624676433705000,0,0.22308774,1530.1400
1624676433724000,0,0.22308774,1530.1400
1624676433741000,0,0.22306677,1530.1400
1624676518280000,0,0.73189000,1531.8400
1624676518667000,0,3.50000000,1531.8400
1624676518774000,0,1.65020000,1531.8400
1624676518855000,0,0.51791000,1531.8400
1624676537909000,0,0.10055612,1532.1000
1624676543460000,1,5.47699999,1530.8000
1624676543465000,1,0.00000001,1530.8000
1624676549751000,1,5.47800000,1530.2000
1624676558824000,1,5.47999999,1530.1900
1624676611349000,1,5.47400000,1531.0800
1624676617475000,1,5.47799999,1530.3400
1624676656835000,0,1.05296394,1529.7200
1624676658595000,0,7.24000000,1529.7200
1624676702957000,0,0.41804456,1531.4100
1624676703571000,0,0.19055298,1531.4100
1624676793012000,1,5.47100000,1532.6200
1624676864673000,1,0.45562229,1533.2700
1624676926342000,0,9.00000000,1534.6400
1624676934656000,1,4.69987918,1533.7100
1624676950065000,0,0.10000000,1535.2000
1624676950070000,0,6.40000000,1535.2000
1624677021113000,0,8.60000000,1534.5900
1624677146975000,0,8.50000000,1532.8300
1624677155255000,1,0.01334300,1532.1400
1624677309428000,0,0.91006393,1527.4300
1624677309445000,0,0.69492034,1527.4300
1624677309447000,0,0.74051880,1527.4300
1624677323475000,1,0.02046927,1528.7300
1624677359229000,0,1.21495897,1528.8600
1624677499284000,0,0.32534923,1523.6600
1624677566443000,1,5.50700000,1522.2000
1624677573865000,0,3.20286162,1522.2700
1624677573881000,0,3.09713838,1522.2700
1624677769107000,0,5.90000000,1522.4900
1624677774430000,0,5.50800000,1523.1700
1624677774430000,0,8.94799999,1523.1700
1624677774444000,0,0.00000001,1523.1700
1624677865830000,0,8.91671854,1522.1200
1624677866064000,0,0.88328000,1522.1200
1624677934697000,1,6.29999999,1521.4000
1624677948694000,0,1.72500068,1522.3600
1624677948708000,0,6.67499932,1522.3600
1624677957729000,0,3.60660807,1523.4200
1624677957731000,0,6.29339193,1523.4200
1624677968295000,0,1.00000000,1527.1700
1624677968492000,0,0.00770000,1527.1700
1624677976455000,0,4.93066576,1529.6900
1624677979293000,1,0.03760303,1528.2800
1624677997094000,1,0.05774052,1529.0100
1624677997119000,1,0.00000001,1529.0100
1624678066521000,1,10.08623479,1525.1600
1624678080412000,0,0.03231282,1526.6900
1624678084026000,0,0.12000000,1526.8300
1624678084057000,0,0.55000000,1526.8300
1624678115264000,0,10.00000000,1531.0500
1624678201876000,0,0.06000000,1529.6300
1624678201880000,0,3.29583167,1529.6300
1624678383234000,0,0.36557358,1532.0400
1624678390222000,0,3.38000000,1532.0400
1624678390265000,0,4.85442642,1532.0400
1624678492607000,0,0.08776300,1528.2700
1624678507136000,0,0.05711244,1527.5700
1624678510972000,0,9.10000000,1527.7600
1624678527843000,0,0.06672000,1529.4200
1624678527938000,0,1.53097921,1529.4200
1624678528045000,0,0.37067956,1529.4200
1624678528050000,0,3.62362756,1529.4200
1624678528435000,0,0.50799367,1529.4200
1624678546486000,0,9.93521571,1531.7800
1624678546486000,0,0.12100000,1531.7900
1624678556386000,0,0.38510768,1531.4900
1624678653172000,0,0.30000000,1532.2700
1624678653437000,0,6.40000000,1532.2700
1624678923636000,0,0.07113291,1535.6800
1624678946873000,0,3.01480786,1534.6400
1624678989170000,0,5.00000000,1533.9000
1624678989226000,0,1.50000000,1533.9000
1624679124599000,0,0.05874600,1529.9800
1624679129727000,0,0.06216600,1530.1900
1624679224935000,0,0.01881906,1529.1200
1624679225722000,1,0.07000000,1527.7200
1624679306137000,0,0.22844084,1531.4300
1624679359177000,0,6.35000000,1530.9700
1624679359204000,0,0.11307899,1530.9700
1624679359235000,0,0.53692101,1530.9700
1624679419696000,1,3.03800000,1532.5500
1624679582911000,0,0.05000000,1533.4100
1624679638740000,0,0.45331945,1532.8200
1624679736116000,1,4.10160710,1532.7600
1624679771620000,1,4.10596876,1531.5100
1624679771715000,1,4.10596876,1531.5100
1624679771715000,1,1.36853124,1531.3500
1624679811095000,0,0.03252590,1529.5500
1624679828143000,0,1.00038643,1529.5500
1624679841182000,1,5.48599999,1528.0800
1624679853637000,1,6.30000000,1528.4300
1624679853637000,1,4.11431805,1528.3600
1624679857615000,1,4.11586045,1527.7700
1624679857731000,1,0.94036000,1527.7700
1624679878325000,1,5.49200000,1525.8000
1624679882353000,1,1.40000000,1525.6800
1624679882353000,1,5.49300000,1525.6000
1624679978938000,0,0.06516599,1526.8700
1624679992756000,0,0.13043620,1525.6500
1624680000052000,0,1.17190000,1525.8100
1624680027864000,0,0.09197868,1529.8000
1624680039411000,1,4.11150000,1529.4400
1624680052836000,0,1.23900000,1530.1700
1624680127431000,0,0.01946694,1531.0800
1624680142104000,1,4.10860000,1529.9600
1624680176954000,1,0.00007998,1529.9600
1624680176954000,1,0.22572002,1529.7700
1624680215436000,0,0.03193718,1530.7000
1624680259470000,0,0.03238735,1532.3100
1624680506732000,1,4.10202334,1532.5300
1624680526515000,1,0.00001126,1529.4400
1624680526515000,1,6.30000000,1529.4400
1624680526515000,1,3.00000000,1528.7200
1624680526515000,1,1.92838554,1528.7000
1624680588322000,0,0.07149500,1527.7200
1624680596410000,0,0.19216641,1527.6100
1624680612586000,0,5.58000000,1527.7200
1624680622950000,1,0.08575776,1528.0400
1624680683561000,0,0.13641735,1528.0600
1624680786882000,1,1.40000000,1526.5700
1624680786882000,1,3.60000000,1526.5600
1624680838625000,0,1.32850000,1525.8300
1624680865231000,0,0.18047214,1527.6600
1624681033270000,0,1.00000000,1532.6400
1624681033660000,1,1.40000000,1531.2600
1624681033660000,1,23.80000000,1531.2100
1624681053877000,0,0.12853216,1530.7900
1624681176972000,1,0.13000000,1527.4800
1624681196609000,0,0.10000000,1528.1900
1624681197073000,0,0.01302194,1528.1900
1624681202849000,0,1.15850000,1528.1900
1624681430540000,1,4.12563000,1523.9900
1624681439223000,1,0.54815081,1523.1500
1624681466660000,1,5.50126897,1523.7500
1624681491019000,0,0.01951099,1523.0400
1624681508672000,0,1.40000000,1524.5900
1624681508672000,0,6.82345317,1524.5900
1624681508672000,0,6.30000000,1524.6000
1624681508672000,0,3.00000000,1524.6000
1624681508673000,0,6.30000000,1524.5200
1624681508674000,0,8.94000000,1524.8000
1624681514386000,0,0.25873500,1526.3900
1624681525545000,1,1.40000000,1523.5800
1624681531767000,0,5.50199999,1524.1100
1624681532018000,0,6.30000000,1524.1800
1624681568533000,0,8.07900000,1527.8200
1624681568974000,0,0.23821606,1528.4900
1624681576542000,0,4.58944603,1527.9900
1624681611254000,0,0.16234362,1528.2700
1624681797121000,1,4.11831734,1526.6100
1624681797194000,1,3.19165880,1526.6100
1624681797194000,1,0.82237605,1526.6100
1624681797195000,1,0.50190167,1526.6100
1624681797196000,1,0.97506348,1526.6100
1624681816802000,0,1.59451697,1527.3900
1624681816961000,0,6.16148303,1527.3900
1624681837159000,0,0.06489965,1530.4000
1624682036486000,0,0.07933045,1532.6000
1624682185523000,0,0.41777328,1531.3000
1624682226105000,0,0.02592325,1531.4900
1624682241783000,1,0.76100000,1529.8400
1624682548599000,0,0.13984792,1533.1800
1624682668743000,0,0.03244826,1533.2100
1624682711955000,0,0.69808075,1534.9800
1624682740686000,0,0.01939937,1533.8600
1624682749466000,0,1.40000000,1534.5700
1624682749466000,0,0.42471034,1534.5800
1624682778833000,0,6.30000000,1533.0300
1624682778833000,0,6.30000000,1533.1100
1624682778833000,0,4.10566535,1533.1400
1624682865216000,0,0.02975901,1535.2700
1624682881657000,1,1.40000000,1533.8800
1624682897828000,0,0.03880362,1535.7900
1624682981345000,0,0.10244824,1534.6600
1624683007017000,0,9.63020000,1535.0700
1624683093905000,0,0.01296036,1535.4500
1624683106336000,1,0.15004609,1533.5300
1624683174638000,0,0.84407269,1535.2600
1624683233262000,0,0.29321782,1538.1400
1624683233264000,0,6.00678218,1538.1400
1624683233264000,0,1.40000000,1538.1400
1624683251995000,0,3.71425139,1540.7900
1624683254031000,0,0.92656022,1540.7900
1624683256240000,0,0.23156117,1540.7100
1624683258153000,0,0.05790050,1540.6300
1624683260141000,0,0.01448271,1540.6400
1624683299347000,1,0.80797861,1540.3400
1624683304241000,0,0.01323761,1541.0600
1624683304248000,0,0.61578304,1542.2100
1624683304265000,0,0.41211851,1541.9100
1624683308235000,0,0.91749763,1542.3800
1624683313982000,1,3.28900000,1540.9400
1624683365107000,1,5.80544805,1540.0000
1624683373198000,0,0.25892179,1540.2000
1624683373867000,1,6.30000000,1539.2800
1624683373867000,1,8.85000000,1539.2800
1624683419866000,1,1.40000000,1539.3100
1624683556666000,0,0.46151254,1540.1700
1624683596614000,0,0.31866516,1539.6100
1624683600300000,0,1.07524967,1539.6100
1624683654896000,0,0.53827721,1544.1300
1624683665959000,1,0.94990000,1542.2100
1624683737244000,0,1.40000000,1544.9000
1624683737244000,0,8.82700000,1544.9100
1624683741946000,1,1.00135030,1545.4600
1624683749851000,0,0.10055612,1549.0000
1624683751510000,0,39.66120000,1549.5200
1624683752550000,0,0.96982626,1549.5200
1624683752551000,0,5.70291457,1549.5200
1624683752584000,0,0.43251370,1549.5200
1624683752611000,0,2.26875361,1549.5200
1624683752646000,0,0.40771468,1549.5200
1624683753028000,0,0.51020940,1549.5200
1624683753152000,0,5.07618803,1549.5200
1624683753152000,0,3.27505269,1549.5200
1624683753242000,0,0.04386554,1549.5200
1624683753278000,0,0.22405988,1549.5200
1624683753474000,0,12.93640277,1549.5200
1624683759034000,1,6.29999999,1547.9300
1624683760934000,1,5.41499999,1547.7700
1624683767302000,1,0.02105407,1547.0300
1624683768275000,0,0.64828667,1547.6300
1624683778305000,0,0.44377533,1547.6700
1624683794344000,0,0.03516338,1548.0500
1624683795736000,0,4.06508459,1548.2800
1624683798040000,0,3.21780000,1549.5200
1624683798367000,0,0.00009887,1549.5200
1624683801250000,0,1.40000000,1551.4600
1624683801250000,0,4.89999999,1551.4800
1624683804806000,0,0.53540359,1551.7800
1624683804953000,1,1.17594844,1549.0500
1624683805846000,0,0.11281260,1551.6300
1624683807261000,1,1.39999999,1550.3200
1624683812055000,1,0.03699999,1549.4100
1624683812056000,1,0.00000001,1549.4100
1624683815522000,0,0.08573915,1550.4600
1624683820309000,0,0.26036708,1551.7200
1624683821334000,0,0.07592034,1551.7200
1624683831788000,1,0.02799999,1550.2900
1624683833132000,1,0.00000001,1550.2900
1624683842630000,1,0.02100000,1549.3900
1624683847391000,0,1.49949490,1551.9000
1624683847395000,0,4.45401502,1551.9000
1624683848467000,0,0.02100000,1552.9000
1624683850412000,0,0.07460000,1552.8900
1624683853722000,1,0.14000000,1552.0800
1624683862116000,0,0.93171221,1553.3000
1624683868732000,1,1.30720000,1551.3800
1624683869608000,0,1.17510000,1550.6000
1624683870298000,0,0.00008018,1550.6000
1624683883212000,1,3.27644093,1550.7900
1624683883236000,1,5.00155907,1550.7900
1624683904220000,0,0.10000000,1551.1500
1624683910338000,0,1.40000000,1550.6900
1624683910338000,0,0.22390146,1550.7000
1624683914031000,0,0.07460000,1551.1600
1624683916548000,1,0.03997676,1550.1000
1624683954106000,0,0.32006779,1549.3400
1624683959614000,1,2.79480000,1547.7200
1624683980806000,0,0.32097005,1550.0200
1624684006608000,0,0.03203425,1548.5400
1624684015836000,1,3.42430000,1546.7100
1624684025785000,0,0.03205722,1547.8000
1624684099418000,1,1.40000000,1545.7700
1624684099418000,1,6.30000000,1545.7600
1624684200265000,0,0.20899218,1546.3100
1624684243582000,0,0.10018400,1544.5300
1624684269546000,1,4.07428409,1542.7900
1624684269546000,1,8.83100000,1542.7000
1624684269546000,1,4.70615825,1542.7000
1624684319395000,1,0.03243116,1543.0000
1624684482112000,1,6.29999999,1545.3800
1624684482113000,1,0.00000001,1545.3800
1624684482113000,1,8.81500000,1545.3000
1624684482113000,1,6.30000000,1545.3000
1624684482354000,1,0.32100000,1544.5800
1624684500992000,0,0.38542864,1545.1100
1624684560314000,0,0.32054872,1543.2400
1624684587203000,1,5.43900000,1540.7100
1624684657176000,1,0.04898224,1539.5000
1624684671354000,0,0.01932671,1540.2500
1624684741771000,0,0.11692647,1539.6000
1624684754187000,0,0.03151328,1541.4800
1624684844874000,0,0.05000000,1540.2100
1624684971727000,0,0.51630072,1537.7100
1624685040297000,0,0.02249933,1537.3200
1624685148828000,1,0.28737486,1537.6100
1624685177894000,0,0.03227005,1537.8300
1624685293350000,0,0.12616697,1539.3100
1624685373280000,0,7.48532726,1540.7000
1624685373281000,0,4.68167274,1540.7000
1624685503149000,0,0.09457817,1539.1500
1624685511271000,1,1.05296394,1538.1500
1624685520447000,0,1.63129731,1538.9100
1624685523669000,0,4.08000000,1538.6400
1624685582312000,1,5.45200000,1536.7300
1624685601088000,1,5.45500000,1536.2100
1624685620418000,1,0.31150000,1535.8500
1624685744963000,1,5.45950000,1534.2600
1624685744988000,1,0.00005182,1534.2600
1624685795564000,0,0.37485906,1535.8500
1624685872368000,0,0.07512740,1535.1800
1624685958994000,0,0.04525900,1535.0400
1624685985711000,1,0.37490000,1534.3100
1624685985711000,1,0.16337721,1534.3000
1624686058290000,0,0.01421166,1534.9800
1624686122203000,0,0.32969690,1534.9900
1624686162598000,1,0.79999999,1533.1300
1624686162599000,1,0.00000001,1533.1300
1624686162601000,1,5.46623173,1533.0400
1624686162601000,1,5.46635028,1533.0000
1624686282657000,1,0.09016294,1534.0300
1624686297867000,0,0.03198903,1535.0600
1624686341801000,0,0.50000000,1535.8500
1624686368841000,0,0.33600711,1535.9200
1624686420680000,1,0.50000000,1533.0000
1624686567852000,1,6.30000000,1533.0800
1624686567852000,1,3.70000000,1533.0600
1624686600301000,0,0.01948696,1534.2800
1624686678764000,1,0.14000000,1533.1900
1624686715753000,1,0.62490000,1534.3700
1624686768340000,0,0.76490000,1537.3300
1624686851222000,0,0.32294413,1537.9700
1624686858178000,0,0.12976617,1537.9200
1624686907295000,0,0.06134356,1540.8300
1624686956651000,0,0.31848270,1539.5000
1624686964365000,1,0.04170635,1538.1000
1624687049208000,1,0.01421166,1534.2300
1624687074767000,0,0.03232344,1534.8500
1624687083786000,0,0.07759697,1534.4700
1624687248342000,1,4.08510000,1539.0600
1624687249271000,1,0.00004593,1539.0600
1624687276519000,1,0.20730000,1533.5000
1624687276519000,1,6.30000000,1533.4900
1624687276519000,1,0.49838940,1533.4100
1624687308143000,1,4.09827000,1534.4600
1624687309291000,1,0.00000242,1534.4600
1624687309291000,1,5.46435758,1534.3300
1624687324437000,1,0.00000565,1534.3300
1624687324437000,1,4.09856435,1534.1500
1624687329754000,0,1.01304000,1534.7900
1624687343029000,1,50.40000000,1536.4800
1624687350750000,1,7.90698000,1536.4800
1624687350811000,1,0.73522000,1536.4800
1624687361901000,0,1.01304000,1537.2000
1624687361901000,0,3.00000000,1537.5000
1624687361901000,0,4.01657145,1537.5100
1624687361907000,0,9.10642855,1537.5100
1624687361907000,0,2.06090000,1537.5300
1624687361907000,0,6.30000000,1537.5400
1624687361907000,0,0.10685954,1537.6400
1624687382513000,0,0.02386584,1540.2000
1624687428196000,1,4.08460000,1539.5200
1624687428285000,1,0.00000596,1539.5200
1624687428285000,1,4.04999404,1539.4000
1624687440258000,0,0.06676168,1540.0400
1624687546848000,0,0.16175059,1541.8800
1624687560276000,0,0.16013199,1543.2200
1624687667399000,0,0.03793244,1541.7700
1624687678490000,0,0.19836204,1542.1500
1624687694969000,0,0.07435869,1543.5000
1624687696520000,0,6.30000000,1543.4400
1624687711452000,0,0.64352606,1546.2000
1624687730492000,0,0.06421483,1545.3800
1624687743986000,0,0.08028360,1545.8200
1624687778044000,0,0.12744045,1545.8000
1624687816312000,1,0.03262800,1544.3400
1624687819641000,0,0.03162673,1546.4600
1624687845241000,0,0.15085703,1544.7600
1624687919530000,0,0.03535660,1543.6100
1624687920249000,0,0.01921785,1543.6100
1624687942743000,0,2.24700000,1544.1700
1624687944738000,0,0.03167180,1545.6100
1624687950308000,0,0.02892736,1545.7700
1624688022145000,0,6.30000000,1544.4400
1624688022145000,0,10.34209357,1544.4900
1624688022145000,0,4.07621566,1544.5100
1624688022145000,0,6.30000000,1544.5400
1624688022198000,1,0.85000000,1544.6300
1624688022199000,1,5.10573784,1544.6300
1624688042746000,0,0.30000000,1544.3300
1624688148486000,0,0.06433137,1541.7400
1624688173153000,1,0.01946400,1539.4000
1624688198387000,1,8.05000000,1540.0700
1624688198660000,1,1.95000000,1540.0700
1624688229022000,1,5.45057764,1538.3300
1624688235932000,0,2.02920000,1539.0500
1624688253673000,0,0.09027483,1538.9200
1624688260080000,1,0.01640000,1537.6600
1624688281170000,0,0.04192908,1538.0600
1624688286194000,0,0.09676045,1538.2500
1624688336933000,0,0.36923767,1538.6000
1624688339511000,0,0.03223023,1538.4300
1624688367251000,0,1.01170000,1537.3100
1624688375873000,0,4.09584797,1536.9500
1624688375874000,0,0.00000001,1536.9500
1624688396543000,0,0.19122371,1539.3000
1624688447311000,0,0.01997397,1542.3000
1624688504049000,0,1.27631741,1541.5700
1624688505483000,0,0.20152932,1541.7800
1624688506673000,0,0.07471500,1541.7000
1624688510692000,0,0.99923458,1541.5100
1624688516868000,0,0.03170218,1542.0500
1624688520303000,0,0.04816268,1542.0800
1624688590689000,1,0.03277838,1539.3300
1624688636048000,1,0.65966959,1537.9700
1624688711807000,0,0.01289812,1542.8600
1624688769892000,0,1.27631742,1541.8600
1624688769892000,0,1.94053176,1542.3900
1624688799368000,0,0.32815567,1542.6200
1624688813226000,0,0.03217089,1542.5500
1624688823760000,1,15.03936489,1539.3800
1624688823990000,1,0.80000000,1539.4600
1624688823990000,1,0.72810000,1539.3800
1624688824240000,1,5.02764293,1539.3800
1624688824262000,1,22.50000000,1539.3800
1624688831608000,0,0.05150630,1539.7700
1624688838679000,0,0.03425300,1540.5000
1624688840949000,0,0.85825381,1540.5000
1624688936460000,0,1.59241168,1540.5900
1624688967376000,1,0.31140000,1537.8100
1624689002837000,0,0.90923662,1541.5000
1624689040303000,0,1.00000000,1540.6500
1624689059882000,0,0.10000000,1538.8000
1624689173387000,1,0.03357713,1536.9500
1624689173775000,0,1.01290281,1538.1200
1624689240256000,0,0.67797416,1536.9700
1624689295690000,1,0.51393145,1535.6300
1624689330788000,0,0.29599000,1536.9100
1624689416312000,0,0.31853222,1537.0600
1624689419582000,0,0.01936987,1536.5200
1624689444121000,0,8.00000000,1535.3600
1624689456890000,0,0.06460185,1535.9300
1624689480301000,0,0.18496363,1536.0700
1624689516438000,1,1.22689902,1535.0700
1624689525137000,0,0.32298196,1535.8500
1624689575708000,1,5.05000000,1534.5500
1624689621754000,1,0.02763805,1533.3000
1624689642150000,0,0.05615579,1533.7200
1624689701938000,0,0.03882914,1533.0800
1624689705025000,1,3.88307324,1531.7800
1624689714720000,1,1.22690000,1530.3200
1624689743324000,1,0.14518773,1524.4400
1624689743339000,1,0.00000001,1524.4400
1624689743908000,1,8.19080616,1522.8900
1624689746912000,1,0.79999999,1522.7300
1624689746921000,1,0.00000001,1522.7300
1624689747124000,1,0.61660643,1522.6100
1624689761471000,0,1.40000000,1526.6100
1624689761471000,0,6.30000000,1526.6200
1624689774166000,0,1.40000000,1526.4500
1624689774166000,0,6.30000000,1526.4600
1624689774166000,0,3.00000000,1526.5100
1624689774166000,0,9.30000000,1526.6100
1624689817542000,1,1.39999999,1524.1300
1624689853322000,1,0.13682794,1523.3000
1624689873821000,0,2.00000000,1521.9300
1624689881395000,0,9.79350000,1523.4600
1624689900472000,1,0.68222921,1521.6800
1624689901073000,0,1.40000000,1523.4900
1624689901073000,0,2.09580000,1523.5000
1624689912024000,1,0.39267641,1522.5600
1624689913200000,0,0.03500000,1523.7600
1624689925563000,0,0.01953465,1524.0800
1624689927143000,0,1.85245000,1524.2200
1624689929233000,0,0.14000000,1525.0700
1624689929233000,0,8.35999999,1525.0800
1624689929421000,0,0.14000000,1525.0800
1624689929423000,0,0.00000001,1525.0800
1624689949467000,1,1.40000000,1521.1000
1624689955368000,1,0.04934210,1520.0000
1624689955578000,1,0.00000001,1520.0000
1624689968803000,1,0.00000652,1518.0200
1624689972138000,1,0.14000000,1517.6800
1624689972138000,1,0.36010000,1517.6700
1624689972138000,1,6.30000000,1517.6600
1624689972141000,1,3.00000000,1517.6800
1624689973293000,0,0.13786000,1518.0200
1624689974986000,1,0.01762005,1517.5000
1624689976552000,1,0.00000001,1517.5000
1624689979990000,0,1.40000000,1517.4700
1624689979993000,0,1.39765093,1517.4800
1624689979994000,0,0.65357945,1517.4800
1624689984872000,0,0.50893460,1517.7500
1624689994922000,1,0.11836274,1515.4800
1624690006740000,0,7.70000000,1517.8800
1624690009848000,0,0.00000379,1518.0200
1624690014050000,0,1.31440136,1520.0000
1624690023274000,1,1.40000000,1518.6300
1624690029436000,1,1.19610000,1518.1900
1624690037653000,0,1.17035728,1518.0400
1624690047122000,1,5.00000000,1516.0200
1624690073962000,1,0.99908276,1517.3100
1624690074746000,1,4.14512609,1517.5600
1624690080279000,0,0.10802142,1517.4200
1624690093472000,1,0.13808047,1516.0000
1624690110296000,0,0.39245422,1518.1200
1624690164861000,0,0.02418169,1518.1800
1624690192939000,1,1.05898346,1516.5200
1624690192940000,1,4.47209223,1516.5200
1624690213422000,1,0.13826033,1516.2700
1624690223021000,0,0.85000000,1518.5200
1624690223045000,0,1.20220000,1518.5200
1624690224542000,0,5.80544000,1518.0000
1624690224566000,0,0.00000805,1518.0000
1624690230428000,0,2.05219999,1519.5100
1624690231319000,0,5.49999999,1519.9900
1624690267122000,0,0.09797538,1517.9900
1624690269111000,0,0.03265652,1517.4900
1624690309076000,0,0.03275027,1514.6400
1624690333406000,1,0.13860503,1513.8700
1624690374833000,0,1.06010000,1515.5300
1624690374906000,0,3.71670000,1515.5300
1624690421384000,0,0.04075658,1516.8100
1624690440325000,0,0.03163646,1515.6600
1624690443452000,0,0.03274292,1515.6600
1624690454612000,1,0.12977279,1512.7000
1624690459797000,0,4.20000000,1514.1000
1624690459849000,0,1.40580000,1514.1000
1624690459890000,0,3.65000000,1514.1000
1624690459922000,0,1.07630000,1514.1000
1624690460047000,0,1.38360000,1514.1000
1624690460052000,0,4.45000000,1514.1000
1624690460124000,0,4.45000000,1514.1000
1624690460226000,0,8.55000000,1514.1000
1624690460292000,0,3.80834707,1514.1000
1624690484053000,0,0.09826832,1514.9200
1624690498567000,1,4.15367235,1514.5500
1624690515056000,0,0.54089910,1515.9400
1624690517112000,0,0.33082781,1515.7000
1624690573858000,0,0.02667695,1515.5200
1624690613594000,0,1.39999999,1517.4100
1624690658163000,0,1.01213848,1515.8400
1624690658206000,0,5.00000000,1515.8400
1624690677278000,0,0.16200006,1515.9800
1624690689869000,0,2.05220000,1516.9200
1624690697351000,0,0.03273407,1517.5400
1624690717934000,1,0.98990000,1514.8900
1624690717934000,1,6.30000000,1514.8800
1624690717934000,1,2.71010000,1514.7900
1624690806744000,0,0.04579886,1516.0400
1624690820278000,1,0.05008796,1516.2700
1624690872340000,0,0.06531176,1518.8500
1624690876541000,1,2.00000000,1516.1700
1624690876541000,0,2.00000000,1516.2000
1624690876836000,1,1.00000000,1516.2300
1624690891129000,0,0.13079221,1515.9100
1624690892051000,1,0.80000000,1513.4000
1624690892051000,1,1.20000000,1513.3600
1624690903704000,0,1.40000000,1516.5500
1624690903704000,0,6.29999999,1516.5600
1624690903707000,0,0.00000001,1516.5600
1624690903707000,0,3.00000000,1516.6100
1624690903707000,0,6.30000000,1516.6600
1624690903707000,0,0.50000000,1516.6600
1624690903707000,0,7.75877317,1516.7300
1624690903712000,0,9.15409098,1516.7300
1624690903941000,0,1.80370000,1516.9900
1624690907053000,1,1.40000000,1515.5700
1624690907053000,1,0.60000000,1515.5700
1624690907503000,0,0.50000000,1517.7700
1624690920270000,0,0.30913815,1515.9300
1624690922144000,1,1.00000000,1514.5400
1624690937440000,1,1.00000000,1515.0100
1624690953126000,1,4.15363354,1515.0400
1624690953126000,1,5.53749347,1514.9900
1624690968816000,0,1.80369999,1516.3700
1624690969550000,0,0.19642904,1517.1500
1624690989512000,1,0.98150000,1515.8800
1624691004208000,0,0.23207137,1517.0600
1624691034325000,0,0.01963060,1516.2700
1624691039339000,0,0.32715298,1516.3600
1624691044751000,1,0.64000000,1515.5300
1624691044751000,1,0.86911800,1515.5200
1624691048957000,0,1.97759999,1517.5400
1624691050162000,0,1.97760000,1518.1500
1624691062222000,0,1.00000000,1518.1000
1624691081612000,1,0.31640000,1515.2300
1624691108978000,1,4.15210000,1515.4300
1624691113519000,1,0.00005169,1515.4300
1624691113519000,1,0.68360000,1514.5900
1624691113519000,1,0.14934136,1514.5800
1624691143627000,0,0.33403906,1513.9400
1624691145636000,0,0.29476802,1514.0700
1624691155265000,1,5.54599557,1512.1000
1624691155265000,1,0.62280362,1512.0300
1624691155265000,1,11.27255689,1511.9800
1624691155268000,1,1.64806325,1511.9800
1624691155597000,1,6.33676282,1511.7800
1624691156261000,1,0.00000544,1511.4600
1624691156261000,1,0.80000000,1510.9100
1624691156261000,1,0.01323916,1510.6700
1624691156375000,0,0.21300540,1510.4600
1624691158149000,0,0.02500000,1511.4500
1624691159759000,0,0.21300000,1511.3600
1624691160623000,1,0.09355000,1510.0000
1624691160865000,0,1.95230000,1511.7700
1624691165461000,0,6.30000000,1511.7600
1624691165461000,0,2.55000000,1511.9100
1624691165461000,0,1.95230000,1511.9800
1624691165599000,1,23.45000000,1512.1600
1624691167581000,1,0.85000000,1511.3200
1624691167756000,1,6.12800000,1511.3200
1624691167899000,1,12.54676146,1511.3200
1624691167901000,1,8.46577859,1511.3200
1624691174223000,1,0.00000500,1510.0000
1624691174223000,1,0.13883017,1509.9200
1624691185334000,1,6.30000000,1510.6700
1624691185334000,1,3.00000000,1510.6200
1624691185340000,1,1.02822000,1510.6000
1624691185340000,1,2.99386382,1510.5900
1624691185378000,1,1.40000000,1510.6800
1624691185378000,1,3.00000000,1510.6100
1624691215695000,0,1.39999999,1510.2100
1624691215701000,0,0.00000001,1510.2100
1624691218228000,0,0.03238369,1511.0100
1624691221210000,0,0.04805991,1511.1700
1624691223420000,1,0.05552563,1509.6200
1624691228076000,0,2.66671000,1512.5000
1624691228165000,0,3.03329000,1512.5000
1624691251964000,0,6.20335333,1509.5200
1624691251985000,0,2.81867428,1509.5200
1624691258910000,0,6.29999999,1507.3600
1624691294463000,1,0.13916151,1507.9600
1624691300367000,0,6.60000000,1510.7700
1624691307673000,1,0.03368033,1508.5700
1624691336434000,1,0.04248026,1507.3400
1624691337421000,0,0.50000000,1508.6300
1624691346575000,0,0.05657455,1507.8000
1624691347621000,0,0.07673392,1508.7200
1624691364701000,1,4.17437590,1504.8600
1624691366422000,1,0.02568626,1503.7300
1624691366690000,1,0.02486611,1502.0100
1624691366690000,1,0.47513389,1502.0100
1624691367231000,1,0.50000000,1502.0000
1624691367231000,1,0.10555817,1501.6900
1624691367231000,1,0.06327107,1500.9000
1624691367661000,1,0.16563825,1500.9000
1624691367661000,1,0.92436175,1500.7300
1624691367688000,0,0.06619999,1501.9700
1624691367928000,1,1.58466385,1500.7300
1624691368306000,1,0.05269325,1500.5400
1624691368306000,1,2.94730675,1500.0000
1624691368676000,1,0.24060416,1500.0000
1624691368676000,1,3.00000000,1500.0000
1624691368676000,1,0.02000000,1500.0000
1624691368676000,1,0.07869333,1500.0000
1624691368676000,1,1.66000000,1500.0000
1624691368676000,1,0.70000000,1500.0000
1624691368676000,1,0.75000000,1500.0000
1624691368676000,1,6.66666600,1500.0000
1624691368676000,1,0.06666000,1500.0000
1624691368676000,1,0.10000000,1500.0000
1624691368676000,1,2.50000000,1500.0000
1624691368676000,1,0.20000000,1500.0000
1624691368676000,1,0.05000000,1500.0000
1624691368676000,1,0.20939070,1500.0000
1624691368676000,1,1.00000000,1500.0000
1624691368676000,1,0.10000000,1500.0000
1624691368676000,1,0.03316900,1500.0000
1624691368676000,1,1.00000000,1500.0000
1624691368676000,1,2.00000000,1500.0000
1624691368676000,1,1.00000000,1500.0000
1624691368676000,1,0.70789221,1500.0000
1624691368676000,1,0.15000000,1500.0000
1624691368676000,1,0.03000000,1500.0000
1624691368676000,1,0.08000000,1500.0000
1624691368676000,1,1.00000000,1500.0000
1624691368676000,1,1.00000000,1500.0000
1624691368676000,1,1.00000000,1500.0000
1624691368676000,1,0.02881666,1500.0000
1624691368676000,1,1.00000000,1500.0000
1624691368676000,1,0.50241333,1500.0000
1624691368676000,1,6.02785333,1500.0000
1624691368676000,1,0.33168000,1500.0000
1624691368676000,1,0.01700000,1500.0000
1624691368676000,1,0.10000000,1500.0000
1624691368676000,1,0.03000000,1500.0000
1624691368676000,1,2.00000000,1500.0000
1624691368676000,1,4.65000000,1499.8300
1624691368698000,1,0.55291393,1499.2400
1624691368745000,1,0.44708607,1499.2400
1624691368745000,1,0.02486611,1499.0100
1624691368745000,1,0.00167399,1499.0000
1624691368794000,1,0.62280362,1499.8400
1624691368794000,1,0.29932601,1499.0000
1624691368794000,1,0.70177183,1497.2200
1624691369558000,1,1.34588300,1497.2200
1624691371020000,0,0.42710000,1499.2700
1624691372093000,0,0.14000000,1500.6600
1624691386708000,1,0.01639825,1498.3400
1624691387207000,0,0.01590000,1497.8600
1624691387411000,0,0.06619999,1497.8500
1624691393272000,0,1.02625000,1497.6900
1624691401974000,0,1.40000000,1497.5500
1624691402442000,0,1.33380000,1498.1400
1624691406117000,1,0.29100000,1496.6700
1624691410855000,0,0.07286839,1498.5900
1624691412499000,0,10.33850584,1499.4600
1624691414414000,1,0.13916644,1497.8600
1624691422546000,1,6.30000000,1497.2700
1624691428441000,1,0.01700000,1496.0000
1624691428441000,1,0.65893213,1495.6000
1624691428441000,1,0.01490535,1495.4500
1624691430241000,1,0.03328428,1495.0000
1624691430241000,1,0.02100000,1495.0000
1624691430241000,1,0.13300000,1495.0000
1624691430591000,1,1.22000000,1494.3100
1624691430640000,1,0.18000000,1494.3100
1624691430640000,1,0.01490535,1494.3000
1624691430640000,1,0.72809465,1494.0000
1624691430823000,1,0.14000000,1494.0100
1624691430823000,1,2.60197228,1494.0000
1624691431049000,1,0.92300000,1492.7300
1624691431726000,1,6.30000000,1492.8000
1624691433213000,1,0.06660000,1492.0000
1624691433220000,1,1.00000000,1491.8000
1624691434275000,0,1.40000000,1491.9300
1624691434491000,0,3.00000000,1491.9700
1624691434491000,0,9.97000000,1491.9800
1624691435240000,1,1.40000000,1490.2800
1624691435426000,1,4.22149970,1490.3500
1624691436121000,0,4.65441905,1490.5500
1624691436151000,0,1.62837208,1490.5500
1624691436156000,0,0.55223777,1490.5500
1624691442715000,0,5.96100000,1492.9500
1624691448307000,1,32.75000000,1490.3700
1624691449434000,0,9.56400000,1491.5400
1624691449708000,0,0.01942913,1491.5300
1624691452757000,0,0.14000000,1490.5100
1624691453174000,0,1.40000000,1491.0400
1624691453667000,1,0.33389932,1490.0000
1624691453667000,1,0.02200000,1490.0000
1624691453667000,1,0.02000000,1490.0000
1624691453667000,1,0.30000000,1490.0000
1624691453667000,1,0.18138926,1490.0000
1624691453667000,1,0.10000000,1490.0000
1624691453667000,1,0.10000000,1490.0000
1624691453667000,1,0.01271142,1490.0000
1624691454298000,1,0.01504000,1490.0700
1624691454337000,1,1.41185291,1490.0700
1624691455646000,0,1.40000000,1491.4300
1624691455646000,0,2.95000000,1491.4300
1624691455646000,0,6.61800000,1491.4400
1624691455670000,0,5.88400000,1491.1000
1624691455880000,0,1.40000000,1491.4300
1624691455964000,0,0.90360000,1491.4200
1624691456329000,0,25.20000000,1491.5400
1624691463189000,0,9.42200000,1492.0000
1624691469784000,0,0.29467006,1492.4000
1624691475365000,1,1.40000000,1491.0300
1624691475365000,1,3.60000000,1490.9000
1624691489896000,0,1.00000000,1491.7100
1624691503902000,0,0.01995542,1492.1500
1624691520279000,0,0.41394568,1492.0800
1624691534460000,1,0.14009055,1491.8600
1624691550537000,0,2.00000000,1492.7300
1624691560094000,0,0.03252726,1494.9100
1624691563600000,0,0.03330780,1494.5100
1624691571214000,0,0.33219408,1493.7200
1624691573284000,0,0.03319763,1493.2200
1624691577230000,0,0.24661065,1493.1800
1624691588262000,1,0.68198351,1493.5000
1624691588274000,1,0.71801649,1493.5000
1624691595033000,1,0.14000000,1490.7900
1624691597701000,0,0.03492630,1491.6400
1624691609065000,1,0.03092643,1492.1500
1624691609078000,1,0.00000001,1492.1500
1624691612942000,1,1.19400000,1491.1800
1624691612943000,1,3.00000000,1491.1100
1624691618887000,0,0.25000000,1492.0000
1624691624497000,0,0.25000000,1493.6900
1624691625775000,1,0.05000000,1491.7800
1624691632267000,0,0.04303710,1493.6600
1624691635748000,0,0.15000000,1493.7400
1624691643952000,1,0.05504621,1492.5500
1624691648242000,1,1.80000000,1491.9900
1624691654646000,1,0.14064301,1492.9700
1624691663538000,0,0.02309156,1494.2500
1624691693856000,0,0.66281891,1493.5200
1624691694757000,1,0.27641651,1491.0700
1624691696959000,0,0.02325502,1493.2900
1624691711847000,0,6.30000000,1494.0700
1624691711847000,0,1.18101985,1494.1700
1624691711852000,0,5.11898015,1494.1700
1624691711852000,0,0.32514907,1494.4000
1624691714099000,0,0.14000000,1495.3200
1624691714099000,0,0.79999999,1495.3300
1624691733566000,0,0.66337574,1497.1200
1624691740198000,0,0.33844803,1495.8800
1624691757475000,0,0.32773861,1495.5600
1624691758463000,0,0.26931235,1495.8600
1624691759461000,0,0.05247469,1495.9800
1624691760358000,0,0.03313253,1496.8400
1624691774729000,1,0.14035064,1493.3400
1624691783673000,0,0.01990246,1495.7400
1624691797964000,0,0.02322606,1494.4900
1624691804316000,1,0.79270000,1492.5300
1624691816383000,0,0.12134611,1495.0900
1624691833244000,0,0.12699999,1494.3300
1624691833394000,0,0.00000001,1494.3300
1624691833983000,0,0.49825444,1495.1500
1624691855652000,0,1.01078403,1492.0200
1624691860977000,0,0.06651762,1491.9300
1624691863774000,0,0.06651094,1491.3700
1624691866542000,1,0.00398656,1490.0000
1624691866542000,1,2.01649874,1489.8100
1624691877535000,0,0.66621841,1487.9300
1624691877673000,1,0.50000000,1486.5700
1624691878175000,1,6.30000000,1486.6300
1624691879759000,1,0.25000000,1485.3900
1624691879871000,1,0.07427862,1485.3900
1624691879871000,1,0.06699975,1485.0800
1624691879871000,1,0.96872163,1485.0200
1624691880187000,1,9.13127837,1485.0200
1624691880542000,1,0.02300000,1485.0000
1624691880542000,1,0.33502356,1485.0000
1624691880542000,1,0.25000000,1485.0000
1624691880542000,1,0.63352416,1484.7700
1624691880542000,1,0.35845228,1484.3900
1624691880982000,1,0.64154772,1484.3900
1624691882360000,0,6.30000000,1485.2600
1624691892158000,0,0.03337557,1487.1800
1624691894174000,0,0.10006211,1487.1400
1624691897238000,0,0.20047993,1486.0500
1624691899866000,0,0.33357399,1486.1500
1624691901730000,1,6.30000000,1483.7600
1624691901896000,0,0.03336166,1485.1500
1624691902749000,0,1.39999999,1485.1400
1624691902750000,0,1.39999999,1485.1400
1624691902752000,0,1.39999999,1485.1400
1624691902755000,0,0.51609630,1485.1400
1624691902757000,0,1.39999999,1485.1400
1624691902761000,0,1.39999999,1485.1400
1624691905670000,1,1.07580000,1484.5600
1624691905670000,1,0.74891034,1484.5500
1624691908734000,0,0.03337310,1486.0000
1624691910407000,1,0.10555816,1483.7900
1624691910413000,1,0.10555816,1483.7900
1624691910418000,1,0.10555816,1483.7900
1624691911346000,1,6.29999999,1483.8000
1624691911386000,1,0.00000001,1483.8000
1624691911386000,1,0.10555817,1483.7300
1624691920011000,0,0.06714634,1485.7100
1624691924075000,0,0.06607289,1486.2700
1624691932630000,0,0.06711021,1486.5100
1624691933249000,0,0.36833804,1486.2500
1624691933262000,0,5.93166196,1486.2500
1624691933262000,0,1.97975719,1486.5100
1624691937113000,1,6.29999999,1487.0400
1624691940242000,0,0.08348421,1487.8500
1624691943471000,1,2.70284990,1485.7100
1624691944523000,1,0.09531247,1486.1200
1624691961050000,1,3.72969407,1486.2200
1624691961157000,1,0.23396258,1486.2200
1624691964990000,0,1.33976362,1486.2800
1624691969264000,0,0.01346314,1485.3600
1624691984239000,0,0.03339533,1486.9100
1624691985915000,0,0.66823045,1486.7400
1624691995948000,0,0.33713822,1484.3400
1624691997300000,0,1.00410742,1484.1000
1624692000258000,0,0.03328850,1483.7300
1624692004759000,0,0.14005419,1483.6400
1624692004855000,1,1.40000000,1482.1000
1624692006786000,1,0.72470000,1482.0800
1624692006786000,1,1.77530000,1482.0700
1624692013442000,1,1.40000000,1482.6600
1624692013442000,1,6.30000000,1482.6500
1624692013442000,1,0.08300000,1482.3500
1624692013442000,1,0.08300000,1482.3400
1624692013442000,1,3.00000000,1482.1000
1624692013442000,1,1.77530000,1482.0800
1624692013442000,1,0.10000000,1482.0000
1624692013442000,1,2.27592301,1481.7100
1624692014940000,1,0.14071426,1482.7400
1624692018773000,0,1.39999999,1483.6300
1624692022372000,0,10.10000000,1485.5300
1624692024963000,1,2.00000000,1484.2900
1624692024963000,1,1.40000000,1484.2900
1624692024963000,1,3.26435381,1484.2800
1624692024965000,1,3.03564619,1484.2800
1624692024965000,1,6.30000000,1484.2000
1624692024965000,1,4.23869191,1484.0500
1624692026327000,1,25.20000000,1483.3400
1624692026416000,1,7.30000000,1483.3400
1624692038123000,1,0.10000000,1480.0000
1624692038123000,1,0.02400000,1480.0000
1624692038123000,1,0.17088513,1480.0000
1624692038123000,1,0.03300000,1480.0000
1624692038123000,1,5.90819487,1480.0000
1624692038208000,1,2.77816323,1480.0000
1624692038208000,1,4.89019382,1480.0000
1624692038208000,1,0.67231400,1480.0000
1624692038208000,1,4.03387837,1480.0000
1624692038546000,1,0.03000000,1479.5100
1624692038586000,1,0.57086873,1479.5100
1624692038770000,0,6.30000000,1480.0400
1624692045899000,0,6.29999999,1481.5100
1624692045899000,0,0.00000001,1481.5100
1624692049837000,0,1.40000000,1482.0900
1624692056502000,0,0.06600132,1483.7200
1624692057499000,0,0.01980911,1483.3900
1624692058508000,0,0.33011883,1483.2300
1624692070465000,0,1.00000000,1482.0000
1624692089329000,0,8.55600000,1485.4600
1624692105191000,0,0.06720379,1484.4400
1624692117322000,0,0.23192860,1486.2100
1624692117350000,1,1.05753314,1484.7500
1624692120279000,0,1.40000000,1486.1600
1624692120279000,0,0.03755556,1486.1700
1624692135039000,1,0.14129666,1483.9700
1624692142597000,0,0.10334110,1486.3600
1624692151635000,0,0.33394660,1486.0300
1624692175070000,0,1.41260000,1486.7700
1624692176439000,1,0.10000000,1485.9500
1624692177452000,1,0.16455367,1485.8300
1624692178461000,1,6.30000000,1485.8300
1624692178461000,1,0.01217977,1485.8200
1624692182215000,0,0.27374923,1487.4300
1624692183608000,0,1.41204000,1487.4200
1624692183669000,0,0.00000944,1487.4200
1624692184449000,1,6.30000000,1487.1800
1624692185184000,0,0.85055356,1487.5200
1624692220122000,0,4.23730000,1486.9900
1624692227369000,0,0.00008626,1486.9900
1624692227369000,0,0.04998416,1487.7100
1624692244665000,0,0.02668179,1487.4300
1624692246691000,0,0.03335403,1487.4300
1624692253867000,0,0.80000000,1487.9100
1624692254946000,1,0.14128353,1487.9300
1624692263103000,0,0.07982611,1488.3600
1624692265679000,0,0.03335381,1487.9100
1624692272600000,0,0.42872858,1486.6000
1624692286797000,0,0.03338500,1487.3500
1624692299259000,0,0.33366370,1484.8900
1624692346046000,0,0.33420973,1485.0600
1624692347931000,0,0.50000000,1484.0000
1624692349074000,0,0.04009732,1484.9500
1624692360266000,0,1.40651379,1484.7200
1624692364742000,0,0.13365329,1484.7300
1624692365679000,1,3.00000000,1483.2400
1624692372930000,0,1.39999999,1483.3500
1624692372940000,0,0.00000001,1483.3500
1624692374304000,0,33.50280000,1484.0600
1624692375042000,1,0.14128204,1482.9300
1624692376093000,1,1.40000000,1483.0100
1624692381736000,1,1.06730000,1482.4400
1624692381736000,1,6.30000000,1482.4300
1624692381736000,1,0.33270000,1482.4200
1624692381747000,1,1.06729999,1482.4400
1624692383793000,0,0.02341493,1482.6500
1624692393031000,0,0.04054852,1481.4400
1624692396845000,0,0.49999999,1481.0000
1624692396869000,0,0.00000001,1481.0000
1624692400939000,1,5.63520000,1479.5100
1624692409743000,1,0.00001619,1479.5100
1624692409743000,1,3.35590827,1478.9200
1624692413742000,1,7.34180000,1479.5200
1624692413759000,1,0.00000680,1479.5200
1624692415536000,0,0.05000000,1479.7100
1624692420112000,1,6.30000000,1479.0500
1624692420112000,1,0.45904316,1478.9900
1624692427838000,0,0.21790022,1480.4700
1624692429303000,0,0.08092691,1480.1500
1624692429379000,0,0.00000001,1480.1500
1624692441142000,1,2.75890640,1480.8200
1624692448226000,0,0.02344463,1482.2300
1624692450405000,1,9.81041000,1481.2900
1624692478462000,0,1.02725929,1482.8900
1624692478827000,0,0.84573733,1482.0000
1624692479267000,0,0.31701276,1482.7800
1624692495445000,0,0.14170000,1481.3500
1624692498372000,0,2.00820969,1482.5400
1624692502389000,0,0.33475528,1482.7400
1624692512472000,0,2.05739999,1483.1500
1624692512473000,0,0.00000001,1483.1500
1624692536372000,0,0.45910000,1484.5900
1624692536372000,0,0.56655277,1484.6000
1624692570304000,0,2.00230533,1485.2500
1624692572059000,0,2.16688458,1485.1600
1624692592982000,1,0.22065000,1484.8800
1624692592990000,1,0.00000419,1484.8800
1624692594130000,0,2.67604498,1484.7600
1624692600293000,0,0.46814500,1484.8400
1624692602555000,0,0.13363979,1485.0000
1624692604510000,0,0.07015317,1484.6300
1624692604751000,1,5.65800000,1483.2500
1624692604751000,1,1.14200000,1483.2500
1624692612829000,0,0.03008148,1484.6700
1624692615684000,1,0.14132882,1483.4200
1624692616851000,0,1.00620809,1484.8400
1624692620787000,0,4.00000000,1484.0000
1624692630213000,0,1.40000000,1484.6500
1624692630213000,0,0.27969366,1484.6600
1624692633736000,0,0.33422548,1484.4100
1624692650765000,0,0.10000000,1482.6500
1624692651653000,1,0.08436217,1481.2200
1624692653560000,1,0.05000000,1481.2300
1624692654799000,0,0.05020516,1482.4900
1624692656669000,0,0.29420418,1482.5200
1624692657368000,0,0.01981056,1482.5200
1624692664385000,0,0.08828463,1482.3900
1624692679469000,0,0.25741614,1485.0000
1624692679967000,0,0.10894406,1485.0000
1624692679968000,0,0.00000001,1485.0000
1624692693573000,1,2.67419919,1484.2300
1624692696914000,1,0.31489915,1485.3300
1624692699863000,0,0.06740000,1486.9700
1624692706472000,0,1.21782930,1487.4000
1624692716122000,0,2.31464775,1487.0200
1624692734285000,1,6.30000000,1486.1700
1624692734285000,1,6.88000000,1486.1000
1624692734315000,1,2.92709771,1486.1000
1624692734315000,1,6.30000000,1486.0900
1624692735889000,0,0.14117000,1486.0300
1624692735939000,0,0.00000481,1486.0300
1624692740163000,0,0.32737854,1487.2700
1624692742661000,0,0.06601425,1487.2700
1624692744540000,0,0.03286640,1487.2700
1624692754874000,0,0.67403693,1485.8200
1624692760553000,1,0.01818283,1483.6800
1624692761878000,0,0.33380958,1485.0200
1624692781342000,0,0.02003423,1486.6600
1624692798438000,0,0.06677943,1485.6700
1624692803394000,0,0.07345265,1485.6100
1624692805407000,0,0.03339353,1485.6100
1624692813418000,0,0.02338481,1485.4800
1624692818022000,0,0.09926674,1484.8600
1624692825613000,1,0.04721935,1484.6700
1624692827307000,0,0.33560000,1485.8600
1624692836354000,0,3.29791156,1485.5400
1624692840257000,0,1.42892644,1485.5400
1624692840316000,0,0.13210920,1485.5400
1624692856066000,0,0.14117000,1481.8700
1624692856125000,0,0.00000972,1481.8700
1624692905221000,1,0.33494554,1478.0000
1624692906524000,1,1.09320000,1477.6700
1624692906935000,1,0.00000488,1477.6300
1624692906935000,1,1.32164710,1477.0500
1624692906945000,1,0.07835290,1477.0500
1624692906945000,1,0.92164709,1477.0200
1624692906954000,1,0.07835291,1477.0200
1624692907144000,1,0.32165198,1477.0000
1624692907190000,1,0.00000001,1477.0000
1624692919897000,0,6.30000000,1477.9900
1624692933826000,0,0.07051211,1476.3400
1624692934809000,1,0.23606968,1475.2000
1624692934809000,1,0.78554790,1475.0000
1624692934812000,1,1.10806565,1475.0000
1624692934812000,1,0.02500000,1475.0000
1624692934812000,1,0.25216271,1475.0000
1624692935204000,1,0.29999999,1473.9100
1624692935206000,1,0.00000001,1473.9100
1624692935862000,0,0.06713173,1475.0100
1624692937356000,0,9.25100000,1475.3400
1624692937356000,0,1.32940000,1475.3600
1624692956410000,1,1.04000000,1475.3000
1624692957416000,1,2.55203422,1475.9500
1624692976102000,1,0.14228804,1476.6600
1624693013856000,1,9.24400000,1475.1400
1624693014998000,0,0.06714036,1476.1500
1624693037040000,1,8.40000000,1474.0700
1624693038481000,1,0.13770300,1472.8800
1624693039317000,1,0.65893213,1472.4900
1624693039977000,0,0.34962180,1472.8200
1624693041805000,1,0.67899999,1472.0000
1624693041806000,1,0.00000001,1472.0000
1624693056399000,0,9.27400000,1471.9700
1624693056399000,0,1.73560000,1472.0100
1624693065166000,0,1.78069999,1472.0000
1624693065166000,0,0.00000001,1472.0000
1624693074264000,1,3.59544933,1472.5500
1624693077421000,1,1.00985653,1472.7500
1624693080665000,0,0.01980551,1474.6000
1624693089711000,1,0.03620300,1472.1800
1624693090529000,1,0.01476223,1471.8500
1624693099476000,1,0.03428895,1471.9300
1624693099476000,1,0.08572237,1471.9300
1624693100129000,1,0.03429778,1471.4200
1624693100171000,1,0.00000001,1471.4200
1624693113137000,0,6.30000000,1471.2600
1624693124690000,0,0.07417992,1471.5000
1624693136338000,1,0.20383021,1470.3300
1624693138338000,0,0.03325672,1471.3900
1624693144589000,1,6.30000000,1470.7100
1624693145470000,1,0.03367684,1470.0000
1624693145470000,1,0.02600000,1470.0000
1624693145470000,1,0.02000000,1470.0000
1624693145470000,1,0.15000000,1470.0000
1624693146138000,1,1.00000000,1469.6900
1624693149588000,0,6.29999999,1470.2900
1624693149600000,0,0.00000001,1470.2900
1624693175212000,0,1.30855359,1473.6500
1624693181532000,0,2.99100786,1473.9400
1624693181536000,0,2.11472932,1473.9400
1624693186909000,1,0.05391726,1473.7400
1624693186919000,1,0.00000001,1473.7400
1624693188249000,1,0.05391726,1472.8000
1624693188270000,1,0.00000001,1472.8000
1624693200326000,1,0.04622448,1473.1200
1624693200326000,1,0.04622636,1472.1200
1624693200326000,1,0.11559099,1472.1200
1624693200326000,1,2.97364473,1472.1200
1624693216291000,0,0.14257000,1473.8800
1624693216335000,0,0.00000769,1473.8800
1624693226427000,1,0.04149138,1474.5900
1624693226427000,1,0.10372843,1474.5900
1624693226432000,1,0.00000001,1474.5900
1624693227799000,0,0.02355121,1475.4400
1624693233687000,0,0.10000000,1476.1600
1624693235635000,0,0.11345063,1476.2900
1624693257568000,0,0.03428925,1477.4700
1624693257806000,1,0.03750128,1476.0900
1624693257807000,1,0.00000001,1476.0900
1624693258993000,0,0.17489383,1475.8200
1624693261006000,0,0.05000000,1476.5700
1624693263027000,0,0.06722631,1476.5300
1624693273587000,0,0.02351878,1477.1300
1624693287353000,0,1.85319330,1478.6600
1624693291032000,1,0.03325157,1477.5900
1624693291041000,1,0.00000001,1477.5900
1624693291065000,1,0.08314019,1477.4700
1624693292874000,0,0.10134111,1477.8800
1624693301088000,1,0.02455591,1476.4700
1624693301107000,1,0.00000001,1476.4700
1624693320322000,0,0.10737814,1476.7300
1624693320654000,0,0.19918704,1476.7300
1624693321011000,1,0.02467136,1475.6700
1624693321011000,1,0.01499999,1475.6700
1624693321013000,1,0.04760657,1475.6700
1624693321013000,1,0.01500000,1475.6600
1624693321643000,0,0.66340070,1476.6400
1624693336333000,1,0.14257769,1473.9500
1624693339486000,0,0.20184435,1475.4500
1624693342218000,0,0.01500000,1475.8100
1624693353706000,1,0.01996163,1474.6200
1624693353706000,1,0.01203296,1474.5300
1624693376522000,0,0.06639791,1477.6700
1624693377422000,1,5.45534148,1476.4200
1624693391779000,0,0.10136374,1477.5500
1624693405542000,0,0.03089499,1479.0500
1624693425036000,0,0.64052760,1479.9100
1624693425036000,0,2.10947240,1480.0400
1624693428788000,1,0.01537600,1478.5300
1624693428788000,1,0.03769837,1477.8400
1624693428788000,1,0.09801577,1477.8300
1624693434084000,0,1.34319797,1477.5800
1624693437251000,0,6.30000000,1477.8900
1624693437251000,0,1.40000000,1477.9700
1624693437251000,0,6.09933090,1477.9800
1624693437267000,0,0.20066910,1477.9800
1624693437267000,0,0.64052760,1478.0600
1624693437267000,0,2.09990927,1478.5500
1624693437267000,0,4.26542174,1478.5600
1624693437267000,0,10.37715473,1478.6500
1624693438196000,0,14.64257000,1478.5500
1624693440267000,1,0.89689239,1477.3500
1624693441620000,0,0.16849552,1479.9800
1624693456372000,1,0.14237388,1478.4800
1624693480840000,1,0.02651080,1477.0200
1624693480951000,1,0.06892807,1476.7000
1624693481030000,1,0.02651080,1476.9000
1624693481766000,0,0.10739992,1478.0200
1624693484916000,1,1.40000000,1474.7300
1624693484916000,1,0.02263873,1474.6300
1624693484927000,1,0.00000001,1474.6300
1624693485714000,1,0.05886000,1474.2900
1624693486470000,1,0.02266177,1473.0000
1624693486470000,1,0.85710000,1473.0000
1624693486470000,1,0.80000000,1472.9900
1624693490746000,0,0.33306001,1474.4000
1624693496125000,0,0.02653567,1474.2400
1624693497123000,0,0.03248661,1474.1500
1624693500749000,1,0.64052759,1471.3000
1624693500749000,1,0.02034747,1471.1500
1624693500749000,1,0.02061926,1471.1300
1624693500749000,1,0.90000000,1471.1200
1624693500749000,1,6.93676282,1471.1100
1624693500749000,1,8.96518807,1471.1000
1624693500761000,1,17.48344521,1471.1000
1624693500761000,1,4.77396672,1471.1000
1624693500761000,1,1.25762002,1471.0100
1624693500764000,1,17.48344521,1471.0100
1624693501447000,1,0.02061926,1471.1200
1624693501447000,1,0.02036183,1471.1200
1624693507877000,0,6.29999999,1473.1200
1624693509644000,1,0.11692647,1471.1700
1624693510975000,1,0.11692647,1471.2600
1624693511246000,1,0.01639076,1470.8600
1624693512670000,0,6.30000000,1471.2900
1624693523292000,0,0.79580890,1470.3100
1624693523299000,0,0.58738277,1470.3100
1624693523299000,0,0.55517145,1470.3100
1624693523300000,0,1.42560422,1470.3100
1624693523302000,0,0.91518024,1470.3100
1624693523311000,0,0.60064625,1470.3100
1624693523484000,0,1.40000000,1470.3000
1624693523484000,0,3.38222258,1470.3300
1624693523529000,0,2.91777742,1470.3300
1624693539316000,0,2.00000000,1470.0000
1624693552547000,1,7.75667663,1472.0900
1624693555771000,0,5.69100000,1475.3100
1624693560303000,0,0.61677661,1475.4700
1624693565274000,0,0.08284884,1475.0800
1624693595363000,1,1.40000000,1476.8200
1624693605366000,1,6.30000000,1477.7200
1624693605366000,1,0.23518164,1477.7100
1624693606065000,0,0.03375230,1479.0100
1624693614298000,0,0.33800000,1479.2400
1624693614377000,0,1.09182000,1479.2500
1624693614438000,0,0.00000624,1479.2500
1624693615454000,0,0.50535000,1479.2400
1624693615522000,0,0.00000848,1479.2400
1624693616309000,0,0.09977015,1480.3400
1624693636330000,0,0.01500000,1478.5600
1624693642567000,1,2.00000000,1478.8800
1624693676342000,0,0.33114567,1479.9500
1624693676753000,0,0.06706415,1480.1000
1624693677831000,1,5.67680000,1478.5800
1624693679786000,1,4.25950742,1478.2900
1624693679847000,1,5.67900000,1478.3000
1624693697691000,1,0.09959506,1477.6900
1624693702633000,1,0.38551609,1477.2300
1624693734050000,1,1.40000000,1477.1000
1624693775120000,0,0.01398114,1478.4200
1624693791474000,0,0.55561410,1480.2000
1624693800350000,0,1.70578007,1479.4900
1624693809060000,0,1.00000000,1479.4600
1624693810982000,0,0.06706369,1479.4700
1624693816001000,0,0.06707684,1479.2700
1624693816341000,0,0.01697618,1478.9000
1624693817883000,0,0.10061526,1479.0200
1624693819336000,0,0.16852386,1479.2300
1624693828263000,0,0.13415458,1477.7700
1624693830256000,0,0.03354907,1477.7800
1624693832276000,0,0.03355429,1477.7900
1624693834286000,0,0.02012971,1477.8500
1624693850299000,0,0.02014837,1476.5900
1624693850814000,1,6.30000000,1475.3000
1624693850814000,1,6.30000000,1475.1200
1624693850814000,1,2.69460055,1474.9400
1624693850815000,1,0.26168586,1474.9400
1624693856276000,1,0.01806582,1471.3400
1624693856276000,1,0.65990437,1471.3400
1624693858287000,0,0.26446475,1473.9500
1624693866249000,0,6.30000000,1473.4400
1624693868349000,1,6.29999999,1472.1100
1624693868350000,1,0.00000001,1472.1100
1624693868350000,1,0.01460973,1472.0500
1624693868351000,1,0.64039091,1472.0100
1624693875674000,1,2.68669853,1473.0400
1624693882178000,1,0.61288847,1472.7800
1624693882179000,1,0.78711153,1472.7800
1624693883151000,1,0.01367109,1470.2100
1624693883197000,1,1.00000000,1470.2000
1624693883318000,0,0.08426747,1472.1600
1624693890739000,1,0.29100000,1469.7100
1624693895913000,0,0.25956937,1471.5200
1624693900695000,0,0.06745520,1471.1800
1624693907548000,0,1.40000000,1470.4300
1624693907548000,0,0.65810000,1470.4400
1624693907619000,0,1.40000000,1470.4400
1624693907680000,0,19.64900000,1470.7000
1624693920261000,0,1.07356017,1471.3700
1624693923240000,0,0.06651254,1470.8700
1624693924238000,0,0.09913299,1470.2400
1624693938476000,0,0.04456594,1470.9500
1624693966488000,0,1.64383220,1472.9900
1624693966578000,0,0.85000000,1472.9900
1624693966665000,0,3.60616780,1472.9900
1624693976598000,0,6.30000000,1470.9100
1624693976690000,0,3.16253136,1471.0000
1624693976704000,0,5.83746864,1471.0000
1624693988630000,1,6.30000000,1470.7100
1624694020490000,1,0.16026916,1469.2900
1624694020965000,1,0.06777536,1469.4500
1624694030110000,0,1.01236478,1471.1400
1624694035920000,0,3.90895128,1471.1600
1624694036050000,0,2.20963372,1471.1600
1624694036053000,0,0.47427651,1472.3900
1624694041910000,0,2.04029696,1473.5600
1624694047956000,0,0.01716780,1474.5200
1624694057852000,0,0.06554765,1473.5600
1624694065163000,1,0.30000000,1469.8500
1624694065163000,1,0.02247175,1469.1400
1624694065163000,1,4.28370914,1469.1100
1624694069324000,0,0.10150851,1470.3200
1624694072956000,0,7.00000000,1471.4100
1624694094125000,1,2.32221083,1472.5000
1624694098255000,0,0.06667962,1473.5000
1624694103117000,1,4.27000000,1472.5100
1624694103130000,1,0.00583633,1472.5100
1624694109747000,1,0.01759828,1470.5300
1624694110219000,1,0.23616646,1470.3400
1624694112016000,0,1.00000000,1471.0600
1624694121501000,0,1.00000000,1474.0000
1624694124553000,1,10.55000000,1471.7300
1624694124570000,1,11.61732688,1471.7300
1624694141530000,1,0.01700000,1470.0400
1624694141551000,1,0.00011412,1470.0400
1624694141551000,1,0.01711830,1469.3700
1624694145359000,1,0.01547685,1467.8400
1624694145961000,1,1.40000000,1467.0900
1624694145982000,1,1.00000000,1467.0400
1624694145982000,1,0.01547685,1467.0100
1624694145982000,1,0.05000000,1467.0000
1624694150198000,1,5.50693430,1466.3400
1624694154864000,0,1.40000000,1468.9400
1624694154864000,0,6.30000000,1468.9600
1624694154931000,0,5.72099999,1468.2900
1624694154932000,0,3.57200001,1468.2900
1624694155043000,0,2.33563668,1469.2100
1624694155158000,0,0.29709007,1470.6100
1624694158578000,0,0.26589589,1469.9000
1624694164546000,1,5.29503859,1469.4000
1624694164546000,1,0.90800000,1469.3800
1624694164546000,1,0.02400000,1469.3700
1624694166454000,1,3.46652915,1468.3000
1624694166455000,1,2.83347085,1468.3000
1624694166577000,1,0.02300000,1468.2300
1624694166630000,1,0.00057598,1468.2300
1624694166819000,1,0.90800000,1467.6800
1624694167616000,1,0.81000000,1466.6700
1624694169170000,1,0.10555817,1465.9800
1624694169397000,1,5.72500000,1465.8300
1624694169397000,1,0.64039091,1465.4100
1624694169397000,1,1.40000000,1465.1900
1624694169397000,1,0.90800000,1465.1800
1624694170537000,0,1.40000000,1467.3900
1624694170537000,0,6.30000000,1467.4200
1624694170542000,0,6.30000000,1467.3400
1624694170542000,0,3.00000000,1467.5600
1624694170542000,0,4.21555238,1467.5600
1624694170628000,0,3.00000000,1467.5500
1624694170689000,0,3.00000000,1467.5600
1624694175253000,0,0.03283402,1471.6100
1624694185901000,0,0.23125522,1471.5900
1624694192353000,0,9.27300000,1471.5700
1624694196741000,0,9.27100000,1472.8100
1624694204579000,0,6.29999999,1473.6400
1624694204584000,0,0.00000001,1473.6400
1624694204584000,0,2.95000000,1473.7000
1624694204584000,0,6.30000000,1473.7400
1624694206542000,0,5.69400000,1474.6100
1624694214471000,0,0.05465606,1475.5300
1624694216590000,0,0.06598083,1476.0400
1624694218145000,0,6.50420000,1476.8200
1624694219049000,1,6.29999999,1475.9200
1624694219947000,1,0.01549692,1474.6800
1624694229662000,0,0.02016700,1477.8500
1624694233289000,0,5.67800000,1478.6700
1624694234898000,1,6.30000000,1478.1200
1624694238006000,0,0.06655751,1477.5200
1624694244414000,1,0.55160000,1476.6700
1624694244416000,1,0.00000597,1476.6700
1624694255095000,1,2.28303000,1473.1500
1624694256155000,0,0.02014933,1473.4300
1624694280315000,0,1.66998789,1474.9400
1624694283006000,0,0.03027315,1473.7000
1624694285023000,0,0.20186122,1472.4900
1624694310165000,0,0.03369279,1471.8700
1624694313878000,0,0.03369874,1472.4600
1624694321953000,0,0.03504669,1469.2700
1624694330145000,0,0.07371200,1469.8100
1624694331347000,0,9.62628800,1469.8100
1624694337213000,0,0.33149228,1472.9100
1624694366316000,1,0.07847049,1471.3300
1624694375973000,0,0.20232437,1472.5100
1624694381087000,0,0.20041378,1471.8800
1624694386918000,0,2.00000000,1473.0200
1624694395694000,1,0.86133443,1471.0500
1624694396422000,0,0.13334757,1473.0600
1624694400377000,0,0.77885631,1472.0000
1624694422818000,0,9.07781463,1471.9700
1624694422880000,0,2.72121044,1471.9500
1624694422880000,0,8.71593983,1472.0000
1624694422887000,0,5.13384156,1472.0000
1624694426242000,0,18.45106000,1472.0000
1624694427825000,0,4.85000000,1472.0000
1624694427826000,0,9.29508332,1472.0000
1624694427830000,0,2.01116505,1472.0000
1624694427881000,0,0.76405393,1472.0000
1624694444895000,1,0.01717783,1472.2200
1624694451910000,0,0.03322932,1474.6500
1624694456497000,1,0.27200000,1473.3000
1624694461780000,1,0.41204680,1473.9900
1624694477111000,1,0.14251348,1473.4700
1624694496998000,0,0.01348878,1475.3000
1624694507031000,0,0.12384374,1475.6900
1624694516641000,0,0.29977363,1476.3300
1624694517657000,0,0.06649199,1476.4600
1624694518006000,0,0.09991427,1476.5700
1624694520335000,0,0.39926167,1476.7000
1624694521745000,0,2.00000000,1476.7000
1624694529190000,1,1.40000000,1477.4400
1624694535054000,1,2.00000000,1477.3000
1624694535525000,1,6.30000000,1476.5100
1624694535641000,1,0.04999999,1476.3500
1624694535760000,1,0.00000001,1476.3500
1624694547568000,0,0.03354522,1476.9200
1624694564808000,0,0.08575167,1476.0700
1624694570742000,1,1.40000000,1469.2300
1624694570742000,1,9.28100000,1469.2200
1624694570742000,1,3.61390000,1469.2000
1624694577379000,0,3.38477870,1474.2500
1624694580945000,1,0.45013828,1472.5300
1624694597242000,1,0.14251348,1468.3300
1624694600807000,1,9.67300000,1467.6200
1624694601178000,1,0.55175000,1467.5600
1624694601210000,1,0.00000256,1467.5600
1624694602780000,0,6.30000000,1467.8700
1624694604548000,1,6.93676282,1466.9400
1624694609699000,0,1.40000000,1468.2500
1624694610371000,0,1.39820000,1469.1200
1624694610608000,0,0.10212471,1469.6300
1624694629245000,0,0.02024073,1471.5300
1624694636417000,0,0.10000000,1470.2400
1624694640284000,0,1.68745009,1470.8400
1624694642674000,1,2.38572330,1469.0700
1624694690060000,0,0.06684387,1470.5800
1624694694447000,0,0.03323922,1469.8700
1624694713687000,1,2.70724405,1466.5100
1624694717381000,1,0.14300586,1465.5900
1624694729852000,0,0.02366103,1466.9300
1624694733737000,1,0.02754000,1467.1000
1624694733794000,1,0.00000413,1467.1000
1624694734558000,1,0.46139672,1465.0800
1624694735715000,1,0.02700000,1465.0000
1624694738222000,1,0.05230000,1464.8000
1624694738232000,1,0.00000940,1464.8000
1624694739287000,1,0.06549999,1464.6000
1624694739307000,1,0.00000001,1464.6000
1624694747645000,1,0.66799999,1463.0000
1624694747665000,1,0.00000001,1463.0000
1624694748293000,1,1.00000000,1462.3900
1624694750153000,1,0.26320308,1463.0700
1624694750159000,1,0.00000001,1463.0700
1624694751074000,1,0.14000000,1460.8600
1624694751074000,1,3.00000000,1460.8600
1624694751074000,1,0.59570626,1460.4300
1624694751074000,1,1.68283272,1460.1800
1624694751643000,1,0.02800000,1460.0000
1624694751643000,1,0.30000000,1460.0000
1624694751643000,1,0.22087395,1460.0000
1624694751643000,1,0.51022605,1460.0000
1624694751724000,1,0.00008901,1460.0000
1624694751724000,1,0.51121394,1459.7900
1624694770401000,1,5.35000000,1458.0000
1624694770401000,1,1.65000000,1458.0000
1624694782843000,1,1.06568000,1457.5100
1624694782843000,1,2.00000000,1457.4200
1624694791812000,0,0.02040966,1460.0000
1624694817323000,0,0.06709897,1458.4100
1624694818330000,0,0.06709033,1458.3300
1624694824426000,0,1.02335324,1458.4700
1624694825798000,1,0.02000000,1456.4200
1624694827145000,1,0.12499999,1456.0000
1624694827146000,1,0.00000001,1456.0000
1624694828276000,1,1.21409999,1455.2100
1624694828550000,1,0.00000001,1455.2100
1624694828566000,1,0.99999999,1455.1300
1624694828633000,1,0.00000001,1455.1300
1624694828633000,1,0.10000000,1455.0000
1624694828633000,1,0.35000000,1455.0000
1624694828633000,1,0.02000000,1455.0000
1624694828633000,1,0.26879381,1455.0000
1624694828633000,1,0.02900000,1455.0000
1624694828633000,1,1.00000000,1455.0000
1624694828633000,1,0.04000000,1455.0000
1624694828633000,1,0.01374593,1454.9800
1624694829956000,0,1.39409777,1456.5000
1624694829972000,0,3.49757720,1456.5000
1624694830020000,0,1.40832503,1456.5000
1624694831072000,1,0.93525995,1455.5600
1624694831685000,0,0.93520000,1457.9900
1624694837365000,1,0.14314015,1456.4500
1624694843739000,0,0.20000000,1458.4500
1624694844067000,1,0.64210039,1456.1600
1624694844067000,1,1.40000000,1456.0200
1624694846812000,0,1.40000000,1457.6900
1624694852081000,0,0.06640088,1458.4100
1624694856449000,0,1.40000000,1459.0200
1624694856449000,0,0.64210040,1459.0300
1624694856449000,0,6.30000000,1459.1200
1624694856449000,0,3.00000000,1459.4100
1624694856449000,0,6.86991895,1459.4200
1624694856449000,0,2.00000000,1459.4500
1624694856449000,0,7.20498636,1459.9500
1624694856449000,0,11.05437014,1460.0900
1624694868471000,1,5.65000000,1458.5000
1624694868512000,1,0.11839947,1458.5000
1624694872997000,1,1.32320000,1457.2800
1624694876609000,1,0.20600000,1455.8000
1624694877598000,1,2.00000000,1455.8900
1624694877598000,1,1.90000000,1455.8800
1624694878615000,0,1.00837069,1458.3100
1624694889310000,1,1.00839999,1454.4600
1624694889314000,1,0.14234978,1454.4600
1624694889547000,1,0.59781005,1454.4700
1624694889585000,1,0.41058995,1454.4700
1624694889926000,1,6.29999999,1454.5200
1624694889939000,1,0.00000001,1454.5200
1624694893941000,1,6.17111863,1454.7500
1624694893971000,1,0.12888137,1454.7500
1624694908220000,1,3.00000000,1454.9000
1624694915068000,1,0.03336098,1453.7700
1624694915082000,1,0.00000001,1453.7700
1624694917948000,1,0.03336099,1453.0100
1624694917948000,1,0.09999999,1453.0000
1624694917948000,1,0.00000001,1453.0000
1624694919246000,1,1.40000000,1451.8700
1624694919246000,1,0.03122687,1451.8300
1624694919276000,1,0.00000001,1451.8300
1624694928170000,1,0.02945580,1451.2600
1624694928170000,1,0.50000000,1451.2400
1624694929983000,1,0.02945580,1451.0100
1624694929983000,1,1.53645431,1451.0000
1624694930030000,1,0.00000001,1451.0000
1624694932816000,1,6.30000000,1450.8200
1624694932816000,1,6.30000000,1450.4900
1624694932816000,1,0.02945580,1450.4200
1624694932816000,1,1.32477023,1450.4100
1624694932816000,1,21.19803762,1450.2800
1624694932816000,1,0.03500000,1450.0000
1624694932816000,1,5.00000000,1450.0000
1624694932816000,1,0.10000000,1450.0000
1624694932816000,1,1.00000000,1450.0000
1624694932816000,1,0.34311724,1450.0000
1624694932816000,1,5.00000000,1450.0000
1624694932816000,1,0.03000000,1450.0000
1624694932816000,1,1.47550344,1450.0000
1624694932816000,1,0.50000000,1450.0000
1624694932816000,1,1.00000000,1450.0000
1624694932816000,1,1.02375832,1450.0000
1624694932816000,1,1.00000000,1450.0000
1624694932816000,1,0.56973103,1450.0000
1624694932816000,1,1.00000000,1450.0000
1624694932816000,1,1.00000000,1450.0000
1624694932816000,1,6.90000000,1450.0000
1624694932816000,1,0.20000000,1450.0000
1624694932816000,1,0.02000000,1450.0000
1624694932816000,1,0.10000000,1450.0000
1624694932816000,1,0.25000000,1450.0000
1624694932816000,1,1.00000000,1450.0000
1624694932816000,1,7.30062632,1450.0000
1624694933273000,1,1.00000000,1450.9000
1624694935255000,0,1.40000000,1452.7300
1624694935255000,0,6.30000000,1452.7400
1624694935257000,0,17.54383380,1452.9700
1624694938551000,0,18.35575500,1454.2600
1624694949048000,0,0.05000000,1452.9900
1624694957153000,1,4.96442726,1451.2400
1624694957464000,1,0.02408043,1451.0800
1624694957588000,0,0.12000000,1450.6300
1624694960508000,0,0.00002757,1450.6300
1624694960508000,0,0.03413136,1452.7100
1624694966953000,0,0.04226572,1453.6600
1624694969999000,1,0.01902796,1450.9500
1624694969999000,1,0.57689244,1450.7300
1624694981958000,0,10.40000000,1454.2000
1624694987623000,0,0.01500000,1454.8400
1624695000369000,1,0.01611725,1453.7400
1624695000369000,1,0.64210039,1453.7300
1624695000369000,1,0.48258521,1452.3700
1624695002747000,0,8.80530000,1456.1700
1624695036657000,1,0.51574892,1455.4700
1624695042395000,0,1.94456071,1457.2700
1624695042750000,0,0.06489485,1456.5100
1624695049229000,0,0.85178983,1457.1200
1624695051081000,1,0.01977661,1455.8400
1624695051155000,1,0.06387673,1455.8400
1624695056516000,1,0.58994885,1455.8400
1624695057545000,0,0.50000000,1457.3600
1624695057549000,0,0.34073100,1457.3600
1624695058517000,0,0.10108484,1457.2900
1624695059556000,0,0.06813450,1457.2900
1624695076501000,1,0.25000000,1456.9200
1624695077667000,1,0.14420192,1456.9900
1624695077791000,1,0.77289000,1456.9900
1624695106529000,1,3.78170794,1453.9100
1624695110174000,0,0.02047689,1456.2100
1624695111267000,1,0.02259184,1453.9000
1624695120408000,1,0.03316494,1451.7300
1624695120408000,1,0.00000001,1451.7300
1624695120821000,1,0.03316495,1450.6000
1624695124740000,0,0.02376603,1452.9400
1624695131900000,1,2.89937368,1450.0000
1624695131900000,1,1.00000000,1450.0000
1624695131900000,1,0.03431000,1450.0000
1624695133498000,1,0.65893212,1449.7300
1624695133523000,1,0.00000001,1449.7300
1624695136621000,0,0.01667693,1451.5800
1624695141262000,0,3.00000000,1452.1100
1624695141262000,0,1.40000000,1452.1200
1624695141262000,0,13.12515442,1452.1400
1624695141264000,0,3.41855239,1452.1400
1624695149216000,1,1.39999999,1451.1700
1624695149227000,1,0.00000001,1451.1700
1624695149761000,1,2.95232708,1450.2100
1624695149766000,1,0.62462220,1450.2100
1624695149770000,1,14.55196228,1450.2100
1624695149778000,1,0.18790878,1450.2100
1624695149883000,1,13.98317966,1450.2100
1624695156337000,0,0.04100229,1451.0000
1624695168565000,1,0.03035665,1449.0000
1624695168591000,1,0.00000001,1449.0000
1624695170566000,1,0.10555816,1448.4500
1624695170566000,1,0.00000001,1448.4500
1624695172924000,0,2.89413000,1450.1400
1624695173241000,0,2.60000000,1450.1400
1624695177117000,0,0.02051319,1450.8400
1624695177322000,0,0.05339173,1450.7700
1624695178312000,0,0.02025129,1450.7700
1624695179838000,0,0.17000000,1450.7700
1624695197866000,1,0.14480917,1448.5000
1624695222490000,1,0.05000000,1448.0000
1624695222910000,1,0.99999999,1447.9000
1624695222964000,1,0.00000001,1447.9000
1624695223524000,1,0.24999999,1447.5800
1624695223528000,1,0.00000001,1447.5800
1624695224359000,1,1.83170837,1446.6500
1624695227816000,1,1.10063809,1446.4700
1624695227817000,1,0.00000001,1446.4700
1624695229308000,0,6.30000000,1448.4800
1624695229308000,0,3.70000000,1448.5600
1624695242038000,0,0.01381372,1447.8500
1624695242324000,1,4.79380529,1446.4000
1624695242540000,1,0.00000001,1446.4000
1624695243634000,1,0.29999999,1446.0000
1624695244198000,1,0.00000001,1446.0000
1624695244198000,1,0.80000000,1445.5900
1624695244198000,1,3.00000000,1445.5500
1624695244198000,1,3.64644542,1445.5500
1624695246187000,1,0.24331176,1445.1000
1624695247664000,0,0.37430000,1447.6800
1624695262422000,1,0.01473559,1448.0500
1624695265665000,0,4.20000000,1450.8700
1624695265730000,0,2.50000000,1450.8700
1624695265796000,0,2.99427268,1450.8700
1624695265816000,0,1.04992623,1450.8700
1624695266862000,0,15.24351585,1450.8700
1624695269635000,1,0.01441582,1450.1600
1624695269635000,1,0.01441264,1450.1000
1624695269638000,1,0.00000001,1450.1000
1624695277125000,0,0.26388002,1450.3100
1624695278336000,0,0.02058308,1450.2200
1624695296280000,0,0.03312792,1454.0200
1624695297292000,0,1.00000000,1453.7700
1624695301427000,1,0.01450621,1451.5500
1624695301427000,1,0.03771614,1451.5500
1624695319546000,0,0.23704789,1457.4100
1624695324125000,0,0.03413261,1457.5500
1624695329005000,1,0.29809999,1453.9300
1624695329014000,1,0.00000001,1453.9300
1624695354546000,1,0.09251446,1453.0900
1624695377760000,1,0.18138926,1448.7600
1624695384088000,0,3.00000000,1450.3600
1624695391950000,1,0.03470458,1448.9400
1624695400126000,0,0.02054103,1450.1300
1624695407143000,0,0.06844460,1449.4700
1624695409070000,0,0.03420508,1448.7900
1624695412929000,0,0.03371641,1448.3700
1624695416324000,0,0.02027659,1447.4400
1624695420476000,0,0.07530350,1447.0000
1624695422495000,0,0.34429318,1448.6200
1624695437581000,0,0.50000000,1448.5000
1624695438123000,1,0.14473539,1447.7500
1624695440869000,0,0.03424851,1449.4400
1624695443869000,0,0.50000000,1449.5000
1624695443869000,0,0.50000000,1449.6300
1624695455829000,1,6.30000000,1447.7000
1624695458668000,0,0.34919449,1447.7900
1624695460640000,0,1.00000000,1447.5300
1624695469905000,0,0.34273115,1446.8100
1624695474521000,1,0.03100000,1445.0000
1624695474521000,1,1.48168357,1445.0000
1624695474521000,1,0.05000000,1445.0000
1624695474521000,1,1.50000000,1444.9900
1624695479007000,0,0.17831118,1446.3500
1624695485669000,0,0.49999999,1446.1000
1624695485673000,0,0.00000001,1446.1000
1624695493163000,0,0.13779446,1449.2600
1624695512996000,0,0.03376973,1447.0400
1624695521662000,1,0.65185148,1444.2900
1624695521695000,1,0.41720667,1444.2900
1624695522039000,1,1.00000000,1444.0000
1624695522039000,1,0.50000000,1444.0000
1624695522039000,1,10.00000000,1444.0000
1624695536606000,1,0.09306690,1443.0500
1624695537317000,0,2.00000000,1444.7300
1624695554756000,0,0.01808662,1445.1200
1624695560251000,0,6.82824287,1444.9500
1624695560476000,0,3.07175713,1444.9500
1624695560696000,0,0.50783676,1445.2100
1624695560717000,0,0.00000001,1445.2100
1624695576712000,0,0.04352639,1445.1000
1624695590378000,0,0.04121416,1444.7600
1624695595469000,0,0.95647000,1445.1000
1624695598681000,0,0.00000361,1445.1000
1624695598681000,0,0.64922639,1445.8900
1624695598720000,0,0.00000922,1445.8900
1624695609472000,1,50.40000000,1445.2600
1624695627624000,0,0.03379611,1445.5800
1624695658334000,1,5.90570000,1448.6000
1624695658454000,1,2.15000000,1448.6000
1624695658462000,1,15.11996327,1448.6000
1624695658519000,1,4.40000000,1448.6000
1624695658576000,1,14.55000000,1448.6000
1624695658636000,1,3.45000000,1448.6000
1624695674803000,0,0.33547352,1450.4700
1624695675483000,0,0.11137080,1450.4500
1624695678394000,1,0.14547401,1448.8400
1624695689211000,0,0.01500000,1449.5300
1624695691030000,0,4.33490000,1449.5300
1624695691577000,0,0.00009510,1449.5300
1624695691577000,0,5.79980490,1449.8200
1624695692323000,0,0.00018856,1449.8200
1624695692323000,0,4.34835261,1449.9800
1624695692323000,0,2.90145883,1450.3400
1624695718455000,0,2.03297817,1451.0700
1624695737402000,0,0.03348741,1451.0200
1624695738001000,0,0.02736764,1450.8600
1624695752845000,0,0.06768201,1450.7000
1624695755574000,1,0.10137701,1449.3200
1624695776652000,0,2.02710741,1450.8300
1624695777669000,0,1.01325724,1450.5000
1624695778665000,1,1.00121506,1449.7200
1624695794587000,0,0.04516834,1451.2000
1624695798591000,1,0.01719753,1450.5600
1624695798591000,1,0.12758899,1450.4100
1624695801212000,0,0.10000000,1451.6500
1624695809049000,1,1.50000000,1450.8800
1624695840349000,0,0.05416092,1452.1600
1624695840848000,1,4.00000000,1451.0400
1624695857285000,1,0.01741485,1452.2100
1624695863514000,0,0.09426321,1453.6400
1624695869416000,0,0.01711018,1453.5200
1624695869651000,1,1.04495427,1452.4100
1624695880344000,1,0.26480000,1452.8200
1624695880344000,1,0.00520000,1452.8100
1624695893933000,0,1.00000000,1451.3300
1624695898318000,0,0.33785087,1450.5500
1624695902617000,1,0.29866000,1449.4500
1624695902651000,1,0.00000005,1449.4500
1624695908370000,0,0.03000000,1448.2100
1624695910527000,0,0.04103470,1448.1400
1624695916500000,1,1.40000000,1445.9900
1624695918691000,1,0.14484075,1446.4900
1624695925369000,0,0.49999999,1448.1000
1624695925387000,0,0.00000001,1448.1000
1624695950053000,0,0.17224589,1447.9300
1624695957351000,0,0.03374042,1447.8700
1624695960325000,0,0.86046163,1448.1400
