timestamp ms,type,amount,price
1627344119531000,1,1.40000000,1887.2000
1627344119531000,1,2.24258877,1887.1900
1627344119531000,1,3.36380538,1887.0100
1627344119531000,1,4.48466209,1886.6900
1627344119531000,1,0.50894376,1886.6500
1627344120924000,0,0.59171910,1888.8600
1627344153639000,1,0.01345000,1883.6000
1627344163148000,0,0.82169999,1886.8600
1627344163149000,0,0.00000001,1886.8600
1627344210873000,1,2.24863008,1882.3000
1627344210873000,1,2.50241386,1882.0600
1627344235126000,1,2.24810000,1883.0100
1627344350532000,0,1.40000000,1888.4900
1627344393607000,1,0.11215540,1890.5000
1627344455766000,1,1.28790000,1893.9800
1627344486291000,1,0.02839662,1893.9000
1627344513708000,1,0.11215540,1896.5100
1627344533138000,0,1.58411203,1898.2600
1627344533839000,1,0.01064617,1897.0700
1627344533857000,1,0.04536732,1897.0700
1627344554192000,0,0.13012228,1896.3700
1627344699329000,1,1.40000000,1888.3400
1627344730482000,1,1.40000000,1889.3700
1627344730499000,1,8.51120000,1889.3200
1627344748601000,0,0.21811900,1886.2200
1627344756534000,0,0.92571700,1884.0500
1627344766519000,0,1.40000000,1880.4400
1627344767286000,0,0.09000000,1880.8500
1627344767286000,0,0.16620000,1880.8600
1627344776373000,0,0.10359285,1879.9600
1627344793882000,1,2.25230000,1878.9100
1627344817580000,0,0.44967000,1877.6400
1627344817583000,0,3.38467819,1877.9600
1627344819068000,0,1.40000000,1878.5900
1627344821937000,1,1.31000000,1879.1000
1627344821976000,1,2.25207764,1878.9600
1627344840252000,0,0.07539533,1877.9800
1627344844722000,0,0.02641276,1877.8600
1627344847847000,1,0.11000000,1875.0100
1627344848028000,1,1.34000000,1875.0000
1627344848069000,1,0.57016533,1875.0000
1627344848176000,1,1.06710000,1874.0200
1627344848374000,1,0.17004780,1874.1200
1627344848374000,1,0.09000000,1874.0300
1627344848374000,1,0.26457103,1874.0200
1627344848374000,1,0.53276504,1874.0200
1627344885098000,1,0.01068132,1872.4300
1627344885098000,1,0.53373755,1871.9400
1627344885098000,1,0.53367489,1871.8700
1627344885356000,1,0.53373755,1871.2100
1627344885491000,1,0.53367489,1870.8300
1627344885509000,1,0.53373755,1870.8400
1627344900600000,1,10.02302341,1871.1800
1627344900600000,1,0.44966999,1871.1700
1627344900600000,1,26.61199278,1871.0700
1627344903963000,0,0.98776818,1874.5000
1627344936957000,1,2.25359589,1877.7300
1627344955127000,0,0.01291143,1876.1600
1627344963106000,1,2.25658218,1875.1000
1627345007793000,0,6.11419820,1879.5700
1627345050593000,0,1.40000000,1878.7300
1627345082267000,1,1.39999999,1878.7600
1627345118916000,1,0.22882377,1877.8800
1627345124009000,0,0.02405013,1880.0500
1627345173148000,0,1.48300000,1877.2700
1627345173238000,0,1.39270000,1877.6900
1627345173241000,0,1.30030000,1877.6900
1627345173273000,0,8.73220000,1877.6900
1627345173479000,0,0.11000000,1877.6900
1627345173498000,0,1.06236174,1877.6900
1627345174027000,0,2.31710000,1879.0600
1627345174112000,0,0.00007758,1879.0600
1627345181042000,0,1.13990000,1881.3300
1627345183683000,0,0.44967000,1881.4900
1627345210583000,1,0.13773072,1883.0600
1627345220033000,0,1.30990000,1885.7200
1627345220828000,1,2.24382379,1885.6500
1627345220841000,1,0.00000001,1885.6500
1627345251396000,1,1.13149999,1887.0100
1627345251398000,1,0.00000001,1887.0100
1627345253980000,1,2.24297192,1886.1300
1627345253984000,1,0.00000001,1886.1300
1627345296938000,1,2.23848006,1890.1700
1627345328551000,1,0.06730855,1887.4200
1627345378292000,1,3.67109075,1886.5100
1627345378304000,1,0.71475568,1886.5100
1627345378341000,1,0.09807665,1886.5100
1627345388513000,0,1.40000000,1884.9200
1627345474309000,1,0.11220267,1887.2100
1627345486601000,0,2.04360000,1889.5300
1627345510980000,1,1.28780000,1887.2200
1627345528459000,0,0.09576444,1888.4200
1627345540338000,0,2.11810000,1890.8400
1627345600583000,0,0.01579273,1892.5600
1627345682970000,1,0.03591499,1890.2300
1627345797209000,0,0.05121068,1896.2900
1627345911342000,1,1.12086143,1893.4000
1627345913082000,0,0.02578850,1894.0200
1627345937745000,1,0.45000000,1889.8200
1627345937745000,1,1.17643136,1889.8100
1627345957556000,1,0.11000000,1889.1800
1627345958137000,1,0.93789700,1889.1800
1627345958138000,1,0.98967067,1889.1800
1627345976414000,0,0.02584157,1889.8700
1627346027815000,0,1.40000000,1894.4200
1627346053517000,0,0.10000000,1892.6700
1627346070690000,1,1.40000000,1891.0900
1627346070698000,1,0.44600000,1890.0700
1627346074633000,1,0.11204228,1890.1000
1627346163785000,1,9.87710000,1885.9100
1627346225488000,0,1.08290634,1889.0900
1627346228597000,0,1.08290635,1889.5800
1627346254136000,1,1.40000000,1885.7200
1627346254136000,1,1.27390000,1885.7100
1627346286791000,1,2.24643375,1883.9600
1627346286791000,1,0.54239471,1883.9600
1627346338386000,0,0.15858800,1883.7900
1627346429379000,1,0.01797000,1884.3000
1627346429896000,1,0.50470000,1884.8000
1627346429896000,1,1.74092813,1884.7900
1627346533821000,0,0.02573446,1889.2800
1627346636240000,0,5.75640000,1891.2000
1627346638263000,1,0.17066670,1890.6900
1627346760252000,0,1.61802608,1885.3700
1627346837745000,0,1.40000000,1892.2600
1627346837745000,0,1.00000000,1892.5100
1627346850945000,1,0.48978795,1891.0200
1627346850946000,1,0.91021205,1891.0200
1627346850946000,1,2.23815156,1890.9800
1627346851856000,0,0.50000001,1891.4600
1627346877636000,1,0.50000000,1888.7000
1627346947290000,0,1.40000000,1886.2100
1627346952283000,0,0.17583798,1886.7900
1627347008858000,1,1.40000000,1885.2300
1627347074910000,0,0.11000000,1885.8300
1627347137746000,1,2.24676441,1883.2600
1627347144496000,1,0.28580000,1883.4500
1627347160586000,0,0.15863500,1882.4200
1627347185139000,1,0.25000000,1880.6100
1627347185139000,1,0.24619794,1880.0700
1627347203714000,1,2.24791000,1882.5600
1627347221895000,1,2.05000000,1881.3600
1627347231716000,0,0.90501100,1879.7100
1627347249316000,1,1.45867406,1880.1100
1627347249353000,1,0.79285819,1880.1100
1627347249353000,1,2.58444017,1879.9900
1627347249358000,1,0.79285820,1879.9900
1627347259321000,1,1.42971978,1878.9300
1627347259344000,1,0.82313036,1878.9300
1627347281488000,1,1.20519794,1879.0500
1627347309435000,0,1.20520000,1881.2400
1627347309435000,0,2.25198709,1881.2500
1627347309435000,0,0.45116034,1881.4500
1627347309781000,0,1.20520000,1881.4400
1627347348025000,1,1.20520000,1883.9400
1627347473654000,0,2.24369998,1887.8000
1627347473675000,0,0.00000001,1887.8000
1627347473703000,0,1.17400000,1888.0800
1627347473768000,0,1.12020000,1888.0800
1627347473782000,0,0.67363041,1888.0800
1627347473804000,0,0.39768641,1888.0800
1627347480242000,0,1.04881769,1890.2100
1627347623636000,0,0.07890000,1893.2600
1627347707356000,1,0.61559527,1891.0900
1627347709155000,1,2.23846041,1891.0800
1627347722305000,1,0.00000001,1891.0800
1627347732928000,1,1.40000000,1888.1300
1627347736042000,0,1.40000000,1889.0400
1627347777829000,0,0.01593215,1889.9500
1627347811361000,1,3.69530000,1886.1800
1627347839521000,1,1.87299999,1885.1300
1627347839574000,1,0.00000001,1885.1300
1627347854245000,1,2.24630000,1884.0800
1627347867695000,0,0.59970000,1884.1800
1627348016471000,0,4.21890000,1883.2900
1627348016512000,0,1.41440000,1883.2900
1627348016639000,0,1.03050000,1883.2900
1627348023844000,1,2.24816000,1882.8400
1627348023860000,1,0.00000607,1882.8400
1627348080086000,1,2.25047976,1880.7700
1627348080086000,1,3.37548387,1880.6800
1627348083156000,0,0.90506200,1880.0800
1627348085801000,0,0.02320700,1880.0800
1627348166605000,0,0.01822112,1878.0200
1627348183670000,1,0.42490984,1877.5600
1627348198948000,0,0.68918372,1879.7600
1627348214302000,1,2.25135000,1880.2100
1627348227097000,1,0.68920000,1879.3800
1627348277416000,0,0.15883000,1877.6700
1627348305139000,1,0.39500000,1876.2000
1627348325663000,1,1.40000000,1876.7200
1627348325663000,1,6.20000000,1876.7100
1627348325663000,1,1.00000000,1876.6900
1627348325663000,1,1.50140086,1876.6800
1627348331059000,0,1.24120000,1878.7500
1627348376660000,0,1.00000000,1874.6000
1627348390658000,0,0.15896800,1873.9300
1627348417718000,1,2.25898000,1874.0500
1627348449249000,0,0.33747228,1875.7700
1627348449280000,0,0.00000001,1875.7700
1627348454076000,1,2.25693708,1875.4400
1627348477977000,0,2.26080520,1873.9100
1627348477977000,0,2.09124688,1873.9300
1627348477978000,0,3.09916152,1873.9300
1627348477979000,0,9.19899999,1873.9300
1627348494814000,0,0.15901500,1873.3800
1627348582583000,1,2.25960962,1873.1100
1627348582588000,1,1.00000000,1873.0000
1627348582596000,1,3.38937394,1872.9600
1627348582658000,1,2.02600000,1872.8400
1627348582782000,1,1.54148809,1872.7800
1627348582786000,1,0.71836454,1872.7800
1627348582786000,1,1.01366122,1872.5100
1627348582829000,1,0.52492149,1872.5100
1627348582830000,1,0.67846996,1872.5100
1627348582835000,1,0.68918264,1872.5100
1627348584940000,1,2.02600000,1871.1800
1627348588839000,1,4.19854560,1871.2800
1627348588840000,1,0.32245440,1871.2800
1627348595764000,1,4.33660000,1870.0000
1627348595965000,1,2.72994058,1870.0000
1627348595966000,1,2.89010849,1870.0000
1627348595987000,1,6.55802903,1870.0000
1627348637110000,0,0.33420396,1872.3900
1627348641031000,1,2.26153000,1871.5600
1627348641129000,1,0.00000054,1871.5600
1627348641129000,1,1.74489946,1871.5000
1627348641191000,1,2.41623150,1871.5000
1627348700462000,1,5.77986907,1867.8800
1627348700465000,1,0.42013093,1867.8800
1627348700535000,1,1.40000000,1867.8900
1627348700546000,1,1.17436929,1867.7600
1627348700548000,1,1.09107747,1867.7600
1627348700785000,1,0.02564414,1867.5000
1627348700785000,1,0.00935586,1867.5000
1627348701490000,1,0.00135366,1867.5000
1627348701490000,1,0.89171552,1867.2400
1627348701490000,1,0.10693082,1866.9000
1627348701492000,1,0.46579401,1866.9000
1627348701492000,1,0.53420599,1866.7500
1627348701765000,1,0.07500000,1866.7500
1627348701936000,1,0.39079401,1866.7500
1627348702074000,1,0.26467728,1866.3000
1627348702206000,1,0.73532000,1866.3000
1627348702378000,1,0.00000272,1866.3000
1627348702867000,1,1.34000000,1865.0000
1627348702900000,1,0.10000000,1865.0000
1627348702905000,1,6.56000000,1865.0000
1627348703248000,1,0.10555817,1864.8500
1627348704059000,1,0.01200000,1860.0000
1627348704059000,1,0.40000000,1860.0000
1627348704059000,1,0.37800000,1860.0000
1627348704611000,1,1.81750000,1860.0000
1627348704672000,1,7.10935483,1860.0000
1627348704672000,1,1.00000000,1860.0000
1627348704672000,1,0.65893213,1859.9800
1627348704709000,1,0.47941557,1859.2100
1627348704764000,1,1.50173771,1859.2100
1627348704764000,1,0.52700000,1858.0000
1627348704764000,1,0.05062488,1857.5000
1627348704764000,1,1.22254118,1856.6900
1627348704764000,1,0.04268898,1856.6200
1627348704764000,1,0.81653821,1855.2800
1627348706178000,1,1.34438000,1856.0000
1627348706194000,1,0.00000927,1856.0000
1627348706430000,1,0.05562000,1856.9800
1627348706602000,0,0.82328566,1858.4500
1627348706609000,0,0.41761434,1858.4500
1627348706609000,0,5.78238565,1858.4600
1627348706656000,0,0.41761435,1858.4600
1627348706673000,0,0.91640411,1858.4400
1627348708666000,1,0.18346179,1855.2800
1627348708666000,1,0.45296544,1855.2600
1627348708670000,1,0.00000001,1855.2600
1627348708734000,0,0.05968904,1858.1300
1627348710155000,1,0.45296000,1855.2700
1627348711231000,0,0.01506891,1858.0200
1627348713136000,0,0.09000000,1857.8400
1627348714477000,0,0.20212000,1859.5100
1627348715205000,0,0.45296545,1858.4400
1627348723615000,0,1.00000000,1861.1800
1627348723615000,0,15.90021367,1861.1900
1627348727422000,0,0.45296000,1861.4200
1627348731884000,1,2.05430000,1859.3000
1627348756118000,1,2.34105728,1855.7300
1627348756204000,1,2.65894000,1855.7300
1627348765688000,1,0.04000000,1853.4900
1627348765690000,1,0.00366115,1853.4900
1627348766042000,0,1.40000000,1853.8800
1627348766042000,0,3.61996987,1854.2000
1627348766697000,1,1.39999999,1853.6200
1627348766701000,1,0.00000001,1853.6200
1627348768260000,1,0.01079403,1852.8800
1627348768260000,1,2.08380597,1851.9900
1627348768280000,1,0.01079403,1851.9900
1627348768547000,1,7.19283947,1850.4400
1627348768548000,1,2.98023279,1850.4400
1627348768548000,1,2.98023279,1850.4400
1627348768551000,1,2.98023279,1850.4400
1627348768609000,1,2.21946216,1850.4400
1627348768609000,1,1.40000000,1850.3800
1627348768784000,1,0.11000000,1850.4500
1627348768784000,1,2.18000000,1850.1300
1627348768842000,1,2.03260668,1850.1300
1627348768845000,1,1.00000000,1850.0100
1627348768852000,1,1.00000000,1850.0000
1627348768852000,1,0.14100000,1850.0000
1627348768852000,1,4.22799037,1850.0000
1627348768852000,1,1.08237838,1850.0000
1627348768852000,1,0.10000000,1850.0000
1627348768852000,1,5.00000000,1850.0000
1627348768852000,1,0.08770938,1850.0000
1627348768852000,1,0.17681479,1850.0000
1627348768852000,1,0.62581532,1850.0000
1627348768852000,1,0.00000001,1850.0000
1627348768852000,1,5.50000000,1850.0000
1627348768852000,1,1.00000000,1850.0000
1627348768852000,1,1.00000000,1850.0000
1627348768852000,1,0.50000000,1850.0000
1627348768852000,1,0.43209175,1850.0000
1627348769648000,1,0.00019473,1850.0000
1627348769648000,1,0.45296545,1848.7000
1627348769648000,1,2.00000000,1847.7900
1627348769648000,1,2.06570000,1847.4700
1627348769648000,1,3.00000000,1847.0000
1627348769648000,1,6.58889908,1845.0500
1627348769684000,1,1.83593333,1845.0500
1627348769731000,1,0.32770017,1847.8800
1627348770224000,0,1.40000000,1850.5000
1627348782419000,1,2.11360000,1848.1200
1627348783868000,0,0.10000000,1848.4700
1627348785791000,1,1.40000000,1845.4900
1627348785804000,1,2.11360000,1845.2500
1627348785978000,1,1.00000000,1845.0000
1627348787937000,1,0.02597433,1843.7600
1627348789166000,0,1.40000000,1844.2800
1627348791323000,0,0.47320561,1845.0600
1627348791323000,0,6.32679439,1845.3100
1627348791507000,0,0.47320561,1845.3100
1627348798153000,0,0.45296000,1847.1000
1627348801069000,0,1.82970000,1845.5300
1627348803693000,0,1.40000000,1847.4800
1627348805990000,1,1.40000000,1846.8600
1627348824202000,1,3.43716227,1846.4000
1627348824205000,1,0.00000001,1846.4000
1627348847595000,1,7.40000000,1845.5700
1627348857800000,1,0.54202000,1842.5500
1627348857825000,1,0.00000305,1842.5500
1627348857825000,1,0.10555817,1842.5400
1627348858269000,0,0.46115237,1843.3400
1627348858269000,0,0.00000001,1843.3400
1627348859360000,0,1.40000000,1843.7900
1627348873698000,1,0.81100000,1843.9000
1627348876960000,0,1.40000000,1846.9100
1627348876960000,0,7.00050000,1846.9200
1627348879847000,1,1.40000000,1844.7200
1627348902077000,0,0.70050124,1849.3900
1627348905480000,1,1.28950000,1849.8100
1627348906570000,1,2.28863000,1849.4800
1627348910972000,1,2.28824000,1849.4200
1627348922166000,1,2.28844945,1849.2100
1627348922168000,1,0.00000001,1849.2100
1627348922168000,1,3.96154918,1848.9600
1627348922303000,1,3.41859000,1848.9400
1627348922478000,1,3.60000000,1848.7700
1627348922524000,1,3.83700000,1848.7700
1627348938370000,0,3.17220000,1850.1500
1627348945012000,1,2.28702000,1850.7400
1627348945052000,1,0.00000803,1850.7400
1627348946604000,0,15.29501247,1850.1400
1627348946659000,0,0.11000000,1850.1400
1627348946807000,0,1.01670000,1850.3900
1627348952648000,0,13.04009519,1853.0300
1627348964842000,0,1.40000000,1854.8300
1627348964842000,0,9.87633642,1854.8400
1627348964842000,0,1.00000000,1855.0600
1627348964842000,0,8.26300000,1855.0900
1627348964842000,0,86.27140000,1855.1300
1627348964842000,0,11.67643363,1855.2200
1627348965527000,1,1.40000000,1853.2500
1627348965864000,1,1.80190000,1852.5700
1627349034226000,1,1.00000000,1847.0500
1627349034344000,1,4.58100000,1846.9900
1627349034372000,1,2.29110000,1846.6000
1627349034387000,1,0.00007840,1846.6000
1627349034387000,1,3.43612160,1846.5700
1627349034565000,1,2.30200000,1846.3200
1627349034567000,1,5.14400000,1846.3200
1627349059135000,0,0.46787000,1847.1200
1627349181258000,0,1.40000000,1850.7200
1627349181258000,0,2.28878283,1850.8900
1627349181676000,0,3.43291135,1851.3000
1627349194725000,1,1.40000000,1851.9700
1627349199641000,0,0.08107437,1853.7300
1627349284247000,0,0.09273390,1851.7500
1627349456163000,0,2.28572550,1852.8800
1627349456163000,0,0.45795593,1852.9000
1627349533821000,1,0.15800000,1854.1800
1627349540135000,1,1.40000000,1853.2700
1627349648515000,0,1.39999999,1850.9100
1627349648518000,0,0.00000001,1850.9100
1627349710623000,0,2.29250000,1847.5600
1627349742504000,1,1.40000000,1846.5200
1627349756506000,0,1.40000000,1847.6100
1627349763510000,1,0.05000000,1847.6200
1627349777366000,1,6.46634840,1844.4700
1627349777368000,1,0.98965160,1844.4700
1627349803216000,1,1.40000000,1841.6900
1627349803426000,1,0.30000000,1840.8700
1627349805848000,1,1.00000000,1840.0000
1627349805848000,1,1.08170108,1840.0000
1627349805848000,1,0.91829892,1840.0000
1627349805853000,1,0.80447259,1840.0000
1627349805890000,1,0.30022849,1840.0000
1627349805890000,1,0.01200000,1840.0000
1627349805890000,1,3.00000000,1840.0000
1627349806276000,1,0.45066994,1838.6400
1627349806336000,1,0.50000000,1838.6400
1627349807887000,1,0.04933006,1838.6400
1627349810793000,0,1.40000000,1840.9400
1627349810823000,0,0.05539480,1842.0500
1627349821210000,1,1.40000000,1841.4800
1627349824679000,0,0.46502594,1842.3100
1627349824679000,0,0.93497406,1842.3100
1627349824679000,0,2.29969047,1842.3400
1627349825968000,1,2.10306216,1842.0900
1627349825972000,1,2.49093784,1842.0900
1627349826710000,0,2.29954332,1842.4000
1627349826720000,0,0.00000001,1842.4000
1627349826720000,0,3.44969396,1842.5400
1627349834418000,1,0.01655400,1843.3000
1627349835848000,0,1.27378842,1845.3300
1627349846137000,1,1.25720000,1843.2200
1627349846163000,1,1.99650000,1842.8400
1627349846163000,1,0.05000000,1842.6100
1627349858658000,1,0.20000000,1838.0000
1627349858658000,1,0.10563800,1837.8800
1627349858664000,1,0.00000001,1837.8800
1627349858745000,1,0.11000000,1836.7700
1627349859261000,1,0.54418099,1835.4900
1627349860835000,1,1.00000000,1835.2400
1627349860835000,1,0.61594721,1835.0000
1627349861941000,0,0.10000000,1837.1200
1627349863050000,0,0.02339655,1837.2100
1627349864133000,1,0.97742686,1835.0000
1627349865611000,1,6.19999999,1833.6100
1627349865612000,1,0.00000001,1833.6100
1627349865612000,1,0.45929518,1833.5200
1627349867839000,0,0.42079999,1836.6000
1627349867845000,0,0.00000001,1836.6000
1627349869594000,0,0.45929518,1837.2600
1627349873221000,1,4.52741093,1837.6600
1627349879117000,1,1.81600000,1837.7000
1627349891481000,1,0.87494635,1836.1700
1627349898091000,1,0.09999999,1833.0000
1627349898094000,1,0.00000001,1833.0000
1627349898094000,1,0.04324308,1832.8300
1627349901663000,1,0.01120000,1832.2500
1627349915589000,1,0.65893212,1831.2400
1627349915615000,1,0.00000001,1831.2400
1627349927565000,1,2.18367545,1831.5200
1627349937280000,0,0.11000000,1832.2600
1627349937285000,0,14.91571797,1832.2600
1627349937824000,1,0.41000000,1832.4300
1627349947895000,1,5.10000000,1830.9600
1627349979491000,1,0.69999999,1830.0000
1627349979501000,1,0.00000001,1830.0000
1627349979938000,1,1.00000000,1829.5100
1627349986682000,1,0.01093263,1829.3900
1627349986926000,1,1.40000000,1827.7600
1627349986926000,1,1.36625437,1827.1100
1627349986926000,1,0.54664524,1827.1100
1627349986926000,1,7.00000000,1827.0000
1627349988951000,0,1.40000000,1828.5000
1627350004584000,1,5.44270000,1829.7100
1627350023411000,1,0.10701899,1830.3700
1627350063148000,0,0.36970000,1833.2300
1627350063243000,0,0.00000239,1833.2300
1627350110867000,1,1.40000000,1835.6300
1627350110867000,1,1.09860290,1835.6200
1627350110884000,1,1.20759484,1835.6200
1627350133569000,0,1.39999999,1834.9400
1627350142470000,0,1.40000000,1836.0300
1627350142475000,0,1.00000000,1836.0500
1627350142504000,0,1.00000000,1835.8700
1627350142530000,0,1.30761312,1835.8700
1627350195796000,1,1.40000000,1837.2600
1627350235784000,0,1.96504000,1840.0000
1627350248098000,1,5.70000000,1838.1700
1627350274738000,1,1.50000000,1836.5900
1627350274848000,1,0.11000000,1836.5900
1627350275592000,1,0.16900000,1836.5900
1627350376936000,0,1.40000000,1849.0800
1627350390809000,1,1.40000000,1847.3300
1627350396363000,0,0.46432606,1849.8800
1627350410395000,0,0.02252841,1851.2000
1627350509222000,1,4.16970000,1847.9000
1627350510334000,1,2.90000000,1847.8700
1627350602920000,1,1.18323796,1845.6000
1627350602922000,1,0.21676204,1845.6000
1627350602922000,1,2.29394946,1845.5900
1627350602926000,1,3.44097596,1845.5200
1627350602928000,1,0.72463571,1845.4200
1627350602928000,1,0.27536429,1845.4200
1627350602934000,1,1.23720000,1845.1200
1627350602944000,1,3.35076794,1845.1200
1627350602944000,1,0.54161205,1844.7000
1627350602969000,1,5.73547077,1844.6100
1627350602969000,1,0.46432605,1844.5400
1627350602969000,1,7.50000000,1844.4000
1627350603005000,0,2.87023280,1844.2600
1627350603107000,1,1.00000000,1844.5500
1627350603107000,1,1.03350000,1844.0000
1627350603328000,1,0.32060291,1844.0000
1627350603328000,1,0.54171768,1844.0000
1627350603328000,1,3.52146507,1843.8800
1627350603399000,1,1.40000000,1844.6200
1627350603622000,1,0.92300000,1842.0500
1627350609285000,0,1.39999999,1843.7100
1627350621426000,0,0.16038000,1841.2100
1627350632129000,0,0.11000000,1839.5600
1627350632155000,0,1.26750000,1839.5600
1627350648974000,0,1.00000000,1840.0000
1627350676969000,1,0.54338965,1837.0800
1627350676971000,1,0.00000001,1837.0800
1627350919848000,0,1.40000000,1843.2700
1627350919848000,0,2.36834907,1843.2800
1627350928745000,1,1.40000000,1842.1800
1627350949942000,0,1.40000000,1842.1800
1627350977918000,0,1.97681210,1845.2300
1627351033429000,1,0.54406963,1836.4500
1627351033468000,1,0.00000001,1836.4500
1627351033544000,1,1.35986283,1836.2800
1627351041003000,1,1.36186321,1833.7300
1627351041003000,1,0.46217949,1833.7200
1627351041003000,1,3.46066943,1833.7200
1627351051188000,0,2.30883208,1835.3200
1627351098933000,1,0.41386844,1834.0000
1627351104511000,1,1.40283414,1835.4100
1627351124623000,1,0.25000000,1833.7200
1627351124623000,1,1.19000000,1832.9300
1627351131664000,1,0.11000000,1832.5100
1627351157957000,0,5.80999999,1831.8400
1627351157971000,0,0.00000001,1831.8400
1627351161217000,0,1.40000000,1833.1700
1627351200239000,0,0.05401394,1833.3100
1627351214436000,1,0.50000000,1830.0000
1627351247896000,0,6.20000000,1837.5600
1627351253789000,1,1.40000000,1835.9500
1627351306077000,1,0.54366735,1838.1800
1627351348695000,0,0.11507123,1841.0300
1627351381120000,1,0.49747175,1838.1200
1627351554697000,0,14.51100000,1845.4300
1627351554697000,0,2.50408453,1845.7100
1627351554714000,0,1.00000000,1845.4100
1627351560015000,0,1.40000000,1846.3600
1627351560025000,0,2.70985280,1846.3600
1627351560025000,0,1.00000000,1846.4100
1627351560322000,0,1.40000000,1846.9700
1627351562222000,1,1.40000000,1845.9400
1627351563733000,1,1.39999999,1845.7700
1627351563738000,1,0.00000001,1845.7700
1627351606178000,0,0.64800000,1844.5200
1627351707170000,1,0.03722766,1844.7600
1627351726956000,0,0.07104417,1845.2200
1627351899135000,0,1.40000000,1848.2300
1627351899166000,0,2.29280000,1848.3800
1627351899208000,0,0.00003732,1848.3800
1627351899208000,0,0.95000000,1848.4300
1627351899344000,0,0.46122613,1848.4600
1627351899405000,0,3.12140000,1848.5700
1627351899462000,0,1.04060000,1848.5700
1627351899567000,0,9.19910000,1848.5700
1627351899609000,0,0.00690000,1848.5700
1627351945832000,1,1.40000000,1847.4100
1627351959757000,0,0.05420000,1849.8000
1627352095740000,0,0.13282431,1843.4400
1627352148620000,0,2.07570000,1847.4900
1627352148632000,0,5.80000000,1847.5700
1627352148658000,0,1.06330000,1847.8100
1627352253690000,1,2.29520000,1844.3500
1627352266888000,0,0.05860610,1845.6100
1627352359175000,0,1.65350000,1849.1600
1627352370719000,1,0.54074514,1848.1800
1627352370721000,1,0.00000001,1848.1800
1627352396419000,0,1.74560124,1849.7700
1627352435567000,1,0.48279000,1850.0000
1627352435629000,1,0.00000487,1850.0000
1627352523665000,1,2.29149000,1847.6800
1627352543400000,1,2.29280000,1846.4900
1627352569762000,0,0.25249901,1847.5400
1627352622402000,0,0.02685425,1848.9500
1627352643060000,0,0.01153883,1849.8300
1627352731593000,1,0.35040000,1848.2400
1627352731593000,1,2.29132858,1848.2300
1627352731594000,1,0.00000001,1848.2300
1627352749949000,0,1.40000000,1847.1800
1627352840916000,1,1.40000000,1845.7400
1627352888695000,1,0.15000000,1846.0000
1627353009389000,1,1.44000000,1844.1000
1627353071636000,0,0.53977097,1843.4300
1627353078831000,1,0.53980000,1842.1900
1627353078831000,1,6.20000000,1842.1800
1627353078831000,1,1.00000000,1842.0800
1627353078831000,1,7.46800000,1842.0700
1627353078831000,1,4.59600000,1841.9700
1627353078831000,1,9.61086497,1841.6400
1627353078831000,1,2.00000000,1841.3300
1627353078831000,1,30.69570000,1841.3200
1627353078831000,1,0.46180067,1841.1800
1627353078831000,1,6.89698759,1840.9500
1627353078831000,1,0.79000000,1840.2700
1627353078831000,1,5.00000000,1840.1400
1627353078831000,1,0.90800000,1839.9900
1627353078831000,1,42.32001682,1839.9000
1627353121807000,1,1.44000000,1842.6700
1627353132036000,0,0.17223789,1843.0200
1627353135521000,1,1.40000000,1842.3400
1627353204262000,1,2.30410000,1837.8600
1627353204274000,1,0.00000853,1837.8600
1627353204279000,1,0.95000000,1837.6800
1627353204279000,1,2.50620000,1837.6200
1627353204335000,1,0.25000000,1837.5500
1627353210293000,0,1.40000000,1837.2300
1627353233302000,1,4.61499999,1834.5800
1627353233309000,1,0.00000001,1834.5800
1627353240287000,0,0.06128315,1836.4600
1627353263460000,1,1.44000000,1836.3300
1627353270230000,1,0.54410516,1834.2000
1627353416697000,1,2.27900000,1840.9400
1627353419638000,1,0.02117120,1840.9400
1627353474848000,0,7.65000000,1841.8400
1627353491173000,0,0.01563808,1841.7000
1627353563559000,0,0.02700168,1837.6700
1627353587127000,1,1.67572000,1835.9500
1627353587150000,1,0.63099300,1835.9500
1627353587188000,1,3.08230000,1835.8000
1627353596373000,0,0.53329761,1835.8600
1627353638082000,1,0.53330000,1833.6500
1627353652240000,1,1.36404758,1831.1900
1627353753645000,0,0.01968572,1837.0600
1627353755478000,0,0.05403217,1836.9600
1627353813692000,0,1.40000000,1834.2200
1627353814043000,0,0.01627434,1834.7900
1627353826782000,1,1.40000000,1833.4700
1627353826782000,1,2.30961701,1833.3400
1627353826782000,1,0.54486411,1833.0100
1627353826782000,1,1.86710000,1833.0000
1627353826782000,1,0.87841888,1833.0000
1627353836813000,0,0.02468670,1830.0000
1627353841235000,0,0.46443000,1830.6000
1627353850975000,1,2.31489036,1828.7800
1627353859945000,1,3.46955019,1829.7500
1627353859954000,1,2.87023280,1829.8300
1627353859954000,1,1.36532711,1829.4400
1627353867634000,1,1.40000000,1827.7000
1627353867634000,1,0.01500000,1827.6900
1627353867665000,0,0.46443000,1830.2500
1627353868919000,0,1.34600000,1830.5100
1627353882324000,1,0.53617596,1826.6200
1627353902574000,0,1.40000000,1831.1000
1627353908493000,1,1.44000000,1829.9500
1627353911292000,1,1.40000000,1831.5900
1627353917769000,0,1.40000000,1832.8500
1627353917769000,0,6.20000000,1832.8500
1627353917769000,0,1.47023280,1832.8600
1627353917995000,0,1.40000000,1833.0000
1627353952058000,1,1.40000000,1835.1200
1627353976246000,1,1.39999999,1833.9200
1627353976255000,1,0.00000001,1833.9200
1627353976494000,1,0.54452588,1833.2200
1627353976576000,1,1.40000000,1833.2300
1627353976576000,1,0.05000000,1833.2100
1627353980476000,0,1.40000000,1833.0700
1627354029015000,1,1.44000000,1835.3100
1627354136353000,0,0.02570741,1838.3800
1627354189876000,1,1.44000000,1838.4500
1627354225975000,0,0.47000000,1841.9700
1627354280755000,1,0.19480981,1842.2600
1627354287086000,1,2.29913463,1841.5200
1627354287086000,1,4.59691869,1841.4300
1627354287086000,1,0.54243466,1841.2800
1627354287086000,1,4.59747082,1841.1600
1627354287086000,1,0.46168665,1841.1100
1627354287086000,1,0.85306000,1840.9900
1627354287086000,1,1.35685183,1840.7600
1627354287086000,1,2.07699735,1840.7500
1627354287093000,1,4.09620264,1840.7500
1627354287123000,1,1.40000000,1841.6000
1627354287477000,1,1.21078365,1840.7600
1627354287496000,1,0.18921635,1840.7600
1627354287496000,1,0.53311837,1840.6600
1627354287498000,1,1.25329724,1840.6600
1627354287521000,1,2.10093790,1840.6600
1627354287537000,1,1.07165997,1840.6600
1627354287553000,1,0.92029557,1840.6600
1627354287565000,1,1.08088696,1840.6600
1627354287761000,1,0.13980399,1840.6600
1627354288011000,1,1.65330000,1839.3900
1627354288095000,1,0.64574472,1839.3900
1627354288489000,1,2.67855917,1838.8200
1627354288501000,1,0.54542451,1838.8200
1627354288501000,1,0.22458340,1838.8200
1627354288501000,1,0.63155660,1837.8000
1627354289482000,1,0.92300000,1837.8000
1627354289624000,1,1.65330000,1837.8000
1627354289797000,1,1.39020000,1837.8000
1627354291179000,1,0.06000000,1835.7400
1627354291942000,0,1.40000000,1838.5400
1627354292463000,0,1.40000000,1838.8300
1627354296655000,1,1.65330000,1835.8400
1627354297081000,1,1.25432864,1834.8700
1627354303656000,1,0.12931757,1836.5300
1627354303742000,1,1.18069966,1836.5300
1627354305576000,1,0.85592000,1834.9900
1627354305576000,1,0.33408000,1834.8700
1627354306236000,1,0.85000000,1835.1300
1627354306316000,1,0.00585000,1835.1300
1627354311623000,1,1.40000000,1835.9600
1627354311623000,1,0.37000000,1835.9500
1627354315592000,0,1.33340000,1838.3000
1627354317911000,1,6.09000000,1836.9800
1627354321798000,1,6.55000000,1836.8200
1627354321848000,1,2.30000000,1836.8200
1627354321898000,1,2.90000000,1836.8200
1627354321951000,1,3.58571000,1836.8200
1627354322012000,1,2.80000000,1836.8200
1627354322070000,1,1.55000000,1836.8200
1627354322119000,1,4.90000000,1836.8200
1627354322176000,1,1.95000000,1836.8200
1627354325054000,0,1.37659999,1837.3200
1627354325056000,0,0.00000001,1837.3200
1627354341900000,1,1.11985245,1835.3400
1627354341900000,1,8.23014755,1835.3400
1627354342013000,1,0.00546546,1835.3400
1627354382048000,0,0.38394769,1839.4400
1627354382430000,0,0.01005231,1839.4400
1627354383739000,0,0.11000000,1839.4400
1627354383742000,0,0.28300000,1839.4400
1627354419483000,0,0.32598000,1841.5600
1627354483967000,1,1.40000000,1838.2300
1627354483967000,1,0.31000000,1838.2200
1627354525531000,0,0.01404174,1839.2500
1627354538655000,1,0.02168476,1838.0300
1627354567903000,1,0.02500000,1835.3400
1627354575879000,1,4.14494000,1834.7600
1627354575914000,1,0.00000053,1834.7600
1627354580281000,0,1.40000000,1835.0400
1627354594950000,1,1.44000000,1834.0600
1627354612934000,0,0.16068800,1834.4000
1627354652170000,0,1.40000000,1835.9100
1627354694745000,1,0.63775684,1831.2000
1627354695395000,0,0.10000000,1831.9700
1627354695395000,0,1.30000000,1831.9700
1627354697315000,0,0.46168000,1833.5600
1627354699941000,0,0.46168666,1835.1300
1627354777139000,1,1.40000000,1835.4300
1627354777139000,1,1.14000000,1835.4200
1627354780010000,1,1.26740000,1835.8000
1627354799146000,1,0.11000000,1832.9500
1627354827626000,1,1.91416190,1831.2000
1627354827838000,1,3.62459000,1831.2000
1627354828890000,1,1.65000000,1831.2000
1627354838561000,1,1.40000000,1831.2000
1627354838621000,1,0.27349000,1831.2000
1627354838695000,1,0.00000126,1831.2000
1627354853377000,1,1.35000000,1829.9200
1627354855771000,0,1.25000000,1829.1400
1627354855810000,0,1.39999999,1829.2100
1627354855811000,0,0.00000001,1829.2100
1627354864005000,1,1.40000000,1827.5800
1627354864497000,1,0.54691431,1826.6100
1627354865065000,1,7.80000000,1825.2500
1627354865772000,1,5.60071232,1825.0000
1627354866532000,0,0.66324400,1824.5900
1627354866942000,0,1.40000000,1824.5800
1627354867131000,0,1.40000000,1824.8400
1627354867131000,0,1.89680000,1824.8500
1627354867134000,0,5.00320000,1824.8500
1627354868386000,0,0.46476000,1826.1600
1627354870049000,0,0.46476000,1827.0300
1627354873841000,1,1.40000000,1825.1200
1627354876416000,0,1.00000000,1824.6700
1627354876599000,0,1.94980000,1825.1800
1627354878772000,0,0.40000000,1824.5600
1627354882287000,0,1.80000000,1825.6100
1627354882833000,0,0.40698880,1825.6400
1627354891196000,0,1.94980000,1827.2200
1627354896945000,1,1.40000000,1826.7600
1627354907826000,0,1.40000000,1829.2600
1627354907914000,0,0.46476107,1829.6900
1627354907914000,0,1.00000000,1829.7000
1627354907914000,0,11.24461366,1829.7100
1627354922444000,1,5.00000000,1829.4300
1627354948324000,1,1.40000000,1833.3700
1627354948476000,1,1.40000000,1832.9800
1627354948476000,1,0.46476106,1832.3400
1627354948476000,1,0.54504824,1832.2000
1627354948476000,1,0.03019070,1832.1800
1627354949842000,1,2.56261000,1832.2100
1627354975601000,0,1.45000000,1829.6200
1627354985165000,1,1.00000000,1828.6900
1627354985165000,1,4.00000000,1828.6800
1627354985213000,0,1.40000000,1830.1700
1627354985213000,0,0.95000000,1830.3700
1627354985213000,0,6.50000000,1830.3800
1627354988405000,0,1.25000000,1830.1900
1627354988467000,0,1.06539000,1830.1900
1627354993427000,0,1.00000000,1830.1900
1627354993460000,0,1.31561486,1830.1900
1627354996953000,1,1.40000000,1829.2400
1627355025612000,0,1.00000000,1829.4400
1627355061218000,0,1.40000000,1827.4000
1627355095048000,0,1.80000000,1827.4000
1627355112727000,1,1.40000000,1827.7200
1627355112727000,1,1.00000000,1827.6200
1627355112727000,1,4.66784482,1827.6100
1627355124688000,1,1.40000000,1828.4600
1627355124688000,1,3.60000000,1828.4500
1627355129767000,0,0.24900000,1830.0300
1627355132180000,0,1.40000000,1830.8900
1627355160128000,1,1.40000000,1827.7700
1627355160128000,1,3.60000000,1827.7600
1627355168812000,0,1.35000000,1828.0700
1627355235988000,0,1.18561000,1826.2700
1627355236207000,0,2.40000000,1826.2700
1627355236263000,0,1.10000000,1826.2700
1627355236450000,0,1.60000000,1826.2700
1627355236512000,0,1.35000000,1826.2700
1627355236582000,0,1.05339000,1826.2700
1627355246738000,1,4.63700000,1825.2900
1627355246738000,1,0.36300000,1825.0700
1627355260246000,1,0.11595385,1825.2300
1627355268842000,1,1.40000000,1824.8000
1627355268842000,1,0.95000000,1824.8000
1627355268842000,1,2.65000000,1824.7900
1627355274192000,1,1.37960000,1824.8400
1627355286441000,0,1.20000000,1824.9800
1627355286506000,0,0.20000000,1824.9800
1627355287167000,0,1.40000000,1825.4100
1627355290566000,1,3.75181836,1825.1300
1627355290657000,0,7.66761000,1826.3200
1627355290900000,0,0.64539000,1826.3200
1627355294915000,0,0.01088835,1827.6400
1627355301415000,0,1.40000000,1828.1000
1627355344370000,1,1.40000000,1826.9900
1627355351363000,1,1.35000000,1826.2600
1627355362116000,1,2.31782572,1826.7100
1627355362116000,1,0.12217428,1826.7100
1627355373854000,0,2.31788741,1828.2000
1627355380361000,1,0.11588130,1829.1800
1627355387764000,0,0.04941441,1829.8100
1627355390974000,1,0.06747672,1826.6500
1627355403119000,0,1.40000000,1828.3500
1627355405864000,0,0.50000000,1828.9000
1627355460936000,1,2.31430000,1830.0400
1627355500541000,1,0.11588130,1830.9600
1627355555204000,0,0.02823412,1832.1800
1627355587639000,0,0.02711518,1831.8600
1627355620770000,1,0.11565721,1833.3000
1627355625906000,0,1.40000000,1834.7300
1627355710405000,1,0.41699999,1836.7500
1627355710406000,1,0.41699999,1836.7500
1627355710420000,1,0.41699999,1836.7500
1627355710430000,1,0.14900003,1836.7500
1627355740927000,1,0.11553267,1835.2600
1627355794953000,1,0.96530000,1838.3200
1627355794953000,1,1.47470000,1838.2200
1627355861109000,1,0.11541000,1838.8000
1627355874202000,0,1.00000000,1839.9500
1627355874202000,0,6.20000000,1839.9500
1627355874202000,0,10.73900000,1839.9600
1627355874202000,0,2.30384876,1839.9800
1627355874202000,0,6.60900000,1839.9900
1627355874202000,0,3.05409063,1840.0600
1627355927743000,1,8.90741361,1835.2200
1627355961826000,0,0.42257024,1837.0200
1627355962307000,0,0.55446320,1837.0200
1627355981165000,1,0.11524614,1837.7700
1627355983498000,1,2.30495336,1837.7600
1627356056797000,0,0.01600057,1842.6200
1627356057057000,0,1.38399943,1842.6200
1627356057057000,0,3.45094039,1842.8700
1627356057057000,0,0.95000000,1842.9900
1627356057057000,0,0.30998369,1843.0000
1627356065314000,0,2.30130000,1842.0000
1627356065337000,0,0.00006886,1842.0000
1627356065347000,0,3.45220000,1842.1200
1627356078651000,0,0.65370000,1843.1200
1627356096927000,1,1.40000000,1843.7800
1627356099908000,0,2.29898668,1843.8000
1627356100036000,0,1.72290000,1843.8000
1627356101232000,1,0.11507585,1843.1300
1627356177205000,1,2.44000000,1842.7500
1627356207355000,0,1.40000000,1845.5800
1627356207423000,0,2.29659000,1845.6800
1627356207444000,0,0.00000548,1845.6800
1627356227193000,0,6.02900000,1848.4200
1627356227750000,0,0.11490607,1847.7300
1627356227750000,0,0.33220905,1848.9400
1627356236668000,1,1.40000000,1845.9900
1627356240327000,0,0.11490607,1847.3200
1627356243487000,1,0.03323790,1845.6300
1627356245995000,0,16.83118127,1847.1400
1627356246013000,0,8.06910198,1847.1400
1627356246017000,0,4.47176375,1847.1400
1627356246021000,0,3.43963681,1847.1400
1627356246027000,0,1.80126000,1847.1400
1627356246027000,0,4.37135619,1847.1400
1627356268206000,0,1.31830000,1848.9300
1627356270309000,0,0.01560581,1849.4900
1627356295884000,0,1.55000000,1848.6700
1627356297677000,0,0.01750697,1848.8900
1627356322122000,1,1.40000000,1846.2400
1627356330561000,1,1.40000000,1845.0500
1627356341553000,1,0.11490607,1845.0200
1627356382213000,1,0.01360000,1845.0200
1627356443151000,0,0.01612412,1844.6000
1627356461731000,1,0.11474416,1842.4400
1627356467047000,0,0.10000000,1843.8300
1627356476586000,0,0.02656586,1843.9400
1627356478015000,1,0.78999999,1842.5100
1627356478018000,1,0.00000001,1842.5100
1627356495061000,0,1.40000000,1844.9300
1627356502425000,0,1.27340000,1845.4700
1627356516136000,0,0.05266099,1847.7500
1627356583892000,0,0.01599242,1846.1100
1627356594659000,0,0.11492000,1844.9500
1627356610720000,0,0.00000456,1844.9500
1627356612889000,0,1.86168000,1846.9800
1627356657417000,0,2.29333000,1848.3400
1627356657434000,0,0.00000105,1848.3400
1627356660459000,1,1.40000000,1847.5400
1627356660466000,1,0.50000000,1847.3300
1627356661680000,1,1.40000000,1846.7200
1627356668088000,0,0.42668904,1847.2000
1627356701897000,1,0.11481108,1845.5600
1627356727421000,1,0.01578856,1842.9200
1627356811765000,1,1.40000000,1842.9800
1627356811765000,1,1.04000000,1842.9600
1627356835863000,0,1.40000000,1843.5500
1627356837723000,0,0.11481000,1843.9400
1627356840696000,0,0.00000478,1843.9400
1627356850561000,1,0.01884719,1845.0600
1627356872240000,0,2.29516000,1846.4400
1627356897450000,0,2.29350000,1847.9400
1627356897508000,0,3.28840000,1847.9400
1627356897508000,0,0.10110000,1847.9400
1627356897508000,0,1.85560000,1848.0300
1627356897550000,0,7.38340000,1848.0300
1627356912665000,1,2.29313482,1847.0900
1627356942139000,1,0.11472257,1844.5500
1627357062139000,1,0.11481689,1843.2200
1627357063256000,1,1.40000000,1843.2400
1627357063256000,1,1.04000000,1843.1400
1627357080233000,0,0.05363354,1844.1300
1627357083320000,0,0.02697924,1844.0100
1627357098232000,0,1.40000000,1843.2200
1627357114429000,1,2.29000000,1842.6400
1627357114430000,1,0.00858331,1842.6400
1627357136564000,0,0.10000000,1843.3200
1627357143696000,0,0.05505270,1844.6800
1627357182200000,1,0.11481689,1843.6100
1627357228714000,0,0.01615687,1843.2500
1627357231006000,0,0.05263529,1843.3500
1627357284044000,1,2.29485870,1845.9500
1627357302312000,1,0.11493724,1845.8100
1627357320242000,0,0.24144902,1846.8000
1627357375553000,0,0.87861384,1845.6800
1627357422382000,1,0.11484748,1845.8300
1627357518274000,0,0.11000000,1847.3300
1627357542447000,1,0.11475364,1847.8800
1627357548073000,1,0.95529999,1849.3400
1627357548087000,1,0.00000001,1849.3400
1627357634525000,0,0.68018870,1847.8600
1627357634617000,0,1.80000000,1847.8600
1627357634686000,0,2.35000000,1847.8600
1627357634702000,0,0.16981130,1847.8600
1627357658729000,0,2.23230000,1847.3600
1627357662588000,1,0.11475364,1846.7100
1627357703599000,0,5.12700000,1850.6500
1627357703824000,0,1.80490000,1851.4900
1627357703901000,0,1.40000000,1851.2900
1627357720694000,1,1.28520000,1850.2000
1627357746494000,1,0.10667226,1851.3000
1627357782670000,1,0.11464419,1849.6800
1627357797030000,0,0.02649350,1849.8200
1627357834394000,1,0.11000000,1848.3500
1627357837534000,1,0.78141363,1848.3500
1627357837596000,1,0.00000001,1848.3500
1627357902711000,1,0.11458061,1848.5100
1627357911453000,1,0.68626702,1848.5000
1627357911506000,1,0.11000000,1848.5000
1627357922639000,0,0.01609870,1849.4400
1627358022893000,1,0.11461107,1847.1700
1627358083752000,0,0.05391405,1845.5300
1627358142973000,1,0.11475996,1843.2700
1627358230452000,0,0.21330000,1844.7200
1627358243057000,1,0.50000000,1843.2700
1627358263125000,0,0.11487000,1842.6700
1627358269075000,0,0.01348771,1843.9000
1627358315950000,0,0.01804072,1843.9900
1627358336275000,0,0.10600000,1843.5800
1627358336275000,0,0.02633776,1843.5800
1627358338780000,1,2.29864181,1842.3000
1627358338827000,1,1.33226993,1842.1700
1627358338828000,1,0.95578176,1842.1700
1627358338829000,1,0.85294449,1842.1700
1627358338842000,1,0.30688653,1842.1700
1627358338842000,1,0.74611255,1842.0600
1627358338843000,1,1.26448580,1842.0600
1627358355738000,1,3.00372803,1840.7900
1627358382862000,1,0.46040000,1839.8300
1627358383098000,1,0.00000869,1839.8300
1627358383098000,1,0.11494599,1838.9500
1627358503162000,1,0.11495468,1835.7800
1627358571941000,1,1.80777000,1835.8800
1627358594030000,0,1.65000000,1837.6200
1627358594066000,0,1.11230000,1837.6200
1627358594096000,0,5.44870000,1837.6200
1627358595076000,0,1.40000000,1838.0900
1627358595076000,0,3.35000000,1838.1000
1627358595429000,0,1.40000000,1838.1000
1627358595494000,0,3.85000000,1838.1000
1627358595604000,0,0.90000000,1838.1000
1627358607104000,0,1.11055721,1839.1900
1627358607110000,0,0.00000001,1839.1900
1627358611054000,0,1.36050000,1839.7300
1627358611331000,0,0.00000005,1839.7300
1627358615794000,1,0.11587227,1839.1300
1627358616147000,1,0.04635456,1839.1300
1627358636154000,1,0.44017526,1838.6300
1627358637151000,0,0.05336454,1839.9100
1627358656201000,0,1.40000000,1841.8300
1627358657389000,0,0.13364533,1842.9400
1627358686212000,0,2.30239000,1840.3200
1627358743403000,1,0.11511930,1840.5400
1627358765661000,1,1.40000000,1842.4300
1627358863484000,1,0.11497107,1846.8400
1627358898635000,0,0.03950435,1848.9100
1627358905004000,0,1.02681015,1849.1500
1627358937915000,0,0.02689218,1849.9800
1627358983592000,1,0.11497107,1848.5800
1627359106650000,1,0.11456275,1846.9800
1627359129782000,0,0.16151556,1848.3700
1627359148300000,0,0.11000000,1849.6300
1627359148302000,0,0.17000000,1849.6300
1627359148304000,0,2.00000000,1849.6300
1627359148310000,0,0.74000000,1849.6300
1627359148355000,0,2.80455802,1849.6300
1627359148366000,0,1.80000000,1849.6300
1627359148454000,0,0.11000000,1849.6300
1627359148502000,0,0.26544198,1849.6300
1627359207932000,0,1.34977570,1853.6800
1627359208027000,0,0.93728219,1853.6800
1627359208137000,0,3.43058685,1853.9500
1627359208617000,1,0.89768800,1853.7000
1627359211132000,0,9.42700000,1854.4200
1627359211132000,0,6.14300000,1855.0100
1627359211132000,0,5.59500000,1855.0600
1627359211132000,0,21.06700000,1855.2000
1627359211132000,0,2.00290000,1855.2100
1627359211132000,0,0.45984133,1855.2500
1627359211132000,0,0.08240912,1855.5400
1627359211132000,0,0.53918820,1855.9200
1627359211132000,0,2.28503778,1856.4700
1627359211132000,0,3.42755667,1856.8600
1627359211132000,0,0.53961881,1857.3900
1627359211132000,0,9.43035624,1857.4000
1627359211132000,0,3.50452505,1857.4000
1627359211132000,0,52.64996675,1857.4100
1627359218957000,1,0.27000000,1852.8500
1627359218969000,1,0.00610000,1852.8500
1627359226696000,1,0.11468836,1853.6000
1627359232344000,0,1.94859999,1857.1900
1627359232361000,0,0.00000001,1857.1900
1627359234000000,0,0.45984132,1859.1500
1627359234008000,0,0.00000001,1859.1500
1627359277143000,1,1.73960000,1859.1100
1627359279305000,0,6.98390011,1860.0000
1627359301710000,0,0.01422555,1858.4300
1627359304727000,0,0.01481545,1858.2900
1627359305772000,0,0.01481546,1857.9200
1627359306769000,0,0.01481545,1857.4500
1627359309028000,0,2.99075888,1857.4500
1627359309420000,0,1.40000000,1857.4400
1627359309420000,0,1.35122022,1857.4500
1627359311753000,1,1.30010000,1855.5600
1627359346870000,1,0.11400844,1853.2500
1627359423767000,1,7.07833000,1855.0900
1627359423811000,1,2.22167000,1855.0900
1627359430514000,0,0.50597105,1855.6200
1627359433047000,0,2.28466887,1855.5000
1627359433047000,0,3.42655616,1855.9000
1627359433052000,0,0.53911843,1856.0600
1627359433052000,0,0.45984133,1856.1800
1627359433052000,0,1.34776764,1856.4300
1627359433052000,0,5.71092694,1856.6800
1627359433052000,0,7.80000000,1856.7100
1627359433052000,0,1.02433229,1857.2900
1627359433166000,0,1.02518455,1857.2800
1627359433166000,0,2.47967825,1857.2900
1627359433166000,0,3.34738825,1857.3000
1627359433178000,0,1.92968202,1857.3000
1627359433185000,0,0.95986649,1857.3000
1627359433185000,0,0.61531429,1857.3000
1627359433185000,0,0.05472481,1857.4600
1627359433203000,0,0.21751165,1857.4900
1627359433434000,0,1.40000000,1857.2700
1627359433434000,0,0.53911843,1857.2900
1627359433434000,0,1.34776764,1857.2900
1627359433710000,0,0.05000000,1857.7800
1627359434393000,0,2.00000000,1858.9300
1627359466889000,1,0.11415368,1860.4600
1627359467484000,1,0.11000000,1860.4600
1627359467508000,1,1.17584632,1860.4600
1627359478116000,1,1.18400000,1860.0000
1627359478134000,1,3.26138172,1860.0000
1627359555411000,0,0.10000001,1857.5500
1627359577506000,0,0.10000001,1857.6200
1627359587009000,1,0.11399752,1856.4000
1627359634740000,1,0.45839687,1853.9800
1627359634741000,1,0.00000001,1853.9800
1627359697435000,0,0.01430205,1853.8000
1627359707101000,1,0.11426429,1852.5300
1627359776480000,0,0.01584277,1850.3800
1627359779551000,1,0.27769999,1849.1500
1627359827179000,1,0.11446624,1848.9200
1627359839055000,1,2.17659890,1848.9200
1627359839055000,1,3.43647911,1848.8800
1627359840314000,0,1.34700000,1849.8300
1627359840314000,0,1.19086890,1849.8400
1627359887201000,1,1.00000000,1849.9500
1627359921868000,0,0.01075850,1849.7000
1627359947256000,1,0.11460845,1847.1200
1627359956739000,0,1.40000000,1848.2800
1627359956739000,0,0.18833077,1848.2800
1627359957486000,0,0.02597057,1848.2200
1627359977472000,1,1.40000000,1847.7400
1627359977496000,1,3.43916366,1847.4500
1627359977568000,1,1.00000000,1846.9700
1627359977571000,1,0.75420357,1846.9400
1627359977574000,1,0.68815668,1846.9400
1627359977601000,1,2.58975394,1846.9900
1627359977601000,1,0.55366876,1846.9400
1627359977619000,1,2.58975394,1846.9400
1627359977721000,1,1.32164374,1846.5500
1627359977726000,1,2.69085989,1846.5500
1627359977730000,1,0.57362241,1846.5500
1627359977814000,1,1.40000000,1847.0000
1627360067367000,1,0.11470783,1847.6200
1627360080201000,1,0.18619201,1846.5100
1627360136421000,0,0.10400000,1849.2600
1627360136421000,0,0.42584477,1849.6600
1627360145199000,0,1.23100000,1850.4900
1627360172891000,0,0.45910000,1850.5800
1627360187430000,1,0.11470783,1849.8300
1627360234855000,0,1.40000000,1851.8400
1627360234997000,0,5.74000000,1852.0000
1627360234997000,0,6.74991914,1852.0100
1627360239642000,1,1.40000000,1851.8200
1627360239642000,1,0.95000000,1851.7300
1627360239744000,1,3.43125488,1851.6000
1627360239747000,1,0.95000000,1851.6000
1627360239747000,1,0.19074512,1851.6000
1627360239747000,1,3.24050975,1851.4000
1627360239759000,1,0.19074513,1851.4000
1627360247430000,0,0.53874235,1851.7200
1627360257225000,0,0.01852908,1849.6100
1627360259890000,0,0.06672253,1849.6000
1627360266074000,1,0.60540000,1847.0500
1627360266074000,1,0.45978416,1846.7600
1627360266074000,1,7.48812344,1846.2700
1627360298184000,1,4.59100000,1843.7500
1627360298296000,1,0.20000000,1843.6300
1627360307569000,1,0.11440181,1842.9100
1627360320297000,0,0.24517193,1844.7200
1627360371281000,0,0.02701575,1845.9600
1627360427686000,1,0.11475206,1845.9600
1627360451342000,0,0.05373672,1847.0600
1627360454476000,0,0.05373671,1847.0700
1627360511945000,1,2.29439000,1846.3400
1627360517722000,0,2.29560000,1846.6100
1627360517765000,0,0.00009804,1846.6100
1627360517765000,0,1.06010196,1846.7800
1627360587058000,1,2.29384000,1847.0300
1627360594445000,0,0.01663879,1847.6800
1627360626759000,1,0.11475364,1848.5000
1627360667812000,1,0.11475364,1847.6000
1627360690996000,1,0.05000000,1848.7300
1627360691022000,1,0.05000000,1848.7300
1627360709613000,1,1.18566902,1847.6800
1627360759781000,1,0.69680538,1848.2700
1627360759784000,1,0.73708032,1848.2700
1627360767133000,1,2.01198000,1847.6200
1627360779685000,1,0.02151102,1846.3900
1627360787856000,1,0.11465207,1846.6600
1627360811507000,1,2.29447000,1846.0200
1627360811520000,1,0.00000860,1846.0200
1627360851861000,1,0.02468934,1847.6500
1627360857924000,1,0.70000000,1847.4700
1627360877775000,0,1.40000000,1851.3900
1627360900580000,1,1.40000000,1850.1400
1627360907878000,1,0.11476418,1849.6800
1627360922988000,1,1.00000000,1850.0000
1627360924227000,1,0.37336406,1848.8500
1627360945266000,1,2.29277000,1847.4500
1627360983808000,1,0.07823405,1846.1200
1627361019807000,0,0.01610937,1849.0300
1627361027973000,1,0.11451448,1847.4400
1627361040294000,0,0.41030000,1848.9300
1627361040294000,0,0.66926457,1848.9400
1627361114469000,1,4.44538172,1849.4700
1627361121050000,0,0.04879215,1850.6200
1627361121054000,0,4.65120785,1850.6200
1627361134805000,1,0.44200000,1852.6100
1627361148055000,1,0.11453021,1853.6800
1627361155381000,0,0.18026608,1856.0700
1627361161610000,0,0.01072568,1855.3600
1627361168898000,1,1.00000000,1854.4300
1627361258622000,0,0.19785277,1855.4200
1627361268175000,1,0.11412658,1854.1000
1627361287851000,1,2.28469781,1853.9700
1627361298539000,0,0.03144051,1856.8400
1627361306121000,0,0.01631748,1856.7900
1627361312970000,0,0.20000000,1856.7600
1627361313121000,0,0.01605443,1856.7600
1627361314138000,0,0.01605444,1856.7600
1627361315158000,0,0.01605443,1856.7900
1627361400286000,0,1.04224696,1857.4200
1627361406365000,1,1.28510000,1855.9000
1627361412904000,0,0.10000000,1856.2000
1627361436464000,0,0.45869853,1855.1400
1627361446209000,0,0.01605080,1854.3400
1627361447417000,0,0.02635416,1854.3300
1627361455382000,1,0.58500000,1852.4100
1627361455382000,1,2.28684333,1852.4000
1627361455500000,1,4.57340000,1851.9500
1627361464174000,1,2.28851566,1850.3500
1627361527621000,0,10.13454559,1854.9800
1627361527621000,0,0.51030528,1855.1500
1627361533305000,1,2.28516000,1853.9400
1627361573101000,0,0.10000000,1855.2500
1627361578952000,0,0.26819078,1855.0600
1627361602242000,1,0.36820000,1855.1600
1627361602242000,1,3.42564840,1854.9500
1627361602251000,1,0.00000001,1854.9500
1627361602251000,1,0.45828700,1854.7000
1627361602304000,1,2.28367631,1855.1200
1627361602308000,1,4.56400000,1854.7000
1627361602308000,1,0.46196495,1854.5000
1627361602565000,1,0.53904205,1853.9700
1627361605326000,0,4.24780000,1854.2500
1627361605631000,0,2.05219999,1854.2500
1627361611969000,1,1.52413915,1853.6000
1627361646380000,1,1.00000000,1852.7400
1627361717753000,0,4.56059045,1852.7600
1627361747426000,1,0.40000000,1849.9500
1627361760249000,0,1.06747752,1850.5900
1627361805741000,1,0.20000000,1849.3700
1627361937309000,0,1.88767878,1851.2700
1627361949496000,0,0.24961098,1850.8400
1627361951107000,0,0.10000000,1850.5900
1627361953105000,0,0.10000000,1850.5500
1627361955144000,0,0.10000000,1850.5600
1627362006058000,1,1.11710000,1851.3000
1627362006058000,1,2.28817000,1851.3000
1627362053375000,0,0.03700000,1850.8300
1627362141316000,0,0.11000000,1853.0900
1627362141455000,0,0.27000000,1853.0900
1627362141467000,0,0.27000000,1853.0900
1627362141908000,0,2.39000000,1853.0900
1627362142232000,0,2.66000000,1853.0900
1627362236315000,1,0.02706130,1853.2500
1627362246408000,0,0.29239081,1855.1900
1627362281850000,0,1.40000000,1855.4300
1627362281850000,0,1.00000000,1855.4400
1627362281850000,0,5.60000000,1855.4500
1627362318124000,1,1.40000000,1853.8300
1627362371578000,1,0.10001656,1852.7300
1627362442594000,1,0.22940000,1853.3200
1627362442594000,1,1.77060000,1853.3100
1627362448043000,0,1.00093312,1853.9900
1627362448571000,1,0.02743623,1852.7200
1627362465278000,0,0.10708904,1854.8000
1627362466592000,0,0.10708904,1854.7900
1627362469667000,0,0.10708904,1854.6900
1627362480238000,0,2.14063816,1854.0000
1627362669682000,0,0.01660344,1852.6300
1627362750349000,0,3.44850000,1852.4500
1627362750786000,0,22.25000000,1852.4500
1627362750849000,0,3.65000000,1852.4500
1627362750925000,0,1.96277000,1852.4500
1627362750984000,0,1.20011000,1852.4500
1627362751006000,0,0.00000067,1852.4500
1627362777469000,0,0.79391262,1854.1800
1627362785233000,1,0.20330000,1852.9400
1627362785233000,1,1.79670000,1852.9300
1627362840331000,0,0.60084407,1850.9500
1627362888227000,0,0.02684299,1853.3700
1627362975186000,0,0.10472836,1851.2200
1627363029090000,0,0.26901959,1854.1400
1627363078173000,0,7.41999999,1855.7600
1627363154361000,0,0.32325234,1857.0900
1627363154361000,0,1.07674766,1857.0900
1627363168835000,0,6.20000000,1859.0100
1627363168835000,0,1.26840000,1859.1900
1627363168835000,0,0.95000000,1859.4000
1627363168835000,0,7.40800000,1859.4100
1627363168835000,0,3.98588944,1859.4500
1627363184159000,1,1.40000000,1857.1700
1627363188436000,0,6.20000000,1859.1200
1627363231689000,0,0.01601470,1860.3400
1627363237346000,1,1.25208571,1859.3200
1627363270177000,0,0.19407470,1861.6300
1627363338144000,0,0.05310562,1859.6900
1627363433138000,0,1.40000000,1862.5300
1627363433138000,0,3.93360572,1862.5400
1627363441086000,0,0.03730624,1862.5400
1627363452998000,0,0.01865514,1863.2900
1627363454019000,0,0.01865514,1862.9800
1627363455073000,0,0.01865514,1863.5800
1627363456078000,0,0.01865514,1863.4700
1627363457062000,0,0.01865514,1863.4200
1627363458105000,0,0.01865514,1863.4200
1627363459108000,0,0.01865514,1863.7500
1627363460141000,0,0.01865514,1863.6700
1627363461190000,0,0.01865514,1863.8500
1627363462172000,0,0.01865514,1863.8500
1627363471884000,1,0.19892121,1863.0400
1627363471886000,1,1.20107879,1863.0400
1627363482676000,1,5.00000000,1863.4600
1627363500935000,1,0.27590000,1862.7400
1627363508483000,0,2.00000000,1862.5300
1627363509878000,0,0.13393609,1862.5300
1627363537502000,0,0.05084445,1860.9700
1627363602926000,1,0.19892122,1862.5900
1627363602926000,1,3.82064028,1862.5800
1627363611982000,0,0.13348895,1863.4500
1627363627230000,0,3.41458478,1862.9700
1627363627230000,0,0.33274052,1863.2100
1627363627728000,0,0.33274052,1862.8700
1627363628725000,0,1.00000000,1862.8700
1627363630236000,0,0.94343953,1862.8700
1627363630236000,0,1.07203776,1862.9700
1627363630727000,0,1.65178214,1862.8700
1627363635748000,0,0.03210215,1862.8600
1627363677309000,0,1.40000000,1865.4200
1627363677522000,0,0.01093263,1865.9700
1627363677640000,1,0.15986400,1865.5100
1627363680774000,1,1.40000000,1868.3900
1627363693636000,0,0.02102000,1867.2600
1627363694134000,1,0.01444706,1866.2700
1627363702177000,0,0.01354180,1868.0300
1627363714941000,1,1.44605947,1866.2000
1627363715781000,0,2.27052071,1866.9900
1627363715786000,0,0.00000001,1866.9900
1627363717347000,0,2.12579000,1867.2100
1627363723022000,1,2.26950000,1866.3100
1627363725125000,1,2.60000000,1865.5700
1627363725182000,1,1.30000000,1865.5700
1627363725247000,1,0.63900000,1865.5700
1627363730693000,1,4.53900000,1865.1100
1627363739842000,0,0.01771638,1865.3900
1627363740872000,0,0.01771638,1865.1400
1627363741626000,0,1.40000000,1865.1300
1627363741626000,0,7.36628362,1865.1400
1627363741626000,0,0.13750590,1865.1400
1627363742040000,0,0.01771637,1865.1400
1627363760636000,1,1.40000000,1865.8200
1627363801056000,1,0.15973200,1867.9600
1627363806441000,0,0.53240658,1868.9100
1627363808735000,1,1.40000000,1867.4600
1627363830972000,0,0.49855567,1866.0500
1627363857133000,0,0.01573767,1865.8300
1627363858130000,0,0.03724385,1865.8300
1627363858231000,0,0.66521848,1865.8300
1627363858231000,0,1.33478152,1866.0600
1627363920268000,0,0.04847155,1862.9000
1627363986032000,0,1.40000000,1862.1300
1627363986032000,0,5.50435413,1862.1400
1627364022608000,1,1.40000000,1861.2200
1627364040312000,0,0.13552974,1861.7700
1627364086219000,0,0.10427506,1863.6900
1627364103810000,0,1.04268338,1864.6600
1627364107814000,1,1.14700000,1863.6500
1627364107847000,1,0.53637709,1862.7200
1627364107847000,1,4.54696883,1862.7100
1627364108009000,1,1.34095679,1862.2200
1627364108009000,1,4.43672269,1862.1700
1627364108066000,1,3.33460000,1862.1700
1627364119169000,1,1.40000000,1860.5900
1627364131505000,0,1.40000000,1861.3200
1627364131505000,0,2.33744820,1861.3500
1627364156421000,0,0.52607699,1860.1100
1627364157352000,0,0.69280569,1860.1100
1627364160278000,0,0.51388729,1860.1100
1627364184262000,1,0.11000000,1859.0200
1627364184500000,1,2.27100000,1859.0000
1627364184559000,1,2.06397000,1859.0000
1627364189616000,1,0.00000041,1859.0000
1627364196651000,0,2.27959371,1859.5300
1627364196651000,0,3.07113510,1859.6600
1627364201014000,0,0.16006538,1860.2300
1627364202041000,0,0.16006538,1860.0700
1627364205097000,0,0.16006538,1859.7000
1627364205356000,0,0.91983462,1859.7000
1627364205356000,0,0.44111519,1859.7100
1627364205848000,0,0.44111519,1859.7000
1627364207066000,0,0.16006538,1859.7100
1627364209318000,0,0.05337865,1860.0000
1627364226876000,0,1.03478279,1860.2300
1627364236938000,1,1.40000000,1859.0100
1627364236938000,1,2.27901129,1858.9400
1627364239888000,0,0.54758725,1859.1600
1627364240389000,0,0.05363482,1859.1600
1627364254463000,0,0.06235575,1859.7000
1627364258963000,0,0.05364067,1859.7000
1627364260348000,0,4.02300357,1859.7000
1627364267954000,0,0.00000001,1859.7000
1627364267954000,0,0.12605463,1860.9000
1627364268440000,0,0.12605492,1860.9000
1627364277171000,0,0.20000000,1861.5900
1627364280281000,0,0.01757565,1861.5900
1627364280997000,0,0.08743809,1861.3800
1627364291007000,1,0.33274052,1858.3800
1627364291007000,1,0.19672344,1858.3700
1627364309487000,0,2.00000000,1858.5900
1627364341826000,0,0.64528092,1860.4300
1627364342166000,1,1.40000000,1859.1700
1627364360823000,0,0.16056933,1859.0100
1627364366444000,0,4.55700000,1859.6600
1627364366444000,0,0.45531688,1859.7700
1627364366444000,0,6.60000000,1859.7900
1627364366444000,0,4.56145030,1859.8300
1627364366444000,0,2.09310000,1860.0400
1627364366444000,0,2.58975394,1860.3900
1627364366444000,0,9.16319198,1860.4000
1627364366444000,0,6.84295503,1860.4100
1627364366444000,0,5.70054680,1860.6300
1627364366444000,0,0.53762285,1861.1800
1627364366444000,0,34.05470000,1861.1900
1627364366444000,0,0.79000000,1861.2200
1627364366444000,0,9.12426175,1861.3700
1627364366444000,0,1.34404299,1862.0900
1627364366444000,0,16.18127056,1862.1000
1627364368109000,0,0.08181110,1859.6300
1627364382909000,0,0.05555465,1859.4300
1627364400289000,0,4.55500000,1860.3200
1627364400289000,0,5.40141160,1860.5100
1627364409640000,1,0.90850000,1859.0300
1627364411542000,1,2.25000000,1858.6300
1627364421535000,0,0.01600635,1859.2000
1627364444099000,0,2.28149653,1858.7400
1627364451072000,0,1.00000000,1859.3600
1627364499308000,1,2.28079594,1858.0900
1627364500050000,0,0.15974800,1857.9200
1627364532954000,0,6.20000000,1857.9100
1627364532954000,0,0.75112134,1857.9200
1627364549780000,0,0.13424601,1857.5900
1627364581388000,0,0.30059639,1858.5700
1627364598114000,0,8.26340000,1858.5700
1627364598136000,0,0.00000361,1858.5700
1627364615439000,0,0.85617213,1859.1500
1627364615533000,0,0.00000001,1859.1500
1627364639399000,1,1.40000000,1858.5500
1627364639960000,0,1.00000000,1859.3600
1627364644089000,1,1.40000000,1858.0000
1627364674315000,0,1.40000000,1857.1000
1627364696275000,0,0.15816783,1858.2200
1627364774852000,1,0.60218140,1856.9300
1627364798961000,1,0.20000000,1857.4700
1627364816311000,0,0.59735037,1858.0200
1627364834816000,1,1.60000000,1857.1200
1627364876235000,0,1.31883779,1858.7700
1627364878881000,0,0.30000000,1858.7700
1627364893477000,1,2.27904000,1859.7400
1627364905145000,1,2.27944000,1859.6600
1627364905214000,1,0.00000344,1859.6600
1627364906940000,0,0.01600696,1860.5000
1627364933608000,0,0.11000000,1860.5000
1627364949214000,0,0.70970000,1862.7300
1627364950894000,0,0.05339157,1863.5900
1627364979625000,1,2.27461000,1863.5400
1627364979639000,1,0.00000923,1863.5400
1627364980572000,1,2.27489000,1863.2900
1627364980595000,1,0.00000783,1863.2900
1627364980625000,1,3.41248000,1863.1700
1627364983521000,1,2.27000000,1863.8300
1627364983525000,1,0.00413178,1863.8300
1627365000881000,1,2.06107000,1865.1100
1627365000950000,1,0.21151000,1865.1100
1627365000962000,1,0.00000832,1865.1100
1627365001799000,0,1.00000000,1865.6300
1627365004368000,1,1.30196912,1864.4600
1627365004373000,1,0.97160388,1864.4600
1627365012851000,1,1.00000000,1863.0900
1627365017649000,1,2.27540000,1862.7100
1627365026508000,0,0.01333841,1864.5400
1627365056547000,1,0.05034042,1866.4200
1627365056719000,1,2.22034000,1866.4200
1627365063901000,0,3.02010000,1867.4200
1627365064161000,0,1.07630000,1867.5500
1627365087159000,1,2.26000000,1867.5200
1627365087179000,1,0.00961177,1867.5200
1627365102988000,0,2.26972227,1868.3700
1627365103015000,0,2.26527773,1868.3700
1627365103015000,0,0.00444455,1868.7900
1627365107063000,0,0.03017066,1869.8700
1627365120503000,0,1.05909385,1868.5600
1627365172502000,0,1.57870858,1867.7600
1627365175548000,1,1.40000000,1866.8300
1627365175597000,1,2.27022867,1866.7100
1627365194932000,0,0.06597405,1865.4900
1627365222044000,0,0.02767932,1865.6200
1627365240241000,0,0.49739093,1865.1700
1627365249698000,0,1.58709444,1864.6900
1627365266613000,0,4.54400000,1864.8600
1627365283112000,0,1.05160000,1868.6000
1627365297503000,0,0.50000000,1869.0000
1627365297503000,0,2.12701422,1869.0100
1627365298172000,1,0.53200000,1867.7000
1627365300922000,1,1.40000000,1867.0600
1627365305880000,0,1.40000000,1866.7000
1627365306661000,0,1.94494960,1866.8300
1627365321686000,0,0.52141103,1866.6000
1627365322663000,0,0.11348724,1866.6000
1627365329419000,0,3.59075845,1867.1100
1627365329476000,0,2.80924155,1867.1100
1627365332822000,0,0.05326352,1868.0700
1627365356097000,0,0.10508207,1867.8400
1627365413817000,0,0.30393404,1866.9000
1627365436064000,1,2.27131559,1865.7600
1627365436064000,1,4.53800000,1865.6600
1627365436064000,1,7.37700000,1865.6600
1627365436064000,1,4.54154232,1865.6000
1627365436064000,1,0.45622270,1865.5700
1627365436064000,1,1.75035756,1865.3900
1627365440082000,0,0.09800000,1866.8800
1627365440082000,0,2.27146760,1866.9300
1627365440082000,0,4.53800000,1867.0500
1627365440082000,0,3.40723333,1867.1000
1627365440082000,0,6.20000000,1867.1100
1627365440082000,0,7.37700000,1867.1200
1627365440082000,0,6.20000000,1867.1200
1627365440082000,0,6.00000000,1867.4400
1627365440082000,0,4.54277454,1867.4400
1627365440082000,0,9.36552453,1867.7700
1627365482798000,0,2.00000000,1868.3300
1627365544747000,1,0.02636563,1867.7700
1627365544987000,1,0.00053807,1867.7700
1627365572902000,0,0.14034099,1867.3700
1627365573517000,0,4.00951259,1867.3900
1627365587910000,0,0.53839439,1867.3800
1627365588401000,0,0.04007121,1867.3800
1627365598932000,0,0.02938712,1867.3100
1627365604471000,0,0.12008256,1867.3000
1627365604922000,0,0.03468816,1867.3000
1627365606492000,0,0.45622271,1867.9400
1627365606968000,0,0.07387967,1868.3300
1627365616437000,0,0.43374717,1869.6300
1627365630988000,0,0.36158886,1871.5300
1627365631443000,1,0.15962400,1870.3800
1627365651666000,1,1.36890000,1871.4500
1627365656859000,0,0.06378784,1871.8300
1627365666489000,1,4.00171152,1871.0300
1627365679019000,0,0.02913323,1871.5500
1627365685009000,0,0.29582858,1870.9000
1627365687520000,0,0.26644218,1870.8900
1627365688040000,0,0.51606120,1870.9000
1627365703624000,1,0.26650000,1868.5200
1627365717572000,0,3.72728836,1868.3100
1627365746628000,0,0.21246474,1866.9100
1627365751600000,0,0.12643205,1866.8100
1627365753101000,0,0.26791794,1867.0100
1627365758196000,1,0.21240000,1865.9000
1627365758602000,1,2.44000000,1865.5300
1627365768098000,0,0.73802013,1866.1200
1627365788663000,1,1.40000000,1864.1800
1627365788693000,1,0.53612979,1864.0100
1627365788865000,1,1.03920000,1863.7300
1627365788891000,1,0.11000000,1863.7300
1627365788975000,1,0.19112413,1863.7300
1627365812318000,0,1.40000000,1865.6000
1627365812318000,0,1.11874624,1866.0800
1627365818493000,0,0.01768488,1866.0000
1627365824691000,0,1.85610000,1865.7900
1627365824720000,0,0.14390000,1865.7900
1627365828205000,0,0.88125000,1866.0800
1627365847478000,0,0.00000376,1866.0800
1627365858166000,0,4.60000000,1867.4400
1627365891234000,0,0.63862069,1865.4800
1627365904930000,0,0.09696762,1864.8700
1627365908926000,0,1.00000000,1864.5700
1627365916546000,1,0.81518927,1862.9300
1627365921711000,0,0.95698537,1864.1000
1627365922721000,0,0.39717783,1864.1000
1627365935241000,0,0.36635780,1865.2000
1627365943735000,0,0.61067439,1865.6800
1627365948996000,0,0.01596414,1865.7200
1627365949768000,0,0.26750401,1865.7300
1627365957289000,0,0.08994089,1866.8100
1627365957614000,0,0.13324869,1866.8100
1627365960278000,0,0.27816897,1866.8100
1627365975790000,0,0.15123386,1867.3000
1627366009320000,0,0.22900000,1868.0300
1627366009320000,0,0.09931055,1868.5800
1627366011047000,0,1.40000000,1869.1500
1627366011047000,0,2.62820000,1869.2300
1627366011100000,0,2.07180000,1869.2300
1627366019633000,1,1.40000000,1868.5100
1627366047907000,0,0.05410782,1869.8300
1627366076934000,0,0.15000000,1870.4400
1627366087348000,1,1.24959999,1869.0000
1627366087352000,1,0.00000001,1869.0000
1627366110031000,0,1.50541690,1869.7600
1627366115585000,0,0.05273785,1869.7600
1627366129348000,0,0.01592465,1870.3500
1627366152348000,0,1.04351728,1871.9000
1627366166265000,0,2.26890000,1871.4200
1627366171398000,1,1.04350000,1870.7700
1627366176271000,0,1.61368429,1871.1500
1627366176284000,0,0.65302959,1871.1500
1627366178237000,0,0.27150944,1871.1700
1627366184550000,0,1.40000000,1871.4600
1627366184550000,0,1.84122962,1871.4700
1627366188680000,1,1.40000000,1869.9300
1627366191126000,0,0.45575103,1869.9300
1627366191126000,0,6.20000000,1870.3500
1627366191189000,1,28.61167013,1870.5700
1627366196538000,0,0.70644302,1869.9800
1627366223812000,0,0.01593023,1868.3800
1627366225852000,0,0.01416324,1868.2000
1627366226867000,0,0.01416324,1868.2000
1627366227872000,0,0.01416325,1867.9600
1627366255867000,1,0.14951445,1867.2500
1627366256447000,1,0.50000000,1867.2500
1627366259540000,0,0.61940000,1868.0700
1627366259540000,0,6.20000000,1868.0800
1627366259540000,0,2.27044157,1868.1700
1627366259540000,0,1.91015843,1868.3000
1627366302873000,1,0.61939045,1866.0700
1627366302874000,1,0.58045652,1866.0700
1627366302890000,1,0.61987024,1866.0700
1627366303037000,1,1.77190000,1865.8200
1627366321066000,0,6.79999999,1866.6100
1627366329808000,0,0.01647794,1867.7300
1627366362928000,0,0.01593707,1867.4100
1627366384445000,0,0.01845343,1867.7500
1627366389860000,0,2.27070704,1868.1900
1627366391070000,0,0.48371237,1869.2100
1627366436407000,0,1.40000000,1868.7000
1627366436407000,0,2.27038784,1868.7100
1627366436407000,0,2.11902495,1868.7200
1627366440253000,0,2.00000000,1870.0100
1627366440253000,0,3.29786520,1870.0200
1627366501195000,1,1.40000000,1870.5100
1627366506619000,0,0.01373208,1870.8800
1627366541284000,0,0.02631689,1868.6100
1627366559764000,0,0.03144472,1868.6000
1627366560288000,0,0.21598712,1868.6100
1627366563141000,1,0.41857000,1868.0000
1627366564865000,0,0.03144473,1868.4200
1627366565883000,0,0.03144472,1868.4200
1627366571031000,1,0.00000869,1868.0000
1627366616433000,0,0.46336812,1867.4300
1627366617241000,0,0.13170517,1867.4300
1627366617413000,0,0.10493283,1867.4300
1627366629098000,0,0.02661609,1869.1700
1627366629202000,0,0.26690991,1869.1700
1627366645940000,0,0.01558869,1870.0200
1627366673839000,1,1.00000000,1867.5000
1627366676448000,0,0.02571604,1868.4100
1627366680334000,0,0.04237229,1867.6000
1627366689548000,0,0.29547852,1867.1200
1627366693439000,0,2.27206831,1866.7900
1627366694534000,0,0.00000001,1866.7900
1627366694534000,0,0.72218567,1867.1300
1627366695027000,0,0.72218567,1866.7900
1627366698586000,0,0.63744006,1867.0000
1627366705519000,0,0.20931378,1867.7700
1627366708543000,0,3.10316150,1867.7700
1627366708602000,0,1.28752472,1867.7700
1627366722432000,0,0.01417523,1869.3000
1627366723479000,0,0.01417522,1869.3000
1627366724495000,0,0.01417523,1868.8700
1627366798970000,0,0.05321965,1869.6100
1627366822205000,0,0.05133690,1869.9100
1627366834505000,0,2.26720000,1870.9600
1627366834508000,0,0.00008068,1870.9600
1627366834508000,0,3.40111932,1870.9800
1627366872859000,0,0.01579386,1870.8100
1627366920727000,0,0.31979524,1871.5100
1627366956063000,0,0.26520872,1872.6500
1627366966473000,1,0.71800000,1871.0100
1627366966531000,1,0.50000000,1871.0000
1627366968241000,0,0.50000000,1871.4500
1627366974771000,0,0.50000000,1871.0500
1627366986511000,0,2.26900000,1869.7400
1627367025498000,1,0.50000000,1868.2100
1627367025498000,1,1.94000000,1868.2000
1627367038080000,0,0.01415552,1869.1100
1627367040310000,0,0.06247613,1869.3300
1627367042139000,0,0.01415476,1868.5800
1627367043086000,0,0.01415476,1868.5800
1627367044090000,0,0.01415476,1868.5700
1627367045124000,0,0.01415476,1868.5700
1627367046212000,0,0.01415476,1868.3200
1627367050711000,0,2.04820078,1868.5500
1627367050858000,0,2.00292884,1868.5500
1627367051242000,0,0.01593082,1868.5500
1627367051492000,1,1.40000000,1867.7900
1627367051492000,1,1.00000000,1867.7800
1627367051492000,1,13.55000000,1867.7700
1627367051492000,1,0.91655791,1867.6700
1627367056059000,1,0.53521000,1867.1000
1627367056147000,1,0.86479000,1867.1000
1627367056147000,1,1.40481000,1867.0800
1627367058959000,0,0.05311904,1867.7100
1627367062921000,0,0.52908642,1867.6500
1627367083444000,1,2.27032000,1866.7700
1627367095489000,0,0.10627619,1867.8800
1627367114631000,0,1.28599458,1869.3700
1627367126281000,0,0.01312505,1870.8300
1627367128531000,0,0.54267142,1870.8300
1627367134182000,0,0.05305430,1870.8900
1627367134571000,0,0.18834570,1870.8900
1627367134571000,0,2.26714713,1870.9000
1627367134633000,0,3.23250000,1871.0500
1627367155964000,1,1.40000000,1872.8100
1627367155964000,1,1.04000000,1872.8000
1627367198336000,0,0.04087872,1874.0800
1627367206287000,0,1.35910000,1874.2400
1627367207951000,0,0.13242100,1874.9700
1627367213141000,1,1.00000000,1873.8600
1627367214148000,0,0.01589130,1874.6200
1627367217557000,0,0.26090461,1873.9600
1627367223987000,1,1.40000000,1872.5600
1627367224229000,1,0.83939638,1872.1200
1627367224536000,1,0.53376604,1872.0900
1627367227549000,0,6.20000000,1872.0300
1627367227549000,0,1.40000000,1872.1100
1627367247432000,0,2.26560000,1872.0900
1627367249192000,0,0.05330000,1873.6700
1627367250548000,0,1.40000000,1873.9100
1627367250548000,0,0.58510000,1873.9200
1627367262048000,0,0.10614352,1874.8200
1627367271421000,0,0.04300000,1874.9800
1627367271958000,0,0.00024308,1874.9800
1627367271958000,0,0.01564754,1875.7800
1627367280714000,1,2.12623000,1874.3700
1627367280781000,1,0.13532000,1874.3800
1627367280925000,1,1.26468000,1874.3800
1627367283778000,1,0.20160000,1873.8700
1627367288073000,0,0.01411648,1874.6300
1627367289088000,0,0.01411648,1874.6300
1627367312220000,0,0.14539924,1875.4600
1627367324812000,0,0.06940903,1874.6000
1627367325381000,0,5.43050000,1874.6000
1627367325403000,0,0.00009097,1874.6000
1627367346469000,1,1.40000000,1872.8300
1627367346469000,1,1.04000000,1872.8200
1627367370486000,0,1.25460000,1875.8800
1627367385097000,1,0.53336000,1873.5900
1627367391028000,1,0.15849000,1874.1000
1627367391941000,0,0.01411128,1874.7100
1627367396008000,0,0.01763770,1874.6600
1627367399369000,1,0.00000192,1874.1000
1627367403073000,1,1.85655000,1873.4100
1627367403116000,1,0.40671000,1873.4100
1627367403201000,1,0.00000014,1873.4100
1627367403201000,1,1.69328986,1873.2300
1627367403250000,1,1.70155000,1873.2300
1627367405601000,1,0.00000731,1873.2300
1627367405601000,1,1.52057791,1873.1800
1627367408060000,1,0.74303000,1873.1800
1627367408262000,1,0.53356099,1872.6000
1627367408262000,1,1.33387901,1872.6000
1627367409493000,1,0.22000000,1872.0800
1627367414410000,1,0.01998901,1871.3600
1627367422493000,0,0.02125182,1872.7800
1627367429648000,1,2.26497000,1872.3600
1627367437668000,0,1.40000000,1873.2600
1627367437668000,0,0.58008185,1873.2700
1627367443909000,0,0.03000000,1873.2500
1627367444946000,0,0.03000000,1873.2500
1627367446973000,0,0.03000000,1873.2600
1627367451382000,0,0.03000000,1873.2600
1627367452605000,1,0.00000560,1872.3600
1627367452605000,1,2.26539081,1872.1600
1627367452605000,1,1.39999359,1872.1600
1627367452750000,1,2.00000000,1871.8300
1627367457136000,1,0.06728815,1871.2600
1627367458946000,0,0.05181475,1872.8400
1627367463142000,0,0.98520157,1872.4500
1627367478675000,1,2.25000000,1871.6900
1627367506933000,1,1.40000000,1870.6500
1627367506933000,1,1.11000000,1870.6400
1627367515439000,0,1.38840000,1872.7600
1627367515439000,0,5.40000000,1872.7700
1627367517192000,0,0.10416034,1874.0000
1627367520256000,0,0.11128068,1874.3000
1627367529005000,0,0.05253838,1874.0100
1627367556955000,0,0.87055284,1872.7400
1627367569631000,1,0.40000000,1871.5400
1627367572554000,0,0.99756746,1872.6400
1627367576428000,0,0.01310669,1872.8500
1627367577366000,0,0.66693726,1872.8500
1627367578281000,0,0.15899200,1872.8500
1627367578796000,1,0.57470000,1871.5400
1627367586938000,1,1.75000000,1870.9100
1627367586994000,1,0.51647000,1870.9100
1627367593394000,0,0.30580026,1871.9500
1627367598469000,0,0.10238028,1872.1200
1627367633021000,1,2.10645000,1871.4500
1627367633074000,1,0.15961000,1871.4500
1627367637802000,1,2.26652667,1871.0500
1627367637802000,1,0.30579333,1871.0500
1627367645382000,0,1.99999999,1871.0400
1627367645648000,0,0.00000001,1871.0400
1627367645648000,0,7.39999999,1871.3800
1627367716358000,0,0.15907447,1871.8100
1627367741997000,0,0.10603153,1872.2300
1627367756242000,0,0.05183463,1872.2700
1627367757239000,0,0.02094262,1872.2700
1627367791588000,1,1.71807000,1869.4700
1627367796186000,0,0.15864647,1870.0800
1627367805823000,0,0.03022995,1869.4100
1627367810698000,0,0.09363344,1869.5200
1627367818569000,0,0.13089207,1869.5400
1627367820774000,0,0.32065299,1869.4200
1627367820828000,0,0.05309113,1869.4200
1627367824763000,0,0.10665092,1869.3200
1627367830771000,0,0.26675916,1869.2200
1627367837764000,0,0.05332446,1868.6500
1627367842875000,0,2.75000000,1868.2800
1627367842879000,0,0.40764161,1868.2800
1627367842885000,0,2.52226173,1868.2800
1627367867501000,1,0.97930000,1870.5500
1627367867555000,1,2.05000000,1870.5400
1627367888612000,0,6.20000000,1868.7500
1627367888612000,0,2.58975394,1868.8400
1627367888612000,0,0.50000000,1868.8400
1627367888612000,0,1.79291905,1868.8500
1627367902003000,1,1.40000000,1867.7600
1627367902003000,1,1.15000000,1867.7500
1627367902918000,0,0.26611501,1869.5300
1627367934126000,1,2.26929000,1868.4400
1627367940639000,0,0.01520769,1868.8700
1627367941644000,0,0.05189748,1868.8700
1627367941711000,0,1.33289483,1868.8700
1627367955461000,0,0.07902486,1869.7400
1627367979658000,0,0.01426237,1870.7500
1627367985655000,1,0.45404000,1868.8800
1627367990863000,0,0.05308722,1869.6300
1627367997396000,0,0.01592325,1870.7900
1627368025713000,0,0.62022483,1872.4500
1627368025979000,1,2.26609000,1871.2600
1627368048556000,0,0.01364186,1871.9900
1627368049541000,0,0.01364186,1871.9900
1627368050556000,0,0.01364186,1871.9800
1627368051962000,0,0.01364186,1871.9500
1627368052982000,0,0.01364187,1871.8900
1627368063228000,1,0.73080000,1870.6500
1627368070764000,0,0.01856006,1871.7400
1627368116424000,0,0.02618340,1871.6700
1627368119976000,1,0.45487000,1870.6900
1627368126227000,0,0.01855934,1870.6800
1627368134147000,1,1.43802000,1869.4400
1627368143119000,0,0.02332041,1870.6900
1627368180597000,0,0.52374829,1872.9300
1627368184851000,1,1.75759000,1871.6800
1627368196975000,0,5.48939402,1872.2000
1627368197812000,0,0.05260124,1872.1900
1627368198472000,0,2.41060598,1872.2000
1627368198472000,0,0.13558784,1872.7600
1627368206547000,0,0.01328114,1872.5800
1627368242423000,0,0.01310564,1872.7300
1627368249189000,0,0.49483214,1872.5000
1627368265008000,1,2.15000000,1872.3800
1627368359282000,0,0.05232528,1872.0600
1627368392810000,0,0.01590733,1870.8700
1627368400815000,1,2.26850000,1869.4700
1627368400834000,1,0.00000774,1869.4700
1627368400882000,1,0.00000823,1869.4400
1627368402452000,0,0.02628820,1869.3300
1627368403719000,0,0.10403121,1869.3300
1627368403730000,0,0.00000001,1869.3300
1627368404157000,0,0.03000000,1870.1900
1627368416455000,0,0.01570846,1869.4500
1627368424051000,0,0.67265000,1869.0800
1627368440266000,1,0.75000000,1866.0000
1627368441042000,0,0.15934000,1867.0000
1627368470136000,0,0.01541379,1868.2100
1627368474636000,0,0.05312615,1868.2000
1627368476295000,0,0.10478070,1868.2000
1627368476740000,1,2.27198156,1866.7800
1627368479255000,0,0.01701737,1867.5000
1627368488600000,0,0.03692102,1867.9900
1627368494988000,0,0.01594345,1868.5500
1627368509173000,1,0.28270000,1867.2700
1627368509173000,1,1.98860000,1867.2600
1627368516234000,0,0.20941704,1867.0400
1627368531919000,1,2.27481179,1864.1900
1627368536740000,1,0.00000268,1862.7100
1627368536740000,1,0.95000000,1862.2500
1627368536740000,1,0.53633107,1862.2400
1627368536747000,1,2.58975394,1862.2500
1627368537047000,0,1.40000000,1863.1900
1627368537047000,0,0.45487626,1863.2000
1627368537047000,0,2.16911874,1864.0200
1627368537258000,0,0.11738800,1863.9200
1627368558052000,1,1.40000000,1862.5200
1627368572899000,1,6.20000000,1860.0100
1627368572911000,1,5.68240860,1860.0000
1627368573004000,1,0.53725313,1859.6500
1627368573004000,1,0.19612569,1859.6500
1627368573022000,1,1.14702092,1859.6500
1627368573025000,1,0.59879826,1859.4800
1627368573048000,1,0.50340686,1860.0100
1627368573050000,1,0.56093908,1860.0100
1627368573051000,1,0.21891406,1860.0100
1627368573051000,1,0.59481799,1859.4800
1627368573073000,1,0.82838375,1859.4800
1627368573073000,1,0.03463658,1859.4000
1627368573078000,1,0.98528154,1859.4000
1627368573078000,1,0.58248696,1859.4000
1627368573080000,1,0.58613464,1859.4000
1627368573080000,1,1.33408559,1859.4000
1627368573093000,1,0.86302033,1859.4000
1627368573096000,1,0.50702444,1859.4000
1627368573099000,1,1.04641215,1859.4000
1627368573100000,1,0.69760810,1859.4000
1627368573100000,1,0.63288157,1859.4000
1627368573101000,1,0.56815505,1859.4000
1627368573104000,1,1.41146906,1859.4000
1627368573152000,1,0.75858957,1859.8200
1627368573153000,1,0.59879826,1859.8200
1627368573226000,1,2.06186384,1859.8200
1627368573502000,1,0.09000000,1859.0100
1627368573502000,1,3.40240000,1859.0000
1627368573538000,1,0.09005550,1859.0000
1627368573712000,1,1.19279612,1857.6400
1627368573728000,1,0.20720388,1857.6400
1627368573728000,1,0.27870760,1857.6300
1627368573890000,1,0.25854553,1857.6300
1627368573890000,1,1.34305447,1857.6300
1627368576464000,0,1.40000000,1857.9200
1627368576464000,0,0.09000000,1857.9200
1627368583407000,0,6.00000000,1858.4100
1627368589802000,0,0.01776985,1859.2200
1627368590847000,0,0.01776986,1860.2200
1627368591831000,0,0.01776985,1860.7100
1627368594720000,1,0.02857000,1859.6600
1627368629006000,1,2.27886000,1860.9500
1627368629962000,1,0.00000027,1860.9500
1627368630038000,1,0.53716655,1859.6700
1627368630038000,1,0.80573345,1859.4400
1627368645833000,0,1.87330000,1859.2200
1627368669575000,0,0.01868205,1860.4700
1627368673481000,0,7.50000000,1860.2200
1627368700582000,0,0.01319164,1860.1800
1627368707747000,1,2.28220000,1857.9600
1627368712537000,0,0.39995764,1859.1000
1627368716052000,0,1.87330000,1860.0100
1627368721431000,0,0.01867671,1860.7500
1627368736230000,0,1.40000000,1860.8400
1627368736230000,0,1.58059388,1860.8500
1627368738429000,0,0.02673566,1860.8100
1627368739447000,0,0.02643243,1860.8200
1627368749404000,0,0.02608754,1860.1100
1627368764919000,1,0.24961098,1859.0800
1627368781734000,0,0.03389815,1860.4400
1627368804072000,1,0.05929000,1858.1600
1627368814893000,0,0.10021119,1860.4300
1627368818753000,0,2.37315726,1860.4400
1627368828337000,1,2.28026019,1859.9100
1627368828337000,1,3.42063708,1859.5700
1627368828337000,1,0.53746103,1859.4200
1627368828337000,1,9.48352229,1859.4200
1627368828337000,1,2.00000000,1859.4100
1627368828337000,1,4.56070802,1859.2400
1627368828337000,1,0.45737051,1859.2000
1627368828337000,1,7.16598027,1859.1200
1627368839174000,1,1.11790000,1858.8700
1627368860341000,1,0.53777000,1854.9400
1627368860342000,1,0.00000897,1854.9400
1627368860342000,1,1.34618460,1854.5600
1627368860856000,1,1.34618460,1853.7800
1627368860856000,1,0.53777896,1853.7800
1627368860928000,1,0.00000001,1853.7800
1627368867417000,1,2.28701841,1853.7500
1627368867499000,1,0.00000001,1853.7500
1627368867499000,1,0.53908937,1853.3800
1627368867499000,1,1.80109998,1853.2800
1627368868248000,0,0.02671432,1855.0000
1627368873310000,1,2.28624000,1854.9200
1627368882890000,1,2.28470000,1856.3900
1627368883053000,1,0.00000631,1856.3900
1627368890157000,1,2.28572362,1855.6600
1627368896300000,0,0.11925996,1855.6500
1627368913793000,1,2.28392287,1856.8100
1627368913793000,1,4.56500000,1856.4600
1627368913793000,1,3.85695379,1856.3600
1627368933325000,0,2.62914808,1859.0800
1627368937693000,1,0.16178956,1857.8700
1627368957841000,0,0.06673839,1859.1800
1627368979585000,0,2.30320000,1860.3600
1627368983149000,1,2.27000000,1860.0600
1627368983218000,1,0.00987237,1860.0600
1627368999346000,1,0.39000000,1860.6500
1627368999372000,1,3.27689597,1860.6500
1627369001702000,0,2.97740611,1860.8500
1627369001703000,0,0.00000001,1860.8500
1627369001703000,0,4.55700000,1861.0700
1627369004825000,1,2.27000000,1860.4900
1627369004830000,1,0.00938123,1860.4900
1627369017505000,0,0.05271475,1861.2700
1627369018439000,0,2.34634718,1861.2700
1627369021334000,0,4.07806000,1861.2700
1627369021361000,0,0.06700000,1861.2700
1627369021400000,0,0.86387807,1861.2700
1627369026467000,0,0.01523851,1861.8700
1627369026882000,0,1.91420000,1861.8700
1627369026894000,0,2.62456149,1861.8700
1627369029606000,0,0.01523850,1862.3300
1627369030668000,0,0.01523851,1862.3300
1627369031679000,0,0.01523850,1862.3300
1627369032758000,0,0.01523851,1862.2100
1627369034826000,1,1.11702191,1860.7400
1627369044034000,1,2.27838750,1861.1600
1627369044034000,1,1.39999999,1861.1600
1627369044035000,1,0.00000001,1861.1600
1627369044037000,1,2.04200000,1861.1000
1627369044111000,1,1.73254366,1860.9200
1627369044118000,1,1.50000000,1860.9200
1627369044152000,1,1.02130000,1861.1600
1627369044179000,1,1.04530000,1861.1600
1627369044211000,1,0.53704539,1860.8000
1627369044303000,1,1.80110000,1860.6400
1627369044341000,1,1.34262757,1860.3500
1627369044341000,1,17.52000000,1860.3400
1627369044341000,1,0.33637243,1860.0200
1627369044464000,1,0.53704539,1860.3500
1627369044464000,1,0.78965461,1860.0200
1627369044510000,1,1.03350000,1860.0200
1627369044533000,1,1.07800000,1860.0200
1627369044623000,1,1.36320000,1860.0200
1627369044747000,1,24.80000000,1860.0200
1627369044766000,1,1.01620000,1860.0200
1627369044779000,1,1.23870000,1860.0200
1627369044823000,1,22.82245395,1860.0200
1627369044880000,1,14.97461901,1860.0200
1627369044936000,1,0.42088982,1858.3500
1627369047467000,0,0.09107765,1858.9600
1627369047479000,0,1.30892235,1858.9600
1627369047880000,0,0.98249999,1859.6500
1627369047882000,0,0.00000001,1859.6500
1627369050198000,0,0.05329600,1859.9400
1627369112775000,1,1.87371820,1859.0400
1627369112863000,1,0.40755000,1859.0400
1627369112993000,1,1.40000000,1859.0500
1627369127478000,1,0.27923100,1857.3600
1627369131176000,0,1.40000000,1858.8200
1627369182776000,1,2.28154165,1859.0500
1627369195826000,0,0.27929999,1857.6600
1627369195838000,0,0.00000001,1857.6600
1627369224969000,1,0.14640000,1859.5200
1627369255042000,0,0.01100000,1862.6500
1627369258514000,0,0.52719523,1862.5600
1627369280675000,0,0.01566389,1863.7200
1627369286017000,1,0.55390000,1862.6400
1627369331351000,1,0.79000000,1863.9100
1627369347591000,0,3.00000000,1865.0000
1627369362379000,0,0.04947684,1865.2200
1627369363561000,0,0.02636838,1865.2200
1627369363856000,0,0.01437587,1865.2200
1627369366519000,1,0.59911725,1864.5400
1627369404153000,0,0.02637828,1863.6200
1627369406460000,0,0.03290202,1863.6200
1627369409380000,0,0.46702607,1864.0200
1627369426394000,0,0.37450660,1864.6400
1627369433436000,0,0.23599492,1865.2600
1627369440736000,1,1.11930264,1863.7500
1627369446780000,0,0.01676382,1865.6000
1627369485495000,0,0.13806545,1865.8200
1627369498318000,0,1.02413713,1865.6800
1627369515837000,0,4.54200000,1867.5500
1627369515837000,0,2.57198408,1867.7100
1627369515837000,0,1.00000000,1867.7200
1627369515837000,0,2.50879276,1867.7300
1627369517519000,0,0.08593099,1867.4600
1627369541561000,0,0.43164686,1866.5500
1627369548789000,0,0.01788540,1867.3200
1627369548887000,1,0.01354717,1866.1200
1627369551047000,0,0.70278740,1867.3200
1627369557602000,0,0.11644147,1867.3200
1627369561417000,1,0.14817645,1866.1800
1627369567668000,0,0.04841035,1867.6300
1627369613413000,0,0.12643382,1868.2500
1627369616800000,0,0.07875973,1868.3900
1627369617784000,0,0.05248060,1868.3500
1627369624429000,1,0.28800000,1867.2400
1627369624429000,1,0.71200000,1867.2000
1627369628204000,0,0.02632647,1868.3400
1627369659283000,1,2.26816000,1870.6900
1627369676266000,0,0.05247977,1869.4500
1627369681026000,1,0.37130000,1867.1400
1627369692012000,1,0.22805849,1864.8400
1627369737453000,0,0.02625993,1866.3300
1627369785920000,1,2.27527000,1864.7000
1627369798355000,0,0.02626438,1864.0600
1627369811848000,0,0.01405158,1865.2600
1627369812872000,0,0.01405158,1865.2500
1627369867459000,0,0.01503754,1867.0900
1627369868499000,0,0.01503754,1867.0900
1627369869522000,0,0.01503754,1867.0900
1627369870159000,1,2.27415000,1866.1000
1627369916298000,0,0.05600000,1867.3100
1627369916298000,0,0.15404821,1867.6700
1627369948068000,0,0.04577853,1867.8700
1627369960350000,1,1.81690000,1867.3700
1627369960352000,1,0.45622791,1867.3700
1627369970050000,0,0.01639587,1867.8100
1627369977364000,0,0.52498967,1867.8800
1627370013683000,0,0.01518222,1868.0700
1627370014659000,0,0.01518222,1868.0700
1627370015676000,0,0.01518223,1868.0600
1627370016732000,0,0.01518222,1868.0700
1627370017763000,0,0.01518223,1868.0700
1627370018778000,0,0.01518222,1868.0700
1627370019829000,0,0.01518223,1868.0600
1627370022568000,1,0.58580000,1867.0000
1627370022568000,1,1.94420000,1866.9900
1627370032938000,0,0.13308259,1869.1400
1627370036459000,0,0.05248144,1869.3000
1627370037448000,0,0.06245125,1869.3000
1627370059626000,1,0.24800000,1869.4300
1627370059846000,1,0.53481084,1868.6500
1627370059846000,1,0.36381456,1868.3400
1627370074758000,1,0.24799999,1867.3900
1627370074776000,1,0.00000001,1867.3900
1627370104376000,1,0.85756541,1865.4300
1627370108815000,0,0.19215816,1866.7300
1627370156461000,0,0.28827505,1869.4100
1627370173727000,0,0.66540000,1870.6600
1627370173750000,0,0.45656547,1871.1700
1627370173750000,0,0.71096237,1871.4100
1627370173755000,0,0.91464725,1871.4100
1627370173757000,0,0.64463239,1871.4100
1627370173778000,0,0.97533342,1870.8000
1627370173780000,0,0.53686187,1870.8000
1627370173783000,0,0.85743597,1870.8000
1627370204141000,1,2.05000000,1871.8500
1627370204146000,1,0.21804339,1871.8500
1627370204146000,1,3.40191440,1871.8000
1627370209681000,0,9.32410400,1873.1500
1627370209868000,0,2.26780000,1873.2600
1627370214448000,0,0.53100301,1873.8500
1627370216303000,0,0.03668411,1873.5600
1627370220201000,0,0.01774303,1872.9200
1627370223297000,0,1.00917068,1873.3600
1627370226512000,0,4.53300000,1873.4400
1627370227301000,0,4.53200000,1873.4500
1627370227571000,0,4.53300000,1873.4300
1627370233059000,0,2.05000000,1873.5700
1627370233117000,0,1.65000000,1873.5700
1627370233178000,0,0.83200000,1873.5700
1627370235198000,0,2.02790000,1873.7300
1627370235257000,0,2.50310000,1873.7300
1627370237841000,0,3.15000000,1873.7600
1627370237907000,0,1.38000000,1873.7600
1627370238607000,0,3.11690000,1873.8300
1627370238894000,0,0.53100868,1873.8300
1627370238897000,0,0.88109132,1873.8300
1627370239433000,1,0.63000000,1873.2700
1627370239462000,1,0.77000000,1873.2700
1627370240876000,0,1.85000000,1873.8800
1627370241898000,0,3.00000000,1874.1500
1627370241968000,0,1.53000000,1874.1500
1627370252208000,0,0.26607574,1875.0300
1627370264912000,1,0.09000000,1873.0200
1627370264912000,1,0.13000000,1873.0200
1627370265145000,1,5.50000000,1873.0200
1627370265198000,1,0.11000000,1873.0200
1627370265240000,1,4.17000000,1873.0200
1627370274003000,1,0.58000000,1871.8200
1627370274007000,1,0.82000000,1871.8200
1627370294179000,1,0.45000000,1871.5500
1627370313753000,0,1.22320000,1871.9100
1627370313753000,0,0.77680000,1871.9200
1627370336398000,0,0.23534935,1874.0100
1627370346834000,0,0.24647101,1873.7700
1627370356733000,0,2.70000000,1873.7700
1627370356799000,0,1.58352000,1873.7700
1627370360000000,0,3.85539000,1874.0400
1627370397649000,0,0.05230704,1874.1000
1627370411110000,1,2.26640000,1872.9000
1627370420381000,1,2.22147879,1872.5700
1627370420407000,1,0.04533630,1872.5700
1627370425776000,1,2.26681000,1872.5700
1627370425778000,1,0.00000509,1872.5700
1627370441016000,1,0.09000000,1872.0200
1627370443593000,0,0.05241886,1872.7900
1627370444611000,0,0.44223611,1872.7800
1627370445150000,1,0.88107106,1872.0200
1627370445197000,1,0.88107106,1872.0200
1627370448114000,0,0.99999753,1873.3400
1627370452595000,1,2.22162599,1872.5000
1627370462126000,0,0.15965384,1874.1500
1627370474241000,0,1.40000000,1874.7300
1627370474241000,0,0.14318678,1874.7400
1627370476710000,1,2.26559803,1873.6900
1627370476710000,1,0.27440197,1873.4800
1627370488592000,0,0.12000001,1874.9300
1627370494569000,1,1.40000000,1873.5400
1627370494569000,1,2.26000000,1873.5300
1627370512287000,1,0.21000000,1872.5400
1627370512289000,1,0.35230000,1872.5400
1627370515489000,1,2.26000000,1872.3200
1627370520026000,1,1.00000000,1872.1100
1627370520189000,1,1.26766663,1872.1100
1627370520316000,1,1.26000000,1872.1100
1627370520572000,1,1.00000000,1872.1100
1627370520640000,1,0.00766663,1872.1100
1627370521252000,0,1.66962162,1873.1600
1627370521254000,0,1.87010000,1873.1600
1627370521257000,0,0.45409933,1873.1600
1627370521262000,0,0.45744886,1873.1600
1627370525011000,1,2.26516846,1873.8700
1627370540861000,1,1.27000000,1873.9400
1627370540891000,1,0.45000000,1873.9400
1627370541649000,1,0.12000000,1873.9400
1627370541681000,1,0.07000000,1873.9400
1627370542140000,1,0.35000000,1873.9400
1627370542228000,1,0.00530307,1873.9400
1627370544227000,1,0.61000000,1873.9400
1627370544239000,1,0.66000000,1873.9400
1627370544420000,1,0.99530307,1873.9400
1627370546094000,1,1.52000000,1873.9400
1627370549023000,1,0.74000000,1873.9400
1627370549036000,1,0.00530307,1873.9400
1627370549212000,1,0.36000000,1873.9400
1627370549387000,1,1.90530307,1873.9400
1627370550977000,1,0.51000000,1873.9400
1627370551015000,1,0.40000000,1873.9400
1627370551319000,1,1.35000000,1873.9400
1627370551360000,1,0.00530307,1873.9400
1627370566487000,0,0.10592844,1872.7800
1627370567598000,0,0.10592843,1872.7800
1627370570572000,0,0.10592844,1872.7900
1627370571606000,0,0.10592843,1872.8300
1627370575413000,1,2.26000000,1871.9200
1627370575416000,1,0.00763978,1871.9200
1627370575532000,1,3.40145967,1871.8100
1627370575675000,0,0.26498652,1872.8200
1627370576330000,0,0.07844730,1872.7100
1627370582170000,1,0.96000000,1870.9300
1627370582178000,1,1.30882618,1870.9300
1627370592810000,1,1.99000000,1871.6100
1627370592860000,1,0.10000000,1871.6100
1627370607879000,0,0.09698000,1873.5400
1627370628843000,1,2.26000000,1872.5500
1627370628878000,1,0.00690092,1872.5500
1627370632505000,1,0.29030000,1872.3200
1627370632505000,1,2.25970000,1872.3100
1627370632509000,1,0.00737307,1872.3100
1627370633864000,0,0.21834638,1872.6100
1627370637385000,1,0.45409933,1870.9600
1627370637385000,1,0.98590067,1870.9000
1627370641389000,1,0.41000000,1872.2000
1627370652089000,1,0.22000000,1872.2000
1627370656592000,1,1.63000000,1872.2000
1627370656614000,1,0.00707277,1872.2000
1627370662261000,1,0.29000000,1872.2300
1627370664909000,0,0.06089228,1872.8800
1627370665927000,0,0.06089228,1872.8800
1627370667788000,1,1.83000000,1872.2300
1627370668036000,0,0.29094000,1872.8800
1627370668075000,0,0.06089227,1872.8800
1627370668984000,1,0.14000000,1872.2300
1627370669026000,1,0.00743722,1872.2300
1627370670067000,0,0.06001221,1872.8800
1627370672141000,0,0.06001221,1872.8800
1627370673763000,0,4.53199999,1873.0100
1627370673797000,0,0.00000001,1873.0100
1627370676719000,1,2.26000000,1872.8500
1627370676759000,1,0.00667162,1872.8500
1627370678946000,1,1.90000000,1872.6300
1627370678984000,1,0.36707665,1872.6300
1627370684565000,1,0.18000000,1873.3200
1627370684820000,1,0.49000000,1873.3200
1627370684986000,1,0.20000000,1873.3200
1627370685032000,1,0.16000000,1873.3200
1627370685279000,1,0.76000000,1873.3200
1627370700411000,1,0.47000000,1873.3200
1627370707559000,1,0.04000000,1872.9700
1627370707735000,1,0.06000000,1872.9700
1627370707766000,1,2.16645019,1872.9700
1627370708182000,1,0.29000000,1872.9700
1627370708225000,1,1.29000000,1872.9700
1627370708434000,1,0.68645019,1872.9700
1627370717767000,1,0.64000000,1872.7200
1627370717768000,1,1.62665891,1872.7200
1627370732115000,0,4.53300000,1872.1400
1627370732401000,0,2.87160000,1872.1800
1627370752645000,1,2.26780021,1872.1200
1627370752645000,1,3.40170031,1872.0100
1627370752645000,1,4.53588834,1871.4900
1627370752645000,1,9.98709915,1871.3800
1627370752645000,1,5.66967343,1871.1700
1627370752645000,1,5.66986651,1871.1600
1627370752793000,1,0.53410244,1870.8700
1627370752793000,1,0.45409933,1870.8700
1627370752793000,1,0.53706101,1870.5600
1627370752794000,1,0.79835129,1870.5600
1627370752843000,0,22.68158993,1871.0600
1627370752980000,1,0.92300000,1870.1200
1627370753063000,1,2.54900000,1870.8200
1627370753073000,1,0.85394733,1870.8200
1627370753074000,1,2.26920000,1870.5800
1627370753325000,1,2.54000000,1870.1200
1627370756869000,0,1.40000000,1869.7200
1627370763322000,0,0.45409933,1870.3400
1627370763360000,0,0.00000001,1870.3400
1627370763360000,0,4.54000000,1870.3900
1627370816083000,1,1.00000000,1868.8500
1627370856083000,1,0.40000000,1867.9700
1627370860558000,1,1.40000000,1867.2600
1627370860558000,1,4.54484594,1866.8400
1627370860558000,1,1.00000000,1866.6100
1627370860558000,1,1.80420000,1866.6000
1627370860558000,1,8.11718135,1866.4500
1627370880253000,0,0.12401804,1866.3800
1627370881904000,0,1.27600000,1866.6400
1627370909583000,0,1.40000000,1866.1600
1627370917230000,1,1.14980000,1866.8500
1627370917239000,1,1.12340000,1866.8500
1627370917254000,1,0.00009487,1866.8500
1627370920828000,1,1.40000000,1864.9800
1627370920828000,1,0.50000000,1864.9600
1627370920828000,1,0.50000000,1864.9500
1627370920828000,1,0.25000000,1864.9500
1627370920828000,1,0.50000000,1864.9400
1627370920828000,1,9.80967718,1864.9200
1627370920828000,1,7.39300000,1864.8200
1627370920838000,0,4.54700000,1864.7100
1627370920861000,1,0.45409933,1864.4600
1627370920861000,1,0.53550964,1864.2700
1627370920861000,1,1.33873041,1863.9300
1627370920861000,1,3.48109085,1863.5300
1627370920861000,1,1.34019445,1863.5200
1627370920861000,1,5.68859131,1863.4900
1627370920861000,1,0.26145357,1863.4800
1627370920861000,1,2.90433991,1863.4700
1627370920896000,0,2.27515012,1864.7100
1627370921167000,0,0.45409934,1864.2300
1627370921183000,1,0.47499977,1864.2600
1627370921198000,1,2.48426033,1864.2600
1627370921198000,1,2.06635831,1864.0200
1627370921199000,1,2.48426034,1864.0200
1627370921199000,1,0.53550964,1863.9200
1627370923050000,0,1.40000000,1863.3900
1627370923086000,0,2.08000000,1863.9400
1627370934548000,0,0.24261550,1863.3800
1627370948978000,0,1.70000000,1863.1200
1627370949036000,0,0.57920963,1863.1200
1627370955082000,0,0.01864199,1864.5800
1627370996932000,1,2.27910000,1861.9000
1627371008824000,0,0.05443499,1861.6700
1627371028488000,0,2.28137205,1861.4400
1627371028551000,0,0.11000000,1861.4300
1627371079745000,1,0.22746761,1861.3100
1627371079752000,1,0.68267388,1861.3100
1627371094492000,1,1.40000000,1860.7600
1627371094492000,1,0.33000000,1860.7100
1627371094569000,1,1.89000000,1860.7100
1627371095616000,0,1.00000000,1862.0800
1627371096697000,0,0.05343515,1862.0700
1627371118043000,0,1.20230000,1859.7500
1627371143847000,1,2.28381500,1858.0600
1627371146170000,0,2.99093000,1858.9100
1627371146684000,0,0.08023589,1860.1400
1627371154160000,0,0.10695244,1860.6400
1627371154843000,1,7.70000000,1859.1300
1627371180844000,0,0.05347881,1860.5500
1627371180951000,0,2.22879195,1860.5500
1627371191966000,0,0.01600411,1862.9400
1627371197593000,0,0.55207785,1862.9800
1627371205036000,0,0.70395243,1862.9500
1627371238197000,0,0.10534873,1859.9600
1627371276062000,1,0.56810000,1858.9600
1627371276062000,1,1.20190000,1858.9500
1627371295106000,0,1.01649039,1859.8700
1627371297199000,0,0.02107928,1859.6100
1627371301317000,0,2.26184000,1859.6100
1627371301369000,0,0.00000196,1859.6100
1627371301369000,0,3.42437043,1859.8000
1627371301373000,0,4.78350961,1859.8700
1627371356231000,1,0.04773770,1860.7000
1627371366763000,0,2.00540000,1863.7900
1627371374009000,0,0.04502171,1865.1000
1627371395035000,0,1.10489523,1864.8900
1627371402387000,0,2.27825328,1864.0800
1627371402398000,0,0.00000001,1864.0800
1627371402408000,0,3.41711072,1864.2400
1627371428258000,1,0.25000000,1865.6600
1627371428258000,1,1.14990000,1865.6600
1627371428258000,1,0.26010000,1865.6600
1627371460405000,0,0.21118268,1865.9200
1627371481435000,0,2.27606251,1865.5900
1627371481445000,0,0.95356029,1865.7800
1627371485204000,1,5.18470000,1865.6800
1627371509325000,0,0.01492447,1866.5500
1627371510347000,0,0.01436080,1866.5500
1627371530023000,0,0.01477092,1866.9600
1627371530927000,0,0.02531387,1866.9600
1627371531071000,0,0.01477092,1866.9600
1627371532065000,0,0.01477093,1866.9600
1627371533115000,0,0.01477092,1866.9600
1627371534073000,0,0.01477093,1866.9600
1627371535117000,0,0.01477092,1866.9600
1627371536066000,0,0.01477093,1866.9600
1627371537072000,0,0.01477092,1866.9600
1627371538105000,0,0.01477093,1866.9600
1627371562236000,0,0.45722182,1865.3700
1627371562302000,0,5.80000000,1865.7400
1627371581175000,1,0.61799544,1866.3100
1627371595765000,1,0.11375442,1865.5100
1627371612817000,0,2.26053982,1866.4200
1627371616376000,0,5.97046000,1866.4200
1627371616425000,0,0.00000018,1866.4200
1627371687194000,0,0.01695588,1866.3300
1627371726761000,1,0.05043798,1865.2200
1627371759000000,0,0.53458024,1865.9500
1627371802304000,1,0.10000000,1864.3200
1627371848746000,0,0.05064186,1866.4400
