timestamp ms,type,amount,price
1627430482323000,0,0.56679279,1942.0200
1627430482325000,0,0.55373883,1942.0200
1627430482333000,0,1.05815983,1942.0200
1627430482606000,0,0.51493836,1943.2800
1627430482947000,0,0.09000000,1943.4600
1627430550143000,0,3.47000000,1946.8000
1627430550244000,0,6.80036969,1946.8000
1627430555454000,0,0.51368983,1947.9800
1627430555454000,0,0.50631017,1947.9900
1627430555512000,0,0.00738494,1947.9900
1627430555861000,0,1.28415972,1948.4700
1627430555876000,0,0.00000001,1948.4700
1627430567091000,0,0.80594000,1950.0500
1627430567091000,0,2.17027239,1950.1200
1627430567091000,0,3.36600852,1950.1700
1627430656853000,1,4.35500000,1940.8700
1627430656853000,1,1.00000000,1940.1700
1627430656853000,1,10.23381833,1940.1600
1627430656853000,1,5.90000000,1940.1500
1627430662653000,1,1.54400000,1940.2500
1627430662653000,1,2.81200000,1940.2500
1627430675057000,0,0.15629000,1939.4000
1627430694013000,1,4.35600000,1937.9300
1627430697959000,0,0.02523664,1937.1800
1627430739225000,0,1.00530000,1937.2000
1627430739229000,0,1.17870060,1937.2000
1627430867303000,1,0.24999999,1932.3800
1627430867568000,1,0.20000000,1932.0500
1627430871814000,1,0.05000000,1932.0500
1627430879374000,0,2.18869042,1933.3800
1627430879374000,0,3.28321130,1933.5200
1627430879374000,0,2.02100000,1933.6200
1627430879374000,0,1.00000000,1933.6600
1627430879374000,0,8.67620881,1933.7900
1627430879376000,0,6.93854348,1933.7900
1627430913807000,0,0.09000000,1933.3300
1627430913811000,0,0.16000000,1933.3300
1627430914021000,0,2.29000000,1933.3400
1627431004217000,1,0.24999999,1929.4400
1627431004225000,1,0.00000001,1929.4400
1627431005542000,1,0.44085758,1928.2900
1627431056524000,0,0.59000000,1933.0900
1627431056532000,0,0.73000000,1933.0900
1627431057061000,0,1.49000000,1933.0900
1627431090297000,1,4.37500000,1932.5700
1627431107860000,0,0.44000000,1931.3600
1627431192689000,0,0.05000000,1934.8500
1627431376925000,0,10.90042284,1936.7700
1627431429284000,1,1.40000000,1933.8000
1627431429284000,1,0.47000000,1933.7900
1627431441733000,0,1.15000000,1935.3700
1627431499143000,1,2.18496000,1935.3600
1627431510960000,1,1.33000000,1935.0400
1627431561388000,1,1.22000000,1935.3900
1627431570309000,0,0.43000000,1936.7700
1627431570667000,0,4.01456008,1936.7700
1627431570677000,0,0.41043992,1936.7700
1627431570682000,0,1.28560000,1936.7700
1627431570737000,0,0.11000000,1936.7700
1627431570758000,0,0.14000000,1936.7700
1627431570779000,0,1.20330000,1936.7700
1627431570914000,0,1.01180000,1936.7700
1627431570969000,0,1.95000000,1936.7700
1627431571033000,0,1.85000000,1936.7700
1627431571107000,0,8.19000000,1936.7700
1627431571114000,0,1.46456000,1936.7700
1627431571186000,0,4.40000000,1936.7700
1627431571238000,0,2.20000000,1936.7700
1627431571266000,0,1.07100000,1936.7700
1627431571414000,0,0.96831716,1936.7700
1627431660435000,1,0.56275379,1938.4700
1627431666893000,0,0.25000000,1939.3700
1627431744992000,0,1.40000000,1940.7800
1627431744992000,0,0.77970000,1940.7900
1627431752420000,1,0.31357281,1940.6500
1627431832523000,1,0.05160000,1938.5100
1627431942624000,1,0.11000000,1941.9600
1627431949366000,0,0.01789076,1943.2300
1627431954782000,1,0.07504086,1942.2900
1627431990614000,1,0.84980000,1941.4200
1627431990614000,1,0.07320000,1941.4000
1627432008825000,1,0.92300000,1940.3700
1627432012014000,1,0.51500201,1940.9400
1627432012152000,1,1.82906432,1940.2700
1627432031786000,1,0.92300000,1938.0900
1627432036941000,1,4.36400000,1936.7600
1627432036941000,1,3.18073754,1936.7600
1627432047507000,1,0.54670422,1936.3000
1627432056589000,0,0.41000000,1937.8000
1627432056648000,0,0.13670000,1937.8000
1627432087359000,1,2.18295363,1937.6600
1627432087362000,1,2.17904637,1937.6600
1627432087362000,1,0.00385363,1937.2100
1627432087366000,1,2.17910001,1937.2100
1627432087366000,1,1.40000000,1937.0400
1627432087366000,1,3.27453733,1936.9200
1627432087630000,1,0.51616633,1936.1700
1627432087630000,1,2.26023367,1936.1600
1627432087904000,1,1.40000000,1936.1700
1627432107946000,0,0.25130294,1935.2600
1627432110999000,1,0.25130000,1934.0400
1627432110999000,1,1.93440000,1933.9400
1627432111004000,1,0.25132615,1933.9400
1627432111046000,1,2.56775657,1933.4200
1627432111046000,1,4.37145229,1933.3800
1627432111046000,1,0.51682780,1933.3100
1627432111046000,1,9.66696013,1932.9500
1627432111047000,1,3.55774052,1932.9500
1627432111064000,1,1.00000000,1933.4100
1627432111224000,1,1.00000000,1932.9600
1627432111308000,1,0.51682780,1933.0300
1627432111308000,1,1.29205610,1932.6700
1627432111308000,1,2.03921610,1932.6700
1627432111311000,1,1.32019771,1932.6700
1627432113048000,0,1.40000000,1933.4100
1627432113048000,0,4.50000000,1933.4200
1627432113195000,0,1.40000000,1933.4200
1627432114388000,0,1.40000000,1933.7700
1627432125490000,0,0.06000000,1932.0700
1627432125490000,0,2.88000000,1932.0700
1627432125518000,0,2.40000000,1932.0700
1627432127939000,0,1.13000000,1931.3300
1627432129898000,0,0.47000000,1931.2500
1627432129908000,0,0.16000000,1931.2500
1627432129921000,0,0.77000000,1931.2500
1627432130109000,0,0.06000000,1931.2900
1627432137503000,0,2.19000000,1931.9100
1627432138756000,1,2.20000000,1931.6600
1627432138828000,1,2.15000000,1931.6600
1627432141250000,1,4.37800000,1931.4800
1627432142636000,0,2.19022188,1931.9300
1627432144999000,1,2.22970000,1932.2700
1627432145005000,1,2.14630000,1932.2700
1627432148990000,1,2.60000000,1932.1000
1627432149040000,1,1.77500000,1932.1000
1627432150964000,1,3.25000000,1931.8300
1627432151022000,1,1.12700000,1931.8300
1627432151297000,1,4.37600000,1931.7500
1627432159712000,1,1.40000000,1930.1900
1627432161186000,1,4.38100000,1929.7500
1627432163082000,1,3.50000000,1929.5300
1627432163136000,1,0.88100000,1929.5300
1627432164283000,1,4.38099999,1929.5500
1627432164284000,1,0.00000001,1929.5500
1627432165210000,1,4.38300000,1929.5200
1627432167165000,1,4.37999999,1929.6100
1627432172890000,1,0.43571800,1929.2600
1627432183887000,0,1.17000000,1928.9300
1627432200457000,1,0.99114572,1926.2900
1627432208797000,1,1.17000000,1926.6600
1627432245784000,1,0.14145183,1924.8700
1627432257768000,1,1.40000000,1924.8400
1627432257768000,1,0.50000000,1924.8400
1627432257768000,1,3.96525545,1924.8400
1627432259857000,0,1.40000000,1926.4200
1627432259857000,0,2.19680000,1926.4300
1627432390077000,0,2.18813724,1933.9000
1627432390107000,0,1.00000000,1934.1700
1627432391601000,0,4.37100000,1934.7300
1627432416713000,1,0.01144114,1934.0000
1627432773555000,0,1.49999999,1930.0500
1627432773564000,0,0.69321559,1930.0500
1627432773564000,0,2.52975394,1930.2200
1627432773617000,0,0.51836570,1930.3400
1627432792587000,1,0.14168048,1929.2600
1627432804359000,1,0.25700000,1930.1500
1627432804359000,1,0.29694460,1930.1500
1627433300189000,1,0.26412072,1931.2000
1627433396123000,1,0.01047407,1928.3300
1627433404346000,1,1.39999999,1928.3900
1627433435915000,0,0.48608000,1930.2500
1627433438138000,0,0.92530000,1931.1400
1627433442953000,0,1.40000000,1932.6100
1627433524811000,0,0.02571125,1934.9500
1627433576611000,0,0.09451110,1934.4200
1627433585283000,1,0.80000000,1932.9900
1627433643965000,0,2.18802607,1934.8900
1627433644013000,0,3.28180000,1935.2200
1627433646209000,1,0.11063415,1934.6500
1627433658654000,0,4.37200000,1935.6800
1627433658654000,0,2.18761690,1935.6800
1627433658654000,0,1.00000000,1935.6900
1627433658654000,0,7.10700000,1935.7000
1627433658654000,0,0.33338310,1935.9200
1627433715855000,1,0.58380000,1935.2300
1627433719442000,0,0.02965678,1935.5600
1627433774673000,1,0.11800000,1933.8900
1627433936725000,0,1.40000000,1937.0100
1627433936725000,0,7.10000000,1937.0200
1627433936725000,0,6.50000000,1937.2300
1627433949193000,1,2.18513414,1936.4600
1627433949194000,1,0.00000001,1936.4600
1627433949194000,1,3.27762585,1936.3200
1627433949466000,1,1.31170000,1936.3300
1627433963306000,1,0.41708962,1935.7400
1627433986643000,1,0.44658833,1932.5900
1627433986645000,1,1.74232419,1932.5900
1627434074659000,0,0.15678800,1926.9000
1627434075346000,1,1.28916600,1925.5100
1627434116372000,1,0.01564093,1924.5000
1627434117399000,0,1.96000000,1925.9900
1627434210193000,1,0.00000402,1920.8300
1627434221815000,1,0.44058933,1918.2200
1627434221829000,1,0.00000001,1918.2200
1627434222040000,0,0.16176400,1919.6900
1627434391414000,0,1.95000000,1927.2200
1627434422908000,1,1.40000000,1928.8700
1627434422908000,1,10.25604351,1928.7800
1627434422908000,1,1.00000000,1928.7800
1627434422908000,1,2.34395649,1928.7700
1627434467623000,0,1.40000000,1931.5400
1627434484708000,1,2.19018874,1931.2900
1627434484722000,1,0.00000001,1931.2900
1627434501413000,1,1.62329444,1930.5500
1627434550635000,1,0.05455678,1930.9900
1627434659714000,0,0.01039475,1933.2600
1627434660007000,0,0.00021214,1933.2600
1627434728353000,1,2.15000000,1935.1600
1627435102511000,1,1.40000000,1933.1600
1627435192264000,0,0.53000000,1933.3500
1627435197215000,0,0.00043363,1933.3500
1627435197215000,0,0.78406496,1934.6200
1627435217064000,0,1.40000000,1933.9000
1627435237679000,0,1.10260000,1935.6900
1627435237686000,0,0.29740000,1935.6900
1627435492944000,1,0.17600000,1929.8300
1627435574090000,1,1.22400000,1932.4300
1627435574090000,1,2.18847389,1932.4200
1627435574090000,1,1.55249752,1932.2200
1627435681437000,1,1.98732000,1932.5100
1627435681496000,1,0.20062000,1932.5100
1627435681496000,1,0.00000913,1932.5100
1627435967241000,1,2.00000000,1931.6000
1627435989738000,0,1.40000000,1930.4100
1627435989738000,0,2.19238057,1930.4200
1627435989738000,0,5.20562269,1930.5100
1627435993475000,0,2.19234000,1930.4500
1627436025703000,1,1.40000000,1931.0700
1627436068776000,0,1.40000000,1934.0800
1627436101648000,1,1.30000000,1933.2700
1627436101756000,1,0.10000000,1933.2700
1627436133180000,0,2.67050000,1934.8400
1627436150864000,1,0.02388416,1935.1000
1627436285165000,0,0.51697754,1935.5000
1627436285297000,0,1.40000000,1935.4900
1627436403169000,1,0.10000000,1934.9900
1627436403398000,1,0.00592878,1934.9900
1627436462726000,1,0.41000000,1934.2200
1627436499346000,0,0.50000000,1935.1800
1627436565956000,0,0.53200000,1938.2100
1627436568574000,0,6.91461696,1940.0000
1627436568577000,0,1.08538304,1940.0000
1627436571048000,0,1.33390000,1940.9200
1627436571048000,0,0.68750000,1940.9300
1627436571079000,0,1.21050000,1940.9300
1627436585375000,1,1.39999999,1940.3000
1627436587902000,0,1.00000000,1941.6500
1627436588842000,1,1.40000000,1940.2300
1627436591291000,0,1.75000000,1941.8100
1627436591376000,0,1.05930000,1941.8100
1627436591389000,0,1.54570000,1941.8100
1627436593068000,0,0.02079761,1941.6300
1627436596335000,0,1.15923357,1943.3700
1627436596338000,0,3.19276643,1943.3700
1627436596928000,0,4.35300000,1943.6500
1627436603479000,0,0.36659527,1945.0000
1627436607832000,0,1.40000000,1945.8300
1627436610813000,1,1.40000000,1943.3800
1627436635095000,1,0.05150000,1941.2600
1627436637092000,0,1.40000000,1942.7100
1627436637092000,0,10.60000000,1942.7200
1627436641013000,1,1.39999999,1941.6400
1627436641016000,1,0.00000001,1941.6400
1627436669951000,1,0.79100000,1940.3600
1627436674145000,0,1.36398377,1941.2000
1627436674145000,0,0.81590294,1941.2000
1627436686478000,1,4.60900000,1940.3600
1627436688509000,1,0.94849999,1939.8500
1627436688511000,1,0.00000001,1939.8500
1627436782654000,1,0.01501766,1943.2800
1627436789764000,0,2.99320356,1947.2900
1627436789870000,0,1.34979643,1947.2900
1627436789902000,0,0.00000001,1947.2900
1627436800524000,1,0.04730000,1944.5700
1627436839626000,1,2.17620175,1943.3000
1627436839630000,1,0.00000001,1943.3000
1627436846345000,1,0.03660000,1942.2000
1627436853814000,1,0.01490000,1942.2700
1627436921220000,1,0.44091190,1943.7600
1627437054413000,1,0.01406208,1946.1300
1627437055441000,1,0.01406208,1946.1300
1627437056460000,1,0.01406208,1946.1300
1627437057590000,1,0.01406208,1946.1300
1627437058539000,1,0.01406208,1946.1800
1627437059571000,1,0.01406208,1946.1800
1627437060604000,1,0.01406209,1946.1800
1627437066007000,0,0.44090000,1947.5200
1627437074001000,1,1.40000000,1947.3500
1627437076078000,0,0.20000000,1947.4800
1627437092820000,0,2.13070000,1948.1300
1627437092827000,0,0.04104202,1948.1300
1627437109605000,0,1.39999999,1951.2700
1627437109605000,0,0.00000001,1951.2700
1627437139697000,1,7.04200000,1951.1400
1627437160168000,0,0.47328707,1954.1400
1627437161607000,1,0.47330000,1952.9600
1627437165045000,0,1.40000000,1953.5100
1627437165301000,0,0.51000000,1953.7600
1627437167823000,1,1.40000000,1952.7900
1627437182072000,0,0.30000000,1953.6800
1627437191591000,0,1.39999999,1954.6600
1627437191592000,0,0.00000001,1954.6600
1627437193091000,1,1.40000000,1953.6700
1627437243094000,1,0.05955171,1951.7500
1627437280591000,0,1.68102026,1955.5500
1627437281223000,0,0.99752675,1955.5500
1627437281225000,0,3.08057103,1955.5500
1627437281237000,0,0.63595536,1955.5500
1627437281264000,0,5.09093938,1955.5500
1627437281265000,0,2.21579763,1955.5500
1627437281271000,0,0.66586290,1955.5500
1627437314702000,0,2.16745045,1952.2100
1627437314768000,0,4.87254113,1952.2100
1627437314850000,0,0.00000842,1952.2100
1627437314850000,0,2.16744180,1952.2300
1627437316894000,0,0.30800000,1952.2200
1627437316894000,0,0.00001621,1952.2300
1627437316894000,0,2.16745801,1952.2300
1627437316894000,0,0.99262102,1952.5200
1627437316982000,1,2.16740000,1952.2300
1627437317066000,1,0.00006777,1952.2300
1627437318387000,0,0.30900000,1951.9500
1627437318387000,0,1.85869264,1951.9600
1627437318387000,0,0.30900543,1951.9600
1627437318387000,0,2.86136254,1952.2600
1627437318755000,1,2.78973872,1952.0000
1627437319086000,1,0.38000000,1952.0000
1627437319239000,1,0.00105349,1952.0000
1627437319239000,1,2.67034651,1951.7400
1627437319280000,0,4.54124675,1952.1200
1627437319297000,1,0.00112100,1951.7400
1627437319709000,1,0.17665000,1951.7400
1627437320100000,0,4.33200000,1951.9300
1627437320100000,0,0.59095238,1952.1000
1627437320435000,1,2.62800866,1952.1000
1627437320435000,1,0.17189134,1952.0900
1627437320436000,1,2.62810000,1952.0900
1627437320742000,0,5.54863204,1952.1600
1627437320894000,1,0.00000262,1951.7400
1627437321055000,0,0.20394048,1951.7300
1627437321073000,0,1.96415405,1951.7300
1627437321073000,0,2.68771175,1952.0500
1627437321084000,0,0.69406926,1952.0500
1627437321269000,0,1.00000000,1952.0300
1627437321269000,0,1.62391342,1952.0400
1627437321270000,0,0.77365846,1952.0400
1627437321377000,0,1.94849306,1952.0400
1627437323555000,1,0.29999000,1952.1300
1627437323615000,1,0.00000134,1952.1300
1627437323615000,1,3.08029866,1952.0400
1627437323665000,1,1.95681000,1952.0400
1627437372885000,1,4.80000000,1948.0400
1627437376496000,0,2.08300000,1948.3900
1627437381021000,0,2.08300000,1948.8900
1627437497835000,1,0.10842506,1949.2600
1627437533547000,0,1.08380000,1952.3300
1627437550223000,1,1.05600000,1951.9900
1627437578675000,0,0.96399999,1952.9400
1627437578675000,0,0.00000001,1952.9400
1627437588533000,0,2.37000000,1954.4400
1627437601397000,0,0.43738317,1955.5800
1627437601402000,0,0.00000001,1955.5800
1627437618895000,0,0.10800000,1953.0700
1627437625747000,1,0.07499999,1952.1400
1627437625802000,1,0.00000001,1952.1400
1627437671584000,1,5.00000000,1952.7300
1627437697882000,1,0.02000000,1949.5100
1627437738130000,1,0.10828933,1947.6400
1627437758891000,1,1.40000000,1947.7700
1627437759073000,1,1.00000000,1947.3800
1627437759079000,1,0.27160000,1947.3800
1627437759208000,1,0.92300000,1946.6900
1627437759278000,1,0.92300000,1946.6900
1627437764462000,0,0.15597400,1947.2500
1627437821355000,1,1.77580000,1944.2700
1627437821355000,1,0.43512942,1944.1300
1627437823092000,0,0.55000000,1945.2700
1627437828543000,0,0.15603600,1945.7000
1627437832780000,1,4.34700000,1944.2700
1627437841082000,0,1.39999999,1945.6900
1627437841100000,0,0.00000001,1945.6900
1627437841408000,0,1.08754128,1945.6900
1627437841409000,0,0.00000001,1945.6900
1627437842017000,0,0.78436899,1945.6800
1627437891713000,1,0.10000000,1947.6700
1627437898928000,1,0.44900000,1946.6100
1627437926264000,0,0.63800000,1947.6200
1627437980710000,0,0.87637048,1947.3700
1627437980729000,0,0.52362952,1947.3700
1627437980731000,0,0.54000000,1947.3600
1627437980731000,0,1.63300000,1947.4000
1627438132270000,1,1.40000000,1950.7700
1627438187097000,0,4.32800000,1954.8500
1627438187097000,0,2.88400000,1954.9400
1627438266003000,0,0.86021868,1959.7500
1627438266020000,0,0.53978132,1959.7500
1627438266334000,0,1.40000000,1959.7400
1627438266362000,0,0.01900000,1960.0000
1627438266362000,0,5.00000000,1960.0000
1627438266362000,0,0.01200000,1960.0000
1627438266362000,0,1.03825338,1960.0000
1627438267332000,1,0.43493477,1959.5900
1627438267334000,1,0.00000001,1959.5900
1627438268778000,1,1.39999999,1958.9300
1627438268779000,1,0.00000001,1958.9300
1627438269715000,1,1.40000000,1958.9800
1627438280620000,1,0.09000000,1954.4500
1627438280620000,1,0.00529275,1953.9700
1627438286189000,0,0.43000000,1956.6400
1627438286238000,0,0.00493479,1956.6400
1627438314559000,1,0.13661805,1951.4300
1627438359268000,0,1.27880600,1956.6500
1627438359271000,0,0.00000001,1956.6500
1627438366903000,0,0.43493478,1957.9600
1627438366905000,0,0.00000001,1957.9600
1627438391718000,0,1.22710455,1955.2000
1627438391758000,0,0.93727569,1955.2000
1627438391882000,0,3.24685585,1955.3100
1627438391903000,0,2.16438000,1955.2000
1627438391944000,0,0.00000024,1955.2000
1627438410297000,0,1.00000000,1961.5500
1627438418061000,0,2.98593371,1961.7300
1627438436470000,0,1.23180000,1962.1400
1627438436643000,0,0.00004714,1962.1400
1627438436643000,0,0.01039642,1962.2100
1627438436643000,0,0.01039642,1962.2100
1627438437902000,0,1.40000000,1963.3600
1627438438188000,0,0.50973075,1963.7300
1627438438188000,0,0.50973075,1963.7300
1627438438189000,0,0.38053850,1963.7300
1627438438389000,0,0.09000000,1964.7000
1627438438389000,0,1.27404648,1964.7500
1627438438389000,0,0.41935352,1964.7500
1627438438496000,0,0.01884994,1965.0500
1627438438496000,0,1.00000000,1965.8000
1627438438496000,0,1.40955006,1965.8100
1627438438531000,0,1.25820000,1965.8100
1627438438859000,1,0.88819100,1965.0200
1627438445665000,1,1.39999999,1966.1300
1627438445672000,1,0.00000001,1966.1300
1627438447086000,1,1.40000000,1965.0300
1627438451458000,0,0.80204000,1967.6000
1627438452164000,0,0.65893213,1967.8000
1627438460181000,0,0.01683109,1969.1000
1627438461682000,0,1.21260000,1970.7300
1627438461682000,0,0.25000000,1971.0000
1627438461682000,0,0.89999999,1971.0000
1627438467395000,0,0.00000001,1971.0000
1627438467395000,0,0.99999998,1971.3400
1627438470419000,0,0.00000002,1971.3400
1627438470818000,0,0.20213130,1973.3500
1627438486870000,0,0.04106910,1974.2300
1627438486870000,0,2.32579081,1974.9900
1627438497941000,0,0.45102450,1974.4000
1627438504878000,1,0.80000000,1971.1900
1627438504878000,1,0.43493478,1970.9700
1627438504878000,1,2.06730000,1970.6600
1627438504878000,1,13.93217342,1969.9300
1627438504880000,1,0.63517159,1969.9300
1627438504882000,1,17.23440820,1969.9300
1627438504913000,1,0.09654773,1971.6100
1627438504921000,1,1.30345227,1971.6100
1627438506599000,0,0.16113678,1972.8600
1627438506606000,0,1.23886322,1972.8600
1627438522560000,1,10.25008000,1966.6300
1627438532221000,1,0.01290000,1963.3000
1627438607708000,1,3.71176000,1969.7800
1627438607827000,1,6.40425000,1969.7800
1627438619552000,1,4.60000000,1968.2300
1627438671738000,0,0.25000000,1975.0000
1627438672028000,0,1.95425000,1975.2100
1627438672095000,0,4.24575000,1975.2100
1627438672714000,1,2.00000000,1975.2200
1627438672772000,1,1.75000000,1975.2200
1627438672793000,1,0.10800000,1975.2200
1627438672825000,1,3.35000000,1975.2200
1627438672833000,1,7.79200000,1975.2200
1627438796825000,0,2.14860000,1969.5100
1627438804473000,1,5.15000000,1968.5400
1627438804528000,1,2.05000000,1968.5400
1627438930263000,1,0.01476269,1964.0100
1627438947646000,0,0.88608600,1961.6500
1627439014378000,1,2.15422000,1962.8200
1627439014466000,1,0.00000847,1962.8200
1627439054838000,1,0.14758638,1960.0300
1627439060772000,0,0.11000000,1961.8600
1627439091351000,1,0.50000000,1959.1000
1627439108213000,0,0.43303319,1960.1000
1627439108301000,0,1.00000000,1960.5200
1627439124148000,1,2.15693000,1960.6700
1627439124152000,1,0.00000900,1960.6700
1627439160945000,1,2.15553000,1961.8600
1627439178920000,1,3.87907000,1960.2000
1627439227137000,1,0.43303318,1957.4400
1627439227220000,1,1.38600000,1957.1100
1627439227425000,1,1.19650000,1957.1100
1627439227444000,1,2.91750000,1957.1100
1627439228399000,1,0.16999999,1956.3200
1627439228405000,1,0.00000001,1956.3200
1627439243569000,1,2.02450000,1955.8100
1627439243569000,1,2.16073053,1955.7700
1627439243569000,1,3.24109579,1955.4400
1627439247538000,0,0.43303319,1955.5800
1627439280307000,0,0.05045460,1955.6400
1627439310004000,0,0.60649981,1954.9800
1627439310005000,0,0.67009396,1954.9800
1627439344182000,1,0.02571125,1955.1500
1627439372851000,0,0.02464241,1958.3200
1627439492992000,1,0.03000000,1954.8400
1627439659650000,1,0.02660000,1954.0900
1627439717068000,1,6.08078312,1954.7400
1627439746875000,1,0.84339551,1951.6100
1627439817573000,1,2.16428488,1953.6600
1627439817573000,1,3.24627653,1953.5600
1627439817576000,1,0.00000001,1953.5600
1627439817655000,1,0.61506524,1953.3100
1627439817656000,1,0.38493476,1953.3100
1627439817723000,1,0.69288643,1953.1100
1627439897857000,0,2.16540000,1953.5500
1627439897966000,0,0.00009312,1953.5500
1627439897966000,0,3.24810688,1953.7300
1627439898008000,0,0.00019303,1953.7300
1627439916383000,1,2.16203000,1955.5300
1627439930354000,1,3.93030000,1952.9300
1627439930416000,1,1.02280000,1952.9300
1627439930491000,1,1.18810000,1952.9300
1627439941817000,1,4.32600000,1953.4900
1627440062084000,1,2.16469000,1953.0900
1627440166068000,1,0.57000000,1955.5400
1627440318416000,1,0.01521290,1957.1100
1627440387005000,1,0.03500000,1953.0100
1627440412403000,1,2.16485000,1952.8900
1627440520186000,1,2.16549212,1952.1200
1627440520190000,1,3.24787729,1952.0600
1627440520848000,1,1.48887000,1951.4200
1627440521363000,1,0.00000989,1951.4200
1627440521363000,1,0.01599011,1951.3600
1627440564473000,0,2.16450000,1954.1100
1627440564499000,0,0.00007378,1954.1100
1627440564499000,0,3.24682622,1954.2700
1627440564518000,0,0.00011065,1954.2700
1627440684248000,1,2.16278000,1954.7200
1627441066569000,1,0.00099562,1951.3600
1627441070285000,1,4.40000000,1948.9500
1627441097438000,1,10.85000000,1947.7700
1627441105386000,1,0.43534651,1944.2400
1627441165225000,1,0.51338000,1946.5600
1627441165328000,1,0.00000919,1946.5600
1627441181820000,0,2.17324975,1946.2400
1627441181820000,0,3.57146808,1946.4900
1627441206361000,0,2.25040762,1948.7000
1627441231476000,1,3.25457088,1947.7500
1627441279254000,1,0.04999999,1941.0500
1627441279261000,1,0.00000001,1941.0500
1627441279406000,1,0.51457798,1940.6900
1627441279500000,1,0.00000001,1940.6900
1627441279500000,1,0.05666256,1940.5900
1627441279506000,1,0.00000002,1940.5900
1627441279893000,1,0.24985579,1939.4100
1627441289434000,1,0.10309000,1936.7000
1627441290335000,1,0.51573000,1935.7300
1627441291667000,1,0.51573000,1934.6500
1627441291806000,1,0.00000508,1934.6500
1627441291806000,1,0.05951496,1934.5900
1627441291830000,1,0.00000509,1934.5900
1627441293399000,1,0.51573000,1932.2400
1627441294133000,1,0.09000000,1932.9300
1627441294133000,1,0.01035101,1932.1800
1627441294199000,1,0.07507087,1931.3400
1627441294845000,1,0.03275000,1930.7100
1627441295230000,1,0.04106000,1929.8500
1627441295802000,1,0.00000910,1929.8500
1627441295802000,1,0.01036716,1929.1700
1627441295802000,1,0.20213130,1928.5800
1627441295802000,1,0.08749244,1926.0200
1627441300244000,0,0.09000000,1932.3500
1627441300244000,0,1.00000000,1932.3500
1627441300244000,0,0.85459999,1932.3600
1627441300260000,0,1.00000001,1932.3600
1627441316139000,0,0.43534000,1937.5700
1627441321184000,0,0.01534294,1937.2100
1627441322286000,1,0.51596000,1934.6500
1627441322462000,1,1.29028155,1933.7600
1627441322486000,1,0.00000001,1933.7600
1627441322486000,1,0.51596925,1933.7600
1627441322619000,1,0.01500000,1934.6400
1627441322646000,1,0.00061421,1934.6400
1627441353423000,1,0.51649691,1934.6600
1627441353423000,1,0.81039000,1934.6500
1627441353423000,1,2.18417009,1934.5700
1627441393215000,1,0.51748000,1931.0200
1627441393357000,1,0.00000585,1931.0200
1627441420077000,0,0.44011755,1932.0300
1627441420077000,0,2.18963442,1932.2500
1627441420077000,0,12.87200000,1932.3100
1627441420077000,0,1.84357164,1932.3300
1627441478858000,1,4.50396000,1930.3300
1627441478935000,1,2.69604000,1930.3300
1627441480188000,1,0.51738000,1929.0700
1627441483884000,1,0.01708883,1924.7400
1627441484910000,1,0.01708884,1925.4600
1627441485941000,1,0.01708883,1925.5700
1627441501078000,0,10.09550000,1929.0300
1627441513989000,0,1.48880000,1929.9700
1627441514014000,0,0.00007989,1929.9700
1627441524076000,1,0.51770017,1929.3700
1627441524076000,1,6.90000000,1929.3300
1627441524094000,1,0.51776986,1929.3400
1627441574981000,1,0.23948626,1932.0000
1627441579145000,0,2.18710000,1933.6500
1627441579164000,0,0.00009857,1933.6500
1627441616049000,0,0.01795108,1934.3800
1627441635993000,0,0.53857494,1934.2300
1627441671394000,0,0.05133141,1935.1800
1627441672421000,1,0.12845094,1933.4100
1627441888612000,1,2.18255000,1936.4200
1627441895724000,0,2.18444017,1936.6000
1627441895724000,0,0.86719444,1936.7200
1627441895740000,0,0.70190576,1936.7200
1627441918688000,1,2.18040163,1938.7600
1627441918749000,1,0.00000001,1938.7600
1627441972593000,1,0.84700000,1936.8600
1627441974981000,0,0.04890427,1937.3100
1627441995491000,1,0.00000537,1936.4200
1627441995491000,1,0.02079224,1936.3700
1627442212307000,0,0.01026974,1937.7300
1627442220569000,1,0.60286987,1937.1600
1627442220581000,1,0.66270209,1937.1600
1627442239872000,1,0.58951458,1934.6600
1627442272871000,0,0.05125005,1936.7100
1627442273915000,0,0.05125005,1936.7100
1627442277988000,0,0.05125005,1936.7100
1627442408366000,0,2.18700000,1933.9500
1627442408436000,0,0.00008391,1933.9500
1627442408436000,0,3.28059213,1934.1600
1627442408436000,0,1.00000000,1934.2600
1627442408692000,0,2.94360000,1935.3100
1627442408936000,0,0.77632488,1934.8600
1627442408948000,0,0.77076263,1935.1600
1627442410553000,0,0.01325980,1936.2600
1627442413236000,0,3.19980000,1937.6500
1627442413262000,0,1.19420000,1937.6500
1627442413339000,0,2.94360000,1937.6500
1627442413351000,0,1.01630000,1937.6500
1627442413381000,0,5.12210000,1937.6500
1627442439752000,1,2.17931000,1940.1700
1627442510979000,1,5.00000000,1945.0000
1627442518553000,0,0.25291878,1944.4300
1627442518553000,0,5.96606026,1944.4300
1627442518553000,0,1.58702096,1944.4300
1627442561428000,1,0.07900000,1943.2700
1627442561586000,1,2.09640000,1943.2700
1627442561853000,1,1.40000000,1942.5800
1627442561853000,1,0.40183163,1942.5500
1627442561853000,1,0.80313248,1942.5500
1627442561871000,1,0.66545262,1942.5500
1627442561990000,1,0.51450916,1942.6200
1627442566995000,0,0.88174543,1943.6600
1627442595667000,0,1.03280000,1943.9700
1627442627182000,1,1.39999999,1941.7500
1627442627184000,1,0.00000001,1941.7500
1627442652075000,0,0.88629229,1943.4300
1627442654086000,0,0.32000000,1943.2400
1627442684638000,1,1.40000000,1941.9700
1627442684638000,1,2.17673505,1941.9600
1627442684684000,1,3.26510257,1941.7700
1627442696572000,0,0.10087457,1942.7800
1627442708587000,0,0.23710363,1942.0200
1627442714812000,1,2.17837845,1940.1600
1627442714877000,1,0.00000001,1940.1600
1627442816242000,0,0.75698730,1943.4700
1627442832704000,0,0.49870000,1943.7200
1627442832704000,0,0.01271120,1943.7200
1627442946376000,1,0.10003450,1943.8300
1627442960506000,0,0.01300685,1944.5300
1627443022538000,0,0.80723999,1947.1900
1627443022541000,0,0.00000001,1947.1900
1627443083124000,0,0.21004735,1951.5800
1627443083129000,0,1.18995265,1951.5800
1627443083130000,0,1.58340072,1951.7200
1627443083131000,0,1.66829433,1951.7200
1627443086156000,1,1.40000000,1951.3600
1627443090392000,0,0.01256958,1952.6600
1627443109044000,0,0.02014502,1952.0200
1627443126640000,0,0.04731592,1951.4100
1627443130664000,0,1.89786158,1951.6800
1627443141660000,0,0.51091398,1952.7700
1627443147252000,0,2.16570000,1952.7700
1627443147266000,0,0.00005176,1952.7700
1627443205597000,0,0.15269479,1954.8800
1627443237776000,0,0.35981641,1956.0200
1627443244410000,1,0.40550000,1954.3800
1627443280309000,0,5.90000000,1952.4700
1627443280309000,0,2.16662278,1952.5200
1627443280309000,0,0.35000000,1952.6200
1627443280309000,0,14.21600000,1952.6300
1627443280309000,0,3.24993417,1952.7800
1627443280309000,0,0.81744305,1952.8900
1627443311362000,1,4.89999999,1951.2900
1627443311362000,1,0.00000001,1951.2900
1627443316239000,1,0.15269479,1950.7600
1627443365732000,0,2.16691924,1952.0400
1627443444113000,1,0.49610231,1947.0900
1627443562095000,1,0.48500000,1950.2200
1627443596283000,0,0.04970402,1949.1500
1627443605381000,0,2.16978244,1948.9500
1627443605381000,0,0.58799999,1948.9500
1627443617826000,0,0.01954818,1949.4600
1627443738734000,1,0.09782580,1941.6600
1627443751709000,1,0.02000000,1941.7200
1627443782804000,0,0.24187573,1943.1100
1627443783822000,0,0.24187572,1943.3100
1627443784843000,0,0.24187573,1943.3100
1627443887145000,1,0.51569252,1937.8900
1627443887145000,1,2.18088059,1937.8000
1627443887145000,1,3.27098952,1937.7700
1627443887206000,1,1.00000000,1937.5800
1627443887206000,1,0.21730000,1937.5700
1627443887267000,1,1.07194407,1937.5700
1627443887403000,1,0.01317951,1937.5000
1627443893762000,1,0.23710363,1936.9600
1627443982449000,0,0.23750000,1942.9500
1627444031924000,1,0.51538952,1938.7500
1627444058633000,1,2.18048000,1938.6800
1627444088831000,0,0.01537350,1935.9400
1627444088922000,1,0.32000000,1934.2800
1627444156084000,1,2.17959000,1939.4900
1627444163634000,0,1.40000000,1940.3000
1627444163634000,0,1.61500000,1940.3100
1627444163634000,0,1.00000000,1940.3100
1627444163634000,0,4.61211912,1940.3100
1627444199009000,0,0.01791695,1941.4600
1627444208674000,1,0.21000000,1939.0000
1627444316537000,1,0.11615519,1939.3100
1627444504248000,1,1.31710000,1936.2200
1627444616229000,0,0.10000000,1937.0100
1627444629697000,1,0.14000000,1935.3800
1627444759711000,1,0.77106401,1938.9700
1627444759718000,1,1.19083070,1938.9700
1627444759864000,1,0.51553301,1938.5800
1627444759948000,1,1.28861886,1938.1900
1627444760624000,1,4.60000000,1937.2900
1627444762526000,1,7.10870000,1936.8100
1627444762634000,1,1.05610000,1936.8100
1627444762972000,1,1.12100000,1936.8100
1627444762987000,1,6.15000000,1936.8100
1627444763048000,1,5.05000000,1936.8100
1627444763102000,1,3.75000000,1936.8100
1627444763166000,1,8.10750000,1936.8100
1627444841063000,0,1.40000000,1939.2300
1627444847651000,0,0.10752141,1939.4200
1627444857919000,0,2.18060000,1940.3000
1627444932214000,0,8.96500000,1941.1600
1627444947498000,0,7.62500000,1941.5100
1627444951117000,0,8.06490000,1944.1000
1627444951243000,0,1.07860000,1944.1000
1627444953173000,0,2.20000000,1944.1000
1627444953184000,0,3.18840000,1944.1000
1627444953950000,0,4.00000000,1944.1000
1627444954015000,0,4.47233000,1944.1000
1627444954085000,0,7.35000000,1944.1000
1627444954151000,0,3.96377000,1944.1000
1627444964127000,1,1.40000000,1945.6800
1627444982202000,0,0.01021088,1948.9000
1627445000195000,0,0.01496679,1948.4100
1627445002278000,0,0.47004861,1947.9900
1627445038462000,1,5.01377000,1944.1100
1627445038615000,1,0.68623000,1944.1100
1627445128394000,1,2.18117025,1938.1100
1627445128396000,1,0.00000001,1938.1100
1627445141242000,1,4.36100000,1937.6200
1627445141262000,1,2.18185590,1937.4000
1627445141339000,1,0.52492135,1936.8300
1627445141464000,1,0.76456158,1936.8300
1627445141464000,1,0.51583617,1936.8300
1627445227482000,0,1.40000000,1936.9500
1627445268413000,0,2.57310731,1938.5200
1627445291180000,1,1.40000000,1937.7900
1627445310842000,1,2.18301000,1936.8600
1627445396541000,1,2.18530000,1934.9800
1627445405788000,1,0.06565483,1934.8800
1627445408821000,1,2.18490000,1935.1700
1627445408858000,1,0.00001874,1935.1700
1627445408863000,1,3.27750000,1934.8500
1627445481253000,1,0.12600000,1935.4600
1627445499546000,1,2.18410000,1935.6900
1627445503211000,1,0.51641000,1934.9000
1627445743109000,0,0.50000000,1936.8100
1627445805583000,0,0.09096396,1938.4600
1627445828782000,0,0.01328505,1937.8800
1627445828885000,1,0.01305372,1936.4600
1627445854414000,0,0.07657190,1936.3500
1627445870810000,1,0.10700000,1936.7100
1627445931760000,1,1.29067504,1935.1700
1627445931766000,1,0.00000001,1935.1700
1627445964630000,0,0.01269243,1935.3100
1627445996962000,1,0.02212389,1934.1700
1627446018165000,1,6.70000000,1932.9800
1627446033189000,0,0.46301878,1934.0900
1627446064950000,1,0.98500000,1934.2400
1627446179181000,0,0.02540535,1935.7600
1627446179299000,0,0.01284766,1935.7600
1627446192929000,0,0.01794891,1934.5200
1627446225268000,1,0.80000000,1932.7000
1627446240219000,0,0.09389187,1933.4400
1627446469856000,0,0.01385406,1934.6600
1627446577408000,0,0.11000000,1936.2200
1627446650137000,0,0.02540378,1936.2000
1627446700518000,1,1.29180000,1933.2100
1627446700519000,1,0.00009514,1933.2100
1627446720245000,0,0.16637365,1931.6900
1627446738304000,0,0.24522919,1934.1900
1627446819574000,1,7.90000000,1932.5000
1627446857664000,1,0.04737227,1930.6300
1627446896418000,1,0.02169338,1929.5400
1627446946354000,0,1.09000000,1931.7600
1627447011063000,0,0.05000000,1933.6700
1627447011065000,0,0.00435393,1933.6700
1627447052431000,1,2.18800000,1932.3400
1627447052485000,1,0.00002251,1932.3400
1627447144301000,1,5.60000000,1929.3700
1627447154616000,0,2.19240000,1930.0300
1627447154629000,0,0.00006350,1930.0300
1627447154629000,0,13.10600000,1930.0500
1627447154629000,0,3.28900831,1930.1600
1627447169679000,1,1.00000000,1932.2900
1627447214895000,1,2.18846000,1932.3700
1627447214953000,1,0.00000068,1932.3700
1627447214972000,1,3.28260000,1932.1800
1627447214997000,1,0.00005739,1932.1800
1627447215051000,1,3.59482946,1931.8900
1627447215175000,1,0.51737340,1931.6600
1627447239666000,1,0.51785030,1929.8500
1627447263377000,1,1.00000000,1931.0500
1627447263386000,1,0.44027355,1931.1900
1627447263391000,1,0.44027355,1931.1900
1627447263397000,1,0.44027355,1931.1900
1627447263399000,1,0.44027355,1931.1900
1627447263405000,1,2.18917050,1931.1900
1627447263412000,1,0.42773530,1931.1900
1627447263426000,1,5.37187836,1930.7200
1627447263444000,1,5.70601414,1930.6600
1627447303186000,0,0.01712650,1933.3400
1627447304213000,0,0.01712650,1933.3300
1627447305225000,0,0.01712651,1933.2800
1627447358881000,1,0.31712375,1932.8400
1627447373125000,1,0.01695559,1933.2000
1627447374155000,1,0.01695560,1933.2000
1627447375168000,1,0.01695559,1933.2000
1627447460592000,1,4.28135737,1932.5500
1627447460593000,1,2.11864263,1932.5500
1627447496120000,1,0.10053850,1932.6000
1627447530393000,0,0.10242300,1933.7300
1627447548046000,1,0.10043633,1932.5400
1627447554497000,0,0.01286122,1933.7200
1627447561308000,1,0.39460000,1931.2300
1627447561846000,0,0.68689999,1932.7000
1627447580259000,1,0.04850000,1932.5800
1627447584184000,1,2.04000000,1932.6800
1627447625752000,1,0.25855400,1935.7700
1627447818083000,0,2.18560260,1935.7900
1627447818083000,0,1.00000000,1935.8900
1627447818083000,0,4.81589562,1935.9000
1627447898237000,0,1.80000000,1938.2700
1627447916399000,1,1.00000000,1937.6600
1627447976160000,0,0.02528020,1938.8100
1627447995440000,0,0.15030397,1940.1000
1627447995615000,0,0.01265017,1940.5200
1627448010354000,1,0.15105085,1940.1700
1627448032469000,1,5.90000000,1939.1100
1627448100145000,0,0.01534071,1940.5800
1627448173450000,1,1.57310000,1935.2500
1627448192391000,0,0.23000000,1936.1500
1627448211716000,0,0.12701584,1936.0200
1627448217118000,0,0.19544932,1935.9500
1627448223426000,1,0.00006109,1935.2500
1627448223463000,1,3.27920000,1934.1500
1627448237715000,0,0.09000000,1935.2100
1627448270641000,1,0.03269046,1934.6600
1627448287139000,1,0.15478600,1934.6100
1627448303882000,1,0.40560000,1932.8900
1627448346836000,1,0.15488000,1932.0700
1627448357295000,1,2.03396000,1932.0700
1627448381030000,0,0.01541032,1932.4500
1627448391937000,0,2.00000000,1932.3100
1627448447786000,1,0.20000000,1930.3900
1627448465400000,1,4.45000000,1933.0300
1627448465444000,1,3.61540000,1933.0300
1627448465454000,1,1.45434357,1933.0300
1627448666628000,0,0.01902527,1937.2200
1627448695550000,0,2.18296000,1938.6900
1627448709179000,1,0.07999999,1937.4500
1627448709282000,1,0.00000001,1937.4500
1627448714686000,1,0.11000000,1936.3300
1627448741483000,1,0.09306293,1934.9900
1627448756293000,1,0.11899999,1935.4500
1627448756294000,1,0.00000001,1935.4500
1627448756295000,1,3.27781526,1935.1500
1627448778538000,0,0.04982472,1936.9900
1627448867711000,0,0.25321353,1938.2000
1627448876200000,1,0.59735037,1936.9300
1627448876824000,0,0.01266335,1938.1400
1627448975805000,0,0.01267650,1936.1200
1627449007980000,0,2.18599509,1936.0100
1627449008112000,0,0.44000000,1936.0100
1627449008114000,0,1.74599509,1936.0100
1627449013741000,0,0.51950000,1936.3200
1627449075971000,1,0.25000000,1938.0200
1627449076141000,0,0.25000000,1938.0000
1627449076217000,0,0.00507315,1938.0000
1627449113292000,0,2.18400000,1937.8800
1627449113366000,0,0.00001659,1937.8800
1627449113366000,0,3.27586580,1938.2600
1627449113486000,0,1.02910000,1938.4500
1627449150743000,1,0.18217211,1939.6700
1627449163163000,0,1.26860000,1940.7600
1627449163176000,0,0.91239250,1940.7600
1627449163371000,0,1.69390000,1941.0300
1627449163430000,0,6.78078756,1941.0300
1627449163434000,0,1.15480000,1941.0300
1627449163448000,0,0.51440730,1941.0300
1627449163449000,0,0.34310514,1941.0300
1627449210601000,1,0.03008600,1941.0300
1627449210817000,1,0.44296000,1941.0300
1627449211251000,1,0.21658000,1941.0300
1627449211450000,1,1.69638000,1941.0300
1627449212751000,1,1.80190525,1941.0300
1627449212771000,1,0.03677358,1941.0300
1627449229216000,1,0.20310056,1939.6700
1627449241582000,0,0.20310000,1941.4000
1627449249884000,0,1.40000000,1942.5000
1627449249884000,0,5.89243298,1942.5100
1627449278293000,1,0.01528855,1941.6700
1627449296295000,0,0.33965183,1942.7400
1627449354668000,1,0.01555686,1943.3000
1627449404577000,0,1.60000000,1943.0500
1627449404617000,0,0.57862279,1943.0500
1627449413090000,1,0.01346569,1942.7500
1627449416232000,0,0.95905331,1944.3200
1627449424444000,0,6.00500000,1944.6500
1627449432262000,1,0.17640000,1942.4800
1627449432587000,1,0.09001545,1942.4800
1627449451818000,1,0.25000000,1942.7100
1627449520402000,0,2.18264000,1939.4400
1627449520417000,0,0.00000779,1939.4400
1627449542391000,0,2.18070000,1941.2100
1627449590143000,0,1.35550000,1944.1700
1627449590143000,0,1.13287558,1944.1800
1627449590144000,0,2.13363334,1944.1800
1627449602736000,0,2.17633000,1945.2000
1627449626158000,0,2.17399000,1947.6600
1627449626226000,0,0.00000677,1947.6600
1627449630637000,1,1.08458493,1946.5900
1627449630685000,1,0.31541507,1946.5900
1627449634606000,1,0.01300000,1945.9500
1627449638092000,0,0.25600000,1946.7700
1627449641272000,0,1.91852699,1946.7700
1627449680751000,0,2.17602000,1945.1200
1627449721225000,1,0.54910834,1946.2200
1627449721226000,1,0.77136685,1946.2200
1627449721228000,1,0.07952481,1946.2200
1627449721228000,1,1.46565763,1946.2100
1627449721267000,1,0.70778819,1946.2100
1627449721352000,1,0.70778818,1946.3300
1627449721374000,1,5.90000000,1946.1700
1627449721651000,1,0.51357903,1945.8700
1627449722129000,1,1.98850000,1945.2700
1627449722736000,1,4.34700000,1944.9700
1627449742093000,0,0.21000000,1943.3700
1627449742093000,0,0.21000000,1943.3700
1627449742111000,0,0.22000000,1943.3700
1627449789153000,0,1.40000000,1945.3000
1627449796911000,0,0.00000001,1946.7700
1627449840264000,0,0.70651191,1945.9900
1627449850151000,1,0.01552163,1945.3200
1627449865426000,1,1.90000000,1945.5000
1627449866349000,1,0.10000000,1945.5000
1627449873453000,1,0.25000000,1945.6600
1627449887239000,0,1.56400000,1946.0400
1627449896088000,1,1.38450000,1944.4800
1627449896088000,1,0.41550000,1944.0900
1627449910079000,0,1.40000000,1946.0200
1627449910079000,0,0.77510000,1946.0400
1627449910209000,0,1.40000000,1946.0400
1627449910235000,0,0.00007287,1946.0400
1627449969197000,0,1.37485000,1947.2500
1627450020644000,1,0.05001673,1946.1300
1627450022394000,1,6.57489143,1946.1300
1627450023257000,1,0.30563930,1946.1300
1627450023290000,1,1.49845254,1946.1300
1627450034643000,0,1.55000000,1945.6300
1627450072375000,0,0.01529134,1946.1100
1627450083006000,0,2.17479000,1946.0200
1627450083027000,0,0.00000620,1946.0200
1627450084868000,0,1.60000000,1946.6900
1627450116561000,0,2.04526353,1946.6000
1627450120455000,0,0.10222952,1946.6000
1627450153498000,1,0.02484045,1944.7800
1627450156372000,1,0.02500837,1944.7800
1627450200400000,0,0.03879148,1947.1600
1627450206830000,0,0.30000000,1946.9100
1627450209996000,0,0.30000000,1946.8100
1627450248798000,0,0.55963600,1944.5200
1627450270919000,0,2.17663000,1944.3200
1627450354249000,1,0.10003613,1943.3600
1627450392122000,1,1.40000000,1942.8400
1627450394285000,1,0.01566208,1941.7000
1627450394285000,1,0.51445622,1941.2300
1627450394285000,1,0.08823566,1941.2000
1627450440246000,0,0.76454701,1942.7500
1627450461005000,0,0.02535066,1942.6200
1627450470381000,1,6.59999999,1940.8200
1627450489310000,1,0.00000001,1940.8200
1627450539069000,0,0.10229792,1941.0200
1627450546757000,0,0.10228039,1941.2800
1627450556507000,0,0.01515775,1942.5300
1627450559545000,1,1.08110000,1940.5100
1627450564343000,0,0.12776000,1940.5600
1627450567456000,0,0.51096136,1940.3200
1627450588770000,0,0.25581962,1940.2700
1627450595789000,0,2.55772797,1939.9700
1627450619317000,0,2.18109887,1940.3300
1627450684851000,0,0.08592920,1940.2600
1627450685478000,1,0.20715326,1939.5300
1627450685480000,1,0.00000001,1939.5300
1627450685933000,0,0.07673323,1940.2500
1627450686904000,0,0.07673323,1940.2500
1627450687934000,0,0.07673323,1939.5800
1627450688955000,0,0.07673323,1939.8100
1627450689970000,0,0.07673323,1939.8100
1627450690997000,0,0.07673322,1939.8100
1627450691263000,1,0.79220000,1938.5500
1627450691263000,1,0.00210000,1938.3100
1627450692009000,0,0.07673323,1939.8100
1627450693020000,0,0.07673322,1939.8100
1627450694088000,0,0.07673323,1939.8100
1627450694265000,0,0.23558426,1939.8100
1627450696289000,1,0.45877458,1938.5500
1627450736889000,1,0.49740000,1939.6800
1627450742520000,0,0.00000001,1940.3300
1627450742520000,0,0.10999999,1940.8200
1627450754194000,0,0.03324147,1941.8800
1627450802637000,0,0.81300000,1944.2100
1627450802637000,0,1.36330000,1944.5100
1627450802685000,0,0.81303044,1944.5100
1627450802685000,0,2.45146956,1944.7000
1627450802699000,0,0.81306149,1944.7000
1627450802918000,0,1.90540000,1945.4300
1627450802918000,0,2.22790000,1945.4300
1627450802950000,0,1.24670000,1945.4300
1627450802956000,0,3.47215611,1945.4300
1627450802962000,0,0.90214010,1945.4300
1627450802996000,0,1.05930000,1945.4300
1627450803020000,0,4.10842986,1945.4300
1627450803032000,0,1.10808876,1945.4300
1627450803051000,0,1.22540000,1945.4300
1627450803055000,0,0.57736966,1945.4300
1627450861787000,1,0.09767647,1943.8300
1627450864514000,0,0.20659751,1944.8500
1627450906003000,0,2.17549477,1945.7700
1627450906003000,0,1.56300000,1945.8500
1627450920241000,0,0.12713758,1944.8400
1627450942780000,0,0.10208053,1945.9600
1627450956013000,0,0.02550491,1946.3600
1627450985629000,0,2.17621725,1944.8700
1627450985631000,0,0.00000001,1944.8700
1627451000461000,0,1.02008127,1946.2600
1627451041635000,0,5.22760000,1949.6100
1627451041680000,0,2.17240000,1949.6100
1627451059624000,1,1.27479999,1949.0600
1627451059634000,1,0.00000001,1949.0600
1627451096165000,0,0.47500848,1950.9500
1627451120825000,0,1.40000000,1948.4100
1627451148417000,1,3.15000000,1947.7700
1627451151370000,0,0.97164336,1948.4500
1627451152350000,0,0.01393010,1948.4600
1627451170354000,0,0.19866931,1947.4200
1627451199628000,0,1.00000000,1946.6000
1627451203352000,0,0.98361859,1946.8400
1627451205848000,1,1.39999999,1945.5000
1627451207672000,0,0.02549260,1946.3600
1627451208711000,0,0.25495092,1946.3600
1627451235875000,0,0.02549810,1946.3700
1627451258079000,1,0.10366759,1943.4200
1627451280014000,0,0.03329169,1945.2300
1627451286447000,0,0.13895759,1945.5200
1627451323504000,0,0.00000001,1945.5200
1627451329161000,1,0.06202224,1946.0700
1627451362250000,0,0.01487512,1945.7600
1627451363278000,0,0.01487512,1945.7600
1627451364298000,0,0.01487512,1945.7600
1627451365343000,0,0.01487511,1946.2600
1627451366360000,0,0.01487512,1946.1700
1627451367385000,0,0.06585429,1946.1600
1627451402800000,0,0.05608498,1946.9600
1627451413709000,0,0.04616224,1945.9800
1627451538378000,0,0.02554075,1942.2900
1627451547061000,0,0.05123926,1941.8700
1627451576306000,1,0.63080000,1941.8500
1627451576306000,1,0.51464155,1941.8400
1627451576306000,1,0.45455845,1941.8200
1627451602847000,0,0.02496384,1943.0700
1627451608720000,0,0.08431608,1942.8500
1627451633305000,0,1.13950000,1942.3800
1627451636688000,0,1.40000000,1943.2600
1627451636688000,0,1.12213400,1943.2600
1627451654968000,0,0.01320422,1943.1900
1627451677799000,1,1.40000000,1942.7800
1627451692215000,0,0.02298760,1942.9200
1627451698228000,0,0.07662778,1942.6800
1627451715318000,0,0.12978769,1942.4800
1627451716246000,0,0.14832879,1942.4800
1627451717666000,0,0.14832879,1942.7100
1627451718695000,0,0.14832879,1942.7100
1627451719695000,0,0.14832879,1942.7100
1627451720725000,0,0.14832879,1942.4900
1627451721751000,0,0.14832879,1942.5000
1627451722826000,0,0.14832879,1942.4900
1627451726801000,0,0.10219141,1942.9000
1627451760223000,0,0.02955391,1943.4100
1627451769045000,0,0.77392397,1942.6000
1627451771074000,0,0.02554206,1942.6000
1627451789157000,0,0.02554798,1941.5300
1627451816354000,0,0.13620842,1940.4800
1627451833729000,0,0.12787421,1940.8800
1627451836865000,1,0.08167118,1939.7400
1627451852932000,0,0.02556944,1940.0000
1627451855949000,0,0.05074759,1940.0000
1627451858943000,0,0.25767083,1939.9900
1627451862014000,0,0.01316074,1940.0000
1627451863095000,0,0.33541703,1939.9500
1627451890770000,0,0.05111912,1941.0700
1627451906707000,0,0.37244061,1943.5200
1627451913766000,0,0.02044386,1943.5200
1627451943365000,0,1.27357374,1943.9000
1627452000293000,0,0.01423077,1944.9900
1627452012045000,1,1.40000000,1942.6300
1627452021337000,0,0.03931212,1943.0800
1627452027285000,1,1.00000000,1941.7900
1627452030033000,0,3.26947311,1942.1000
1627452030033000,0,0.43808811,1942.1100
1627452030474000,0,4.01773000,1942.1000
1627452030474000,0,1.32009373,1942.1000
1627452043463000,0,0.85941849,1941.5800
1627452053694000,0,0.15332184,1941.2800
1627452056280000,0,0.01712434,1941.5100
1627452060999000,0,0.02707314,1941.2800
1627452062133000,0,0.20451443,1941.2800
1627452063151000,0,0.20451443,1941.9800
1627452064178000,0,0.20451443,1942.7800
1627452065191000,0,0.20451443,1943.4000
1627452066226000,0,0.20451443,1943.3900
1627452067236000,0,0.20451443,1943.2400
1627452068257000,0,0.20451443,1943.2400
1627452069277000,0,0.20451443,1942.8300
1627452075559000,0,0.21473899,1942.4900
1627452076721000,0,2.18180000,1942.5300
1627452094525000,0,0.50951838,1943.2500
1627452098598000,0,0.05108518,1942.5800
1627452137430000,0,0.12776656,1946.9100
1627452151925000,1,1.40000000,1945.4800
1627452168099000,0,0.01299929,1945.0900
1627452168196000,1,0.01338539,1943.6900
1627452182638000,0,0.01277710,1946.4500
1627452184971000,1,0.29530000,1944.4600
1627452184971000,1,3.00410000,1944.4500
1627452202498000,0,0.01831242,1946.0300
1627452305395000,0,0.49768348,1945.6100
1627452317337000,0,0.02513463,1944.2600
1627452319837000,0,0.51018490,1944.0300
1627452378609000,1,0.11000000,1941.7000
1627452393409000,0,0.02554732,1943.7100
1627452396571000,0,0.25547327,1943.7100
1627452418089000,0,0.49021781,1943.1400
1627452423379000,0,1.40000000,1943.1400
1627452423379000,0,0.46084378,1943.1400
1627452428941000,0,0.20320000,1944.8100
1627452428941000,0,0.24731574,1944.8200
1627452456738000,1,1.40000000,1943.9000
1627452456738000,1,0.17364051,1943.8900
1627452478365000,1,1.40000000,1942.7700
1627452478365000,1,0.22061481,1942.7600
1627452489487000,0,0.10119320,1943.5300
1627452494161000,0,0.17085774,1943.0100
1627452498944000,0,0.30691000,1943.0000
1627452500164000,0,0.00000076,1943.0000
1627452536144000,1,0.27210000,1942.0200
1627452536144000,1,2.22790000,1942.0100
1627452551754000,0,0.01344921,1944.4400
1627452624200000,0,0.01277026,1943.1400
1627452641102000,0,0.01787419,1943.6900
1627452652940000,0,0.02812834,1943.2700
1627452661516000,0,0.02560697,1942.8300
1627452682822000,0,0.13282832,1943.1000
1627452689835000,0,0.01532634,1943.2100
1627452690835000,0,0.01532634,1942.9900
1627452692116000,0,0.01532635,1943.1700
1627452700692000,0,0.20000000,1942.7000
1627452718642000,1,0.25762494,1941.5000
1627452735229000,0,0.04137943,1943.3400
1627452751577000,0,0.05107467,1942.9100
1627452767499000,1,0.66800000,1941.7000
1627452767499000,1,1.51070000,1941.6900
1627452767520000,1,0.66806784,1941.6900
1627452767520000,1,2.59983216,1941.6400
1627452767549000,1,0.66807931,1941.6400
1627452767565000,1,2.41830000,1941.3400
1627452767605000,1,1.15420000,1941.3400
1627452769302000,1,0.02405228,1940.6900
1627452769465000,1,3.07594000,1940.6900
1627452769518000,1,3.90000000,1940.6900
1627452791123000,0,0.28044790,1940.8900
1627452794147000,0,0.05112518,1940.8900
1627452818085000,0,0.03323469,1941.6100
1627452831525000,0,0.25560090,1941.7400
1627452836423000,0,0.07567250,1941.5200
1627452840069000,1,0.51514527,1939.8900
1627452840069000,1,1.00000000,1939.5500
1627452840069000,1,10.24559277,1939.5400
1627452872457000,0,0.02555292,1941.4000
1627452940997000,0,0.05000000,1941.8200
1627452984368000,1,0.01459666,1941.0500
1627452993588000,1,0.51490000,1940.8200
1627453026224000,0,0.03068385,1940.3500
1627453031303000,0,0.07695917,1939.3400
1627453042773000,1,0.51575000,1936.4400
1627453044145000,0,0.51435651,1937.2500
1627453048230000,1,0.59079999,1935.3500
1627453050799000,0,0.03562663,1936.9200
1627453051276000,1,0.42457295,1935.2800
1627453080247000,0,0.15263987,1936.0000
1627453083390000,0,0.01627684,1937.0900
1627453091077000,1,2.00000000,1936.1100
1627453091362000,1,0.51610772,1935.6100
1627453091902000,1,0.37527857,1934.5100
1627453092815000,0,0.01558304,1935.7600
1627453094189000,1,3.65000000,1934.3200
1627453094234000,1,23.60000000,1934.3200
1627453094266000,1,3.45780000,1934.3200
1627453094540000,0,0.01558304,1935.2800
1627453097310000,1,0.51706307,1932.8100
1627453097310000,1,0.00000001,1932.8100
1627453097351000,1,0.51706307,1932.8200
1627453097352000,1,0.51706307,1932.8200
1627453097354000,1,0.36587386,1932.8200
1627453101854000,0,1.26682799,1933.9400
1627453101877000,0,0.08197201,1933.9400
1627453142416000,1,2.01950052,1933.5800
1627453142417000,1,0.16742053,1933.5800
1627453142530000,1,3.28067410,1933.1700
1627453142532000,1,0.00000001,1933.1700
1627453142699000,1,0.51694013,1932.8500
1627453142699000,1,1.29230919,1932.8500
1627453143398000,1,0.88007249,1931.9700
1627453143484000,1,0.04292751,1932.3400
1627453161129000,0,0.13406930,1933.7100
1627453168157000,0,0.25654431,1931.4900
1627453168610000,1,0.51555000,1930.0000
1627453169213000,1,0.00000440,1930.0000
1627453169213000,1,0.39060000,1929.6100
1627453169213000,1,1.29387427,1929.0600
1627453169213000,1,0.51702031,1929.0600
1627453169213000,1,0.40124346,1929.0500
1627453193771000,1,0.51727169,1931.9400
1627453193776000,1,0.00000001,1931.9400
1627453200226000,0,0.05775138,1933.2600
1627453201875000,1,2.18871205,1931.6000
1627453201875000,1,0.51728240,1931.6000
1627453201876000,1,0.00000001,1931.6000
1627453201876000,1,0.95000000,1931.6000
1627453201915000,1,0.51722889,1931.6100
1627453202011000,1,3.36256562,1931.1000
1627453202114000,1,0.51722889,1931.1000
1627453202114000,1,0.25277111,1931.1000
1627453202115000,1,0.26451130,1931.1000
1627453206439000,0,2.19139177,1931.2100
1627453207477000,0,1.40000000,1932.1700
1627453221550000,0,0.10785677,1932.1300
1627453246718000,1,1.40000000,1932.7400
1627453268916000,0,1.03500000,1933.6100
1627453305853000,1,0.51657000,1934.6500
1627453313567000,0,1.40000000,1934.6300
1627453313567000,0,0.14317497,1934.6400
1627453316365000,0,0.15207181,1935.1200
1627453340007000,0,0.02790077,1935.2100
1627453341024000,0,0.02790077,1935.2500
1627453342055000,0,0.02790076,1934.9700
1627453343110000,0,0.02790077,1935.2600
1627453344116000,0,0.02790076,1935.1900
1627453365116000,1,1.40000000,1934.8900
1627453365222000,1,0.51647556,1934.8300
1627453376407000,1,2.95940000,1935.0400
1627453387908000,0,1.39999999,1936.3000
1627453387958000,0,0.00000001,1936.3000
1627453388086000,0,1.34420000,1937.2000
1627453388086000,0,0.61930000,1937.4900
1627453392064000,1,0.71823159,1935.9300
1627453392065000,1,0.68176841,1935.9300
1627453392263000,1,1.40000000,1935.8600
1627453392420000,1,0.51624627,1935.8600
1627453392633000,1,0.51621000,1935.3300
1627453436912000,0,0.01322264,1934.4800
1627453437940000,0,0.10570994,1934.4300
1627453440253000,0,0.02555735,1934.4800
1627453443006000,0,0.01332318,1934.2600
1627453443998000,0,0.05949590,1933.8300
1627453445130000,0,0.01332319,1933.8300
1627453447083000,1,0.51699357,1932.5500
1627453447146000,1,0.00000001,1932.5500
1627453474695000,0,0.25646839,1931.9300
1627453484276000,0,0.25698004,1932.0100
1627453493635000,1,0.44880000,1930.5400
1627453493635000,1,0.75253698,1930.5300
1627453493645000,1,1.43814112,1930.5300
1627453498621000,0,0.05067063,1930.4800
1627453506626000,1,0.21802891,1929.3400
1627453542806000,0,0.01635929,1932.9800
1627453559976000,1,2.56164000,1931.9200
1627453564956000,0,0.02568709,1931.7300
1627453576818000,0,1.80000000,1931.8200
1627453582338000,0,0.05028142,1932.6700
1627453604531000,1,0.15152403,1931.5000
1627453614802000,1,2.18933858,1931.7400
1627453614802000,1,3.28376436,1931.6700
1627453614802000,1,0.02689706,1931.4000
1627453641724000,1,1.40000000,1929.8600
1627453641724000,1,0.22061481,1929.7600
1627453651780000,0,0.01369977,1932.0300
1627453654808000,0,0.01427061,1932.0300
1627453659878000,0,0.01799450,1932.4900
1627453680267000,0,1.15836608,1932.7300
1627453697355000,0,1.40000000,1932.7400
1627453697355000,0,1.25203738,1932.7500
1627453715238000,0,0.51351085,1933.0600
1627453716245000,0,0.05135452,1933.0600
1627453737368000,1,0.08466674,1932.2900
1627453759769000,1,1.40000000,1932.8200
1627453759769000,1,2.18833362,1932.8100
1627453759769000,1,1.97896630,1932.5200
1627453771785000,0,0.04889454,1933.1400
1627453777574000,1,0.42580000,1932.1000
1627453788676000,0,0.02567022,1931.7500
1627453792377000,1,0.21237236,1929.4100
1627453796235000,0,0.25345302,1930.6900
1627453796627000,1,0.10000000,1929.0300
1627453804270000,1,2.19246781,1929.1900
1627453804272000,1,0.00000001,1929.1900
1627453805955000,0,0.28669999,1929.5200
1627453812345000,0,1.40000000,1930.2500
1627453817487000,0,0.66232033,1933.0500
1627453818396000,0,0.06430028,1933.0500
1627453833493000,0,0.02570602,1932.6100
1627453838641000,0,1.31000000,1932.8500
1627453838641000,0,0.41532573,1932.8600
1627453849444000,1,0.92300000,1932.8600
1627453857319000,0,0.02484208,1934.1000
1627453859680000,0,0.01499902,1934.1000
1627453864733000,1,0.01307898,1932.8700
1627453867231000,1,1.08344694,1932.8700
1627453871884000,1,5.57420000,1932.8600
1627453882590000,0,0.05133387,1934.4000
1627453882735000,0,0.14117764,1934.4000
1627453884345000,0,0.01268038,1934.4600
1627453905151000,1,0.01856272,1932.9000
1627453909608000,0,0.25791318,1933.6800
1627453917630000,0,0.21280793,1933.3800
1627453945138000,0,0.84864132,1934.6100
1627453946733000,0,0.01539865,1934.6100
1627453948720000,0,0.15394345,1934.9200
1627453949772000,0,0.43612088,1934.9200
1627453953449000,0,0.02565261,1934.9100
1627453979346000,0,0.02052634,1934.5600
1627453984340000,0,0.01385475,1934.5600
1627453985967000,0,0.01385476,1934.5600
1627453986992000,0,0.01385475,1934.5500
1627453988034000,0,0.01385476,1934.5500
1627453990987000,0,0.03690802,1934.5900
1627454005855000,0,0.03591408,1934.9900
1627454006887000,0,0.03078325,1934.9900
1627454027037000,0,0.01795334,1934.5800
1627454028088000,0,0.03077783,1934.5800
1627454031133000,0,1.03283114,1933.8300
1627454035155000,0,0.01709880,1933.8100
1627454036205000,0,0.02735992,1933.8900
1627454048147000,1,1.40000000,1932.8600
1627454048211000,1,7.69579000,1932.8600
1627454048347000,1,0.00000690,1932.8600
1627454058635000,0,0.02566916,1932.5500
1627454060676000,0,0.05185186,1932.5500
1627454066229000,0,0.01797418,1932.6800
1627454067247000,0,0.01797418,1932.6700
1627454068291000,0,0.01797418,1932.6800
1627454069303000,0,0.01797417,1932.0700
1627454070301000,0,0.01797418,1932.0700
1627454071319000,0,0.01797417,1932.0700
1627454072358000,0,0.01797418,1932.0700
1627454073397000,0,0.04365395,1932.0700
1627454074400000,0,0.01797418,1932.0700
1627454075447000,0,0.01797417,1932.9700
1627454092238000,0,0.01695094,1932.5900
1627454092723000,1,0.15452136,1931.5100
1627454103183000,1,1.40000000,1931.7100
1627454103642000,1,0.51736000,1931.5400
1627454147595000,0,0.05031938,1931.2500
1627454148620000,0,0.05031938,1931.5500
1627454149668000,0,0.05031938,1931.5500
1627454150661000,0,0.05031938,1931.5600
1627454151691000,0,0.05031938,1931.5500
1627454152696000,0,0.05031938,1931.5500
1627454153733000,0,0.05031938,1931.5500
1627454154749000,0,0.05031939,1931.5700
1627454155770000,0,0.05031938,1932.1200
1627454156808000,0,0.05031939,1932.1200
1627454211255000,0,0.05170000,1934.5500
1627454213024000,0,0.01541970,1934.5500
1627454243096000,0,0.05145000,1933.9300
1627454263148000,0,0.03592943,1933.8300
1627454274009000,1,0.71069167,1932.5500
1627454276179000,0,0.20776406,1933.7800
1627454356558000,0,3.28900000,1930.9000
1627454374322000,0,0.01337401,1931.6700
1627454389401000,1,1.03058000,1931.0700
1627454389498000,1,0.00000667,1931.0700
1627454389498000,1,0.51755333,1930.8200
1627454400257000,0,0.11923774,1931.3400
1627454404618000,1,0.08145000,1930.4800
1627454410669000,1,0.00000642,1930.4800
1627454419150000,1,1.08830000,1928.7600
1627454419207000,1,0.51808000,1928.7100
1627454419588000,1,0.32000000,1927.6700
1627454420410000,1,0.51826000,1927.6800
1627454420769000,1,0.00000361,1927.6800
1627454421984000,0,0.05170000,1926.4200
1627454422388000,1,0.56738000,1925.0000
1627454422699000,1,0.20000000,1925.0000
1627454422718000,0,1.13890000,1926.3800
1627454429219000,0,0.44007543,1926.7300
1627454429265000,0,0.00000001,1926.7300
1627454429419000,0,0.44007000,1927.0500
1627454430897000,0,0.31060935,1927.7000
1627454434418000,0,0.12946609,1927.7000
1627454434445000,0,1.00000000,1927.7200
1627454436832000,0,1.40000000,1927.7600
1627454436832000,0,0.05000000,1927.7600
1627454436832000,0,0.45000000,1927.7700
1627454438959000,0,0.02576083,1927.0800
1627454444834000,1,0.03532349,1925.4900
1627454445915000,1,0.51862000,1925.4600
1627454447461000,1,1.48262000,1925.0000
1627454449436000,1,0.51911000,1923.7900
1627454449561000,1,0.00000377,1923.7900
1627454449579000,1,1.40000000,1923.0100
1627454449579000,1,1.92880000,1922.9600
1627454449579000,1,1.29833261,1922.7700
1627454449579000,1,1.29747224,1922.5700
1627454449579000,1,1.00000000,1921.9700
1627454449729000,1,0.02500000,1923.0200
1627454449748000,1,0.49411377,1923.0200
1627454449775000,1,1.29833261,1922.5800
1627454449775000,1,1.29747224,1921.9800
1627454449775000,1,0.10000000,1920.7500
1627454449775000,1,3.39850589,1919.0300
1627454451353000,1,1.18100000,1921.1700
1627454469216000,1,0.25000000,1921.8300
1627454470666000,1,1.65214089,1921.8300
1627454470678000,1,0.29917960,1921.8300
1627454470678000,1,2.26278792,1921.8200
1627454477636000,1,0.52047550,1919.3100
1627454477639000,1,0.00000001,1919.3100
1627454477936000,1,0.65893000,1918.8300
1627454477958000,1,0.00000213,1918.8300
1627454486309000,1,0.58800000,1917.1200
1627454486310000,1,0.81200000,1917.1200
1627454486310000,1,1.39360566,1917.0500
1627454486317000,1,0.81200001,1917.0500
1627454486382000,1,0.44007543,1916.6100
1627454486382000,1,4.41144017,1916.4500
1627454486480000,1,0.52143081,1915.7100
1627454487237000,1,0.30172510,1915.6800
1627454487880000,0,1.30497000,1915.4300
1627454487959000,0,0.09503000,1915.4300
1627454488644000,0,1.40000000,1916.2100
1627454489826000,0,0.02321863,1917.7400
1627454495879000,0,0.05169151,1917.9300
1627454505858000,0,5.00000000,1918.0000
1627454524998000,0,0.11000000,1919.8200
1627454525064000,0,1.29000000,1919.8200
1627454532691000,1,1.40000000,1919.3000
1627454544183000,0,0.02067569,1921.4100
1627454552187000,0,0.05167133,1920.9200
1627454558915000,1,1.40000000,1919.9300
1627454564780000,0,0.07750578,1920.3200
1627454574022000,1,0.52104832,1917.7300
1627454574022000,1,0.83695168,1917.7000
1627454577659000,1,0.10066204,1915.0000
1627454578042000,1,5.90000000,1915.1900
1627454578042000,1,0.33567863,1915.1000
1627454582656000,1,0.52147975,1915.7200
1627454582656000,1,1.30362025,1915.7200
1627454582989000,1,0.52147974,1915.1200
1627454582989000,1,0.00000001,1915.1200
1627454583346000,1,0.11000000,1914.4700
1627454584516000,1,0.41155466,1914.4700
1627454612009000,1,1.77150000,1911.3400
1627454612101000,1,1.11750000,1911.1900
1627454612128000,1,2.05770000,1911.1900
1627454612146000,1,1.06790000,1911.1900
1627454612148000,1,1.30490740,1911.1900
1627454612174000,1,1.09865410,1911.1900
1627454619361000,0,0.52780542,1912.1400
1627454621496000,1,0.49950000,1910.0400
1627454621496000,1,0.05000000,1910.0000
1627454621799000,1,0.09000000,1908.7400
1627454621799000,1,0.52347799,1908.7300
1627454621978000,1,1.30798949,1908.2800
1627454621978000,1,1.30840637,1908.2800
1627454625624000,1,0.01048708,1907.1100
1627454625723000,0,1.80000000,1907.1100
1627454625794000,0,1.20000000,1907.1100
1627454628690000,1,0.01048934,1906.7000
1627454628732000,1,0.04160199,1905.1300
1627454628749000,0,0.01048934,1904.8400
1627454629716000,1,1.00000000,1903.8300
1627454630176000,1,0.20213130,1903.4500
1627454630176000,1,0.82476870,1903.4500
1627454631864000,0,1.40000000,1903.5700
1627454632649000,0,0.81339000,1904.5900
1627454635317000,0,0.08810000,1906.9100
1627454639837000,1,1.02440000,1903.1700
1627454639962000,1,0.36510000,1903.1700
1627454640439000,0,1.40000000,1903.0700
1627454641009000,0,1.40000000,1904.0000
1627454642010000,0,0.09000000,1905.1100
1627454647123000,0,0.05023527,1906.5300
1627454647559000,1,1.40000000,1903.5800
1627454649956000,0,0.01838641,1902.8700
1627454651625000,1,1.40000000,1901.2600
1627454651688000,1,0.10000000,1901.2500
1627454654128000,0,3.01321000,1903.1700
1627454654940000,0,0.00000336,1903.1700
1627454654940000,0,0.44304664,1903.4900
1627454657698000,0,1.00000000,1904.9900
1627454657698000,0,0.50000000,1905.0000
1627454657856000,0,6.75000000,1905.0000
1627454657968000,0,12.75000000,1905.0000
1627454664016000,0,0.02288292,1906.6200
1627454673883000,0,1.40000000,1906.3100
1627454680880000,0,0.01305830,1909.1300
1627454686917000,0,7.69400000,1909.4600
1627454689808000,1,1.40000000,1907.2200
1627454697534000,0,0.02575271,1904.7000
1627454698205000,0,1.04480495,1904.7000
1627454700363000,1,0.46090661,1902.7900
1627454703156000,0,0.42500000,1905.2600
1627454703156000,0,0.58000000,1905.2700
1627454703255000,0,1.10770000,1905.2700
1627454703300000,0,5.41230000,1905.2700
1627454719452000,0,0.01560789,1909.3700
1627454722974000,0,7.15600000,1910.7400
1627454722974000,0,1.87160000,1910.9700
1627454722974000,0,0.08527902,1911.2700
1627454722974000,0,10.02386718,1911.5500
1627454722974000,0,5.86325380,1911.9000
1627454739847000,0,0.01514609,1912.4600
1627454740873000,0,0.01462674,1913.4100
1627454741896000,0,0.01462674,1913.3300
1627454742931000,0,0.01462674,1912.6400
1627454743964000,0,0.01462674,1912.9100
1627454744987000,0,0.01462675,1913.0800
1627454745971000,0,0.01462674,1913.0800
1627454746995000,0,0.01462675,1913.0800
1627454748023000,0,0.01462674,1912.8300
1627454749009000,0,0.01462675,1911.7600
1627454774717000,0,0.01678536,1911.2300
1627454786947000,1,0.02613300,1910.1600
1627454794778000,0,2.45930000,1911.0000
1627454794787000,0,17.46424962,1911.0000
1627454794894000,0,0.07645038,1911.0000
1627454817251000,0,0.02512083,1913.3400
1627454818238000,0,0.12814825,1913.3300
1627454828724000,0,0.41282236,1912.9600
1627454858180000,0,3.24228215,1914.5000
1627454858190000,0,12.94176658,1914.5000
1627454858193000,0,0.11000000,1914.5000
1627454858236000,0,3.70595127,1914.5000
1627454886524000,1,1.45000000,1914.6200
1627454895638000,1,2.21147464,1914.2500
1627454971256000,1,1.00000000,1915.8000
1627454971368000,1,1.25000000,1915.8200
1627454971368000,1,2.24980000,1915.3600
1627454971371000,1,1.36250000,1915.3600
1627455012533000,1,0.39109529,1916.2200
1627455043699000,1,2.20782834,1917.5700
1627455043714000,1,3.31160000,1917.4100
1627455043974000,1,0.92300000,1917.0100
1627455072791000,0,1.12740000,1915.8700
1627455073657000,0,1.10715254,1916.5200
1627455089549000,1,1.10710000,1917.3700
1627455089609000,1,2.20790000,1917.1000
1627455095899000,0,0.01760061,1916.6300
1627455110171000,1,0.03095100,1917.3500
1627455120269000,0,0.08372343,1918.7600
1627455137912000,0,0.01665964,1918.6200
1627455140514000,1,0.19640000,1917.2800
1627455144970000,0,0.01552241,1918.9800
1627455145976000,0,0.01552240,1919.2000
1627455146988000,0,0.01552241,1919.5300
1627455152864000,1,1.21600000,1917.7100
1627455152937000,1,0.68086649,1917.6200
1627455152938000,1,0.26913351,1917.6200
1627455157469000,1,0.44368000,1914.9100
1627455159362000,0,3.51659675,1915.2500
1627455159372000,0,1.40000000,1915.2400
1627455159372000,0,2.38340325,1915.2500
1627455181643000,1,1.40000000,1915.6600
1627455181643000,1,2.20943907,1915.4500
1627455181643000,1,1.20256479,1915.3500
1627455185223000,1,0.21791484,1914.0500
1627455193110000,0,0.01552945,1915.4700
1627455265332000,1,0.01937927,1913.1600
1627455313344000,1,3.31710931,1913.7500
1627455313344000,1,2.21158087,1913.7400
1627455348225000,1,2.21202000,1913.7300
1627455354835000,1,0.00000025,1913.7300
1627455366086000,0,0.01666667,1913.8700
1627455367084000,0,0.01666666,1913.8700
1627455368097000,0,0.01666667,1913.8800
1627455387366000,1,2.21260306,1912.9000
1627455387366000,1,3.31883621,1912.7100
1627455418582000,0,0.17926648,1914.8600
1627455452624000,0,0.18687298,1916.8100
1627455454998000,1,0.34290000,1915.4900
1627455457818000,0,2.21093698,1916.4000
1627455457818000,0,6.60900000,1916.4300
1627455457818000,0,3.31637032,1916.6300
1627455457818000,0,17.07223183,1916.7400
1627455472997000,1,0.02720000,1916.6400
1627455481913000,1,0.34600000,1914.9200
1627455481913000,1,1.83660000,1914.8600
1627455501014000,0,0.01381764,1915.9900
1627455505015000,0,0.01619873,1916.0000
1627455506035000,0,0.01619873,1916.0000
1627455513047000,0,4.36760254,1916.0000
1627455522843000,0,0.01554096,1916.1900
1627455574140000,1,2.21453784,1911.3900
1627455582091000,0,0.43951155,1913.0100
1627455679228000,0,2.20920000,1917.2200
1627455693301000,0,4.14123906,1918.0500
1627455720793000,1,0.45510000,1919.0700
1627455765559000,0,0.18834703,1922.1600
1627455770028000,1,0.04486985,1920.8400
1627455781575000,1,0.00800000,1921.1400
1627455782722000,0,0.92046122,1922.7100
1627455840230000,0,0.02575455,1921.3700
1627455840513000,0,2.20480000,1921.3900
1627455888987000,0,0.25290424,1922.6400
1627455919455000,1,0.10000000,1920.2700
1627455921081000,0,0.06411859,1921.4500
1627456006166000,1,0.39776384,1922.8200
1627456016462000,0,0.05049444,1924.9800
1627456027503000,1,0.18470629,1923.7800
1627456039317000,1,0.05231311,1924.7200
1627456041068000,0,0.46479219,1926.3400
1627456041886000,0,3.29840000,1926.6500
1627456041895000,0,0.00009666,1926.6500
1627456056556000,0,1.37960000,1927.1400
1627456057842000,1,0.15730500,1926.1800
1627456057951000,0,1.02691557,1927.4700
1627456080883000,1,0.62514534,1925.2800
1627456101291000,0,2.19871956,1926.3900
1627456101428000,0,0.64493980,1926.5800
1627456101430000,0,0.08026020,1926.5800
1627456106129000,1,0.15726900,1927.3700
1627456107682000,0,1.38820000,1928.3900
1627456115444000,1,1.40000000,1927.2300
1627456115444000,1,5.90000000,1927.2200
1627456115444000,1,3.32277684,1927.1900
1627456118047000,1,0.15725400,1927.2400
1627456135623000,0,0.01544087,1928.2400
1627456136630000,0,0.01544087,1928.2000
1627456137643000,0,0.01544087,1928.2000
1627456138679000,0,0.01544087,1928.2000
1627456139716000,0,0.01544087,1928.2000
1627456140729000,0,0.01544087,1928.2000
1627456141750000,0,0.01544087,1928.2000
1627456143834000,0,0.01544087,1928.5000
1627456147841000,1,0.15723900,1927.7100
1627456174301000,1,5.90000000,1926.7000
1627456187677000,1,0.32000000,1926.3800
1627456193417000,0,2.19804222,1927.0600
1627456193417000,0,1.40000000,1927.0600
1627456193417000,0,5.37554985,1927.0600
1627456197382000,0,0.04064654,1927.4000
1627456209219000,1,4.39900000,1923.9100
1627456209219000,1,1.50099999,1923.7000
1627456209220000,1,3.56436917,1923.7000
1627456217753000,0,0.40000000,1925.2500
1627456220128000,1,1.70260000,1924.9400
1627456220129000,1,2.69340000,1924.9400
1627456221666000,1,4.39700000,1924.8900
1627456221956000,1,4.15650000,1924.9800
1627456223913000,0,2.35000000,1926.2200
1627456228643000,1,2.18070000,1925.2800
1627456277379000,1,0.42000000,1925.2600
1627456363762000,1,0.19811800,1925.6200
1627456368004000,0,0.36100000,1926.7800
1627456506900000,0,0.02580902,1927.6200
1627456557233000,0,0.64140000,1925.7100
1627456557233000,0,0.63458882,1925.7200
1627456560245000,0,0.05650449,1925.5900
1627456561438000,1,0.32000000,1924.1800
1627456568094000,0,1.81427153,1924.5300
1627456616370000,0,0.05087554,1925.3900
1627456617365000,0,0.02543947,1925.3900
1627456621517000,0,0.05094043,1925.3900
1627456677212000,1,0.27162503,1924.6600
1627456726352000,0,0.30946942,1926.4800
1627456745432000,0,2.20040997,1925.2000
1627456751532000,0,2.19964912,1925.7800
1627456899160000,0,1.46015000,1928.0800
1627456899161000,0,0.73637392,1928.0800
1627456918223000,0,0.13215077,1927.7700
1627456953658000,0,2.19797506,1926.5100
1627456953659000,0,0.00000001,1926.5100
1627456953698000,0,3.29703077,1926.6600
1627456956193000,1,2.00000000,1926.6600
1627456963458000,0,0.42099148,1928.2100
1627456976343000,0,0.01524809,1927.9100
1627457018977000,0,0.02534870,1930.5100
1627457023713000,0,1.37465130,1930.5100
1627457082925000,1,0.44848188,1931.0700
1627457082927000,1,0.95151812,1931.0700
1627457091622000,1,5.90000000,1932.2000
1627457091622000,1,0.47750000,1932.1200
1627457091622000,1,5.90000000,1932.0900
1627457091622000,1,2.19061101,1931.7600
1627457091622000,1,0.44158295,1931.7500
1627457091622000,1,10.09030604,1931.6900
1627457108441000,0,1.40000000,1933.0700
1627457108441000,0,1.52098197,1933.0800
1627457127612000,0,1.62774436,1932.1400
1627457190024000,0,1.15871898,1931.2800
1627457281435000,0,0.18669880,1929.1500
1627457292284000,0,0.01543150,1929.3400
1627457337213000,0,0.25358487,1929.3500
1627457349960000,0,0.09119060,1929.0100
1627457395665000,0,1.13100000,1929.7500
1627457395665000,0,0.04325234,1929.8000
1627457396541000,0,0.40631115,1929.7900
1627457409858000,0,0.13000000,1929.4900
1627457432965000,1,1.31285341,1928.1400
1627457433029000,1,0.01500000,1928.1300
1627457459958000,1,1.40000000,1927.2100
1627457506440000,1,2.20120000,1922.2600
1627457506566000,1,0.10000000,1922.0700
1627457519735000,0,0.23598798,1920.3500
1627457544565000,0,0.83116457,1922.9900
1627457609643000,0,2.00000000,1923.1100
1627457613385000,1,0.51993968,1921.9300
1627457613394000,1,0.00000001,1921.9300
1627457631033000,0,0.01513836,1922.8400
1627457638389000,0,1.50000000,1922.0500
1627457697462000,1,1.40000000,1921.6400
1627457697462000,1,2.20286165,1921.6300
1627457697462000,1,4.40300000,1921.4500
1627457697462000,1,3.30429248,1921.4200
1627457697462000,1,7.15600000,1921.3700
1627457697462000,1,1.29985386,1921.2900
1627457697462000,1,2.44369893,1921.2800
1627457714781000,1,0.05205818,1921.8900
1627457786016000,0,1.34980000,1925.6000
1627457786139000,0,0.51972000,1925.6100
1627457804283000,0,0.00000351,1925.6100
1627457804283000,0,0.50149849,1925.7800
1627457808813000,0,1.29900000,1926.0300
1627457808916000,0,0.00008021,1926.0300
1627457821560000,1,0.76569213,1926.2100
1627457821573000,1,0.67109765,1926.2100
1627457821575000,1,0.57274713,1926.2100
1627457821613000,1,0.18759467,1926.2100
1627457821716000,1,0.88918659,1925.7000
1627457821728000,1,0.85066794,1925.7000
1627457840200000,0,3.37717000,1927.3500
1627457853257000,0,0.00000776,1927.3500
1627457858234000,0,0.13379800,1929.8500
1627457863219000,0,2.19547000,1929.2600
1627457865127000,0,0.00000134,1929.2600
1627457877296000,0,0.03311368,1928.7100
1627457878301000,0,0.15215460,1928.7000
1627457887067000,0,1.35776000,1928.7000
1627457887423000,0,1.74321000,1928.7000
1627457893575000,0,0.00000019,1928.7000
1627457909537000,1,0.10000000,1928.8100
1627457921961000,0,1.25679000,1931.9200
1627457944122000,0,0.50649121,1930.1200
1627457957622000,0,1.40000000,1932.2300
1627457959194000,0,0.01529321,1932.8600
1627457986346000,0,2.19333000,1931.2300
1627457986428000,0,0.00000865,1931.2300
1627457994877000,1,0.05006068,1930.5000
1627457996322000,0,0.09134504,1933.4800
1627457998398000,1,0.50482880,1931.2300
1627458001927000,0,2.00000000,1932.5000
1627458003986000,0,1.28090000,1932.4100
1627458004417000,0,1.45000000,1932.4200
1627458004683000,0,6.97577000,1932.7200
1627458004959000,1,0.03074518,1931.1200
1627458008082000,0,2.19055400,1933.6700
1627458008089000,0,0.00000001,1933.6700
1627458008545000,0,0.97055000,1933.8000
1627458024160000,0,1.00000000,1935.2400
1627458024160000,0,5.89999999,1935.2500
1627458035471000,1,1.39999999,1933.1700
1627458045189000,0,1.25000000,1934.4300
1627458045254000,0,1.72945000,1934.4300
1627458045316000,0,1.95000000,1934.4300
1627458045378000,0,1.85000000,1934.4300
1627458045439000,0,1.50000000,1934.4300
1627458045495000,0,1.15910000,1934.4300
1627458045566000,0,1.55000000,1934.4300
1627458045618000,0,0.17945000,1934.4300
1627458056559000,1,0.96409543,1934.0800
1627458056692000,1,0.40510457,1934.0800
1627458056692000,1,0.13489543,1934.0700
1627458056704000,1,0.04510457,1934.0700
1627458065018000,0,0.02326171,1935.0400
1627458065111000,0,0.25292645,1935.0400
1627458065436000,1,0.25899999,1934.2100
1627458065444000,1,0.00000001,1934.2100
1627458069085000,0,0.01792381,1934.7400
1627458093644000,0,2.02710000,1936.1900
1627458099360000,0,1.40000000,1938.5800
1627458099360000,0,0.13982224,1938.5900
1627458104629000,1,1.39999999,1937.0900
1627458104632000,1,0.00000001,1937.0900
1627458114261000,1,0.27620000,1936.5500
1627458114416000,1,0.51217375,1936.4400
1627458120336000,1,0.08000000,1938.0900
1627458120336000,1,0.09281119,1936.9700
1627458133836000,0,0.15506000,1937.9100
1627458133899000,0,0.00000921,1937.9100
1627458147608000,1,0.04000000,1941.0500
1627458150751000,0,0.30771569,1940.4600
1627458164176000,0,1.85110000,1940.5600
1627458164608000,1,5.90000000,1939.6900
1627458164608000,1,0.30769999,1939.6100
1627458164611000,1,0.69230001,1939.6100
1627458164611000,1,2.90661053,1939.6000
1627458176595000,1,0.06018546,1941.1100
1627458179327000,1,0.02382139,1942.1100
1627458188486000,0,1.83980000,1942.7400
1627458188675000,1,0.07000000,1942.8400
1627458188704000,1,2.39887590,1942.8400
1627458188750000,1,3.69132410,1942.8400
1627458194582000,0,2.18007093,1943.6800
1627458194620000,0,0.00000001,1943.6800
1627458195825000,0,0.01632173,1944.4400
1627458198801000,1,0.14451501,1942.8000
1627458200857000,1,0.24000000,1942.8100
1627458213599000,0,2.18044634,1942.9800
1627458213600000,0,0.00000001,1942.9800
1627458213615000,0,3.27066952,1943.2900
1627458213615000,0,1.00000000,1943.5200
1627458213625000,0,1.12330000,1943.7100
1627458244753000,0,2.18020000,1942.8400
1627458272220000,0,0.01048934,1944.8300
1627458272220000,0,0.01048707,1945.2500
1627458272321000,0,0.00000001,1945.2500
1627458285164000,0,2.17599627,1946.7400
1627458285165000,0,0.00000001,1946.7400
1627458287818000,0,0.01515886,1947.1400
1627458289948000,1,0.10000000,1945.2400
1627458290339000,1,0.02033998,1945.4200
1627458304152000,0,2.17545010,1946.8000
1627458304209000,0,0.00000001,1946.8000
1627458307527000,1,7.65536079,1946.1700
1627458307533000,1,6.67463921,1946.1700
1627458311617000,1,0.02895733,1945.0000
1627458317808000,1,0.20800173,1944.5000
1627458320587000,0,0.02774971,1944.7100
1627458322080000,1,3.51528464,1943.0800
1627458325692000,0,0.25488414,1944.0900
1627458333112000,0,2.00000000,1945.2800
1627458333187000,0,2.80000000,1945.2800
1627458333262000,0,2.30000000,1945.2800
1627458340905000,0,2.50750000,1947.0200
1627458341110000,0,1.09750000,1947.0300
1627458341138000,0,3.25450000,1947.0300
1627458342176000,0,0.20213130,1947.6400
1627458342176000,0,0.72503870,1947.6400
1627458342211000,0,0.00000319,1947.6400
1627458353089000,1,0.02265495,1947.2700
1627458354655000,0,2.17391000,1948.8400
1627458354761000,0,0.04160198,1948.9400
1627458354762000,0,0.00000001,1948.9400
1627458359096000,1,0.01064763,1946.8500
1627458366695000,1,0.15600130,1946.5200
1627458372988000,0,2.17537000,1947.8200
1627458393384000,0,0.00000519,1947.8200
1627458403794000,0,2.17358389,1948.7400
1627458420234000,0,2.00000000,1948.8300
1627458430019000,0,0.01992152,1947.9500
1627458447903000,1,0.03632025,1945.5700
1627458447906000,1,0.00000001,1945.5700
1627458455456000,1,0.30431923,1944.2800
1627458537433000,0,0.47720000,1945.6900
1627458537433000,0,0.78260900,1945.7000
1627458542630000,0,0.01436894,1944.9900
1627458543575000,0,1.55939000,1944.9900
1627458586783000,0,0.01530837,1945.1200
1627458708463000,0,0.01458188,1943.3700
1627458709489000,0,0.01458188,1943.3600
1627458710505000,0,0.01458188,1943.6000
1627458711531000,0,0.01458188,1943.4200
1627458712557000,0,0.01458189,1943.4200
1627458713598000,0,0.01458188,1943.4200
1627458714605000,0,0.01458189,1943.4100
1627458722304000,0,0.15221916,1943.3400
1627458741748000,0,0.11700097,1943.0000
1627458741750000,0,0.00000001,1943.0000
1627458832927000,0,0.19989989,1943.9400
1627458839865000,0,0.08775000,1944.0000
1627458840403000,0,0.00000073,1944.0000
1627458840403000,0,0.38209899,1944.7500
1627458878385000,1,0.01075103,1944.5400
1627458893552000,1,0.62649999,1945.1000
1627458896714000,0,2.17811850,1945.4200
1627458896714000,0,0.67188150,1945.5900
1627458897278000,0,0.08069472,1945.4200
1627458912715000,1,1.40000000,1943.7700
1627458912715000,1,2.43116441,1943.6200
1627458912715000,1,0.16883559,1943.6100
1627458917585000,1,0.25936000,1943.3100
1627458917627000,0,0.90000000,1944.7400
1627458917736000,1,1.14064000,1943.3100
1627458917736000,1,2.85936000,1943.3100
1627458921732000,1,0.10445732,1943.3400
1627458925373000,0,1.40000000,1945.9900
1627458927350000,0,1.40000000,1945.5900
1627458927350000,0,0.60000000,1945.6000
1627458951112000,0,0.01786290,1944.5800
1627458952065000,0,0.01786289,1944.8300
1627458967187000,0,0.06581000,1946.0000
1627458967343000,0,0.00000305,1946.0000
1627458996114000,0,1.12051969,1945.7400
1627459005880000,0,0.01530687,1946.2500
1627459038610000,0,0.07403000,1945.9700
1627459055680000,0,0.00000968,1945.9700
1627459057167000,1,0.10000000,1945.8000
1627459062135000,0,0.04935000,1947.5200
1627459082617000,1,0.37520758,1946.4500
1627459120679000,0,2.17763000,1945.4500
1627459124438000,1,0.09999999,1945.0000
1627459124438000,1,0.00000001,1945.0000
1627459136420000,1,0.39708102,1943.0200
1627459137427000,1,0.05759185,1943.0900
1627459138420000,0,0.05035238,1944.6700
1627459178609000,0,0.86430000,1944.5800
1627459196534000,0,0.00000907,1945.4500
1627459196534000,0,1.40000000,1946.4600
1627459196534000,0,0.43793364,1946.4700
1627459196534000,0,0.64598308,1946.5800
1627459236241000,0,0.43793364,1947.5000
1627459236241000,0,0.07403969,1947.5100
1627459236241000,0,0.00000979,1947.5200
1627459236241000,0,1.32400402,1947.7500
1627459239721000,0,0.05544833,1947.1200
1627459239727000,0,1.34455167,1947.1200
1627459239727000,0,5.90000000,1947.1300
1627459239727000,0,2.17712092,1947.2200
1627459239917000,1,5.89999999,1947.1300
1627459242472000,1,0.00000001,1947.1300
1627459273030000,0,0.01682465,1948.6200
1627459281752000,1,1.39999999,1946.7200
1627459288681000,1,1.39999999,1946.8300
1627459288685000,1,0.00000001,1946.8300
1627459290683000,1,0.42651847,1946.1400
1627459304471000,0,0.42650000,1945.2300
1627459320732000,0,2.17938000,1944.4300
1627459322786000,0,1.80000000,1945.7100
1627459322845000,0,1.30000000,1945.7100
1627459323903000,0,0.02172790,1945.7800
1627459324019000,1,1.39999999,1944.2100
1627459324026000,1,0.00000001,1944.2100
1627459327396000,0,1.40000000,1944.1900
1627459328805000,0,1.10000000,1945.1400
1627459328882000,0,1.12525000,1945.1400
1627459328954000,0,1.15000000,1945.1400
1627459329030000,0,0.92475000,1945.1400
1627459334437000,0,2.17921000,1944.6700
1627459344007000,0,0.10600926,1942.8800
1627459345022000,0,0.10600925,1942.7700
1627459346018000,0,0.10600926,1942.1600
1627459347214000,0,0.10600925,1943.0200
1627459349152000,0,0.14134567,1942.7200
1627459350719000,0,0.14134568,1942.7800
1627459351705000,0,0.14134567,1942.8500
1627459353686000,0,0.02430794,1944.2200
1627459376410000,1,0.30337687,1940.8400
1627459386612000,0,1.15000000,1942.0600
1627459387814000,0,1.03186000,1942.0600
1627459388005000,0,0.00000182,1942.0600
1627459388247000,0,3.40000000,1942.8000
1627459394137000,0,2.18156000,1942.4200
1627459394325000,0,0.00000648,1942.4200
1627459394585000,0,2.13262000,1942.9300
1627459395365000,0,1.35000000,1943.4400
1627459395611000,0,1.75000000,1943.4400
1627459395678000,0,1.90000000,1943.4400
1627459412675000,0,1.55000000,1944.2300
1627459412736000,0,0.62986000,1944.2300
1627459414657000,0,0.00000631,1944.6700
1627459414657000,0,1.40000000,1945.2600
1627459414657000,0,0.85000000,1945.2600
1627459414657000,0,9.46223105,1945.2700
1627459414657000,0,1.32760105,1945.3800
1627459429348000,1,1.20270000,1942.2800
1627459437362000,0,2.18230000,1942.0500
1627459440288000,1,0.02596569,1941.7900
1627459461645000,0,0.40321711,1942.5400
1627459463346000,0,0.20496702,1943.1600
1627459484379000,0,1.05000000,1943.8800
1627459484443000,0,1.12957000,1943.8800
1627459485600000,0,0.00000710,1943.8800
1627459485600000,0,2.17905290,1944.3900
1627459490157000,0,2.17948000,1944.0800
1627459491462000,0,0.00000035,1944.0800
1627459491462000,0,2.17947965,1944.0800
1627459523063000,0,2.18008000,1943.5700
1627459523280000,0,0.00000200,1943.5700
1627459533436000,0,1.19017000,1943.0000
1627459533499000,0,0.99067000,1943.0000
1627459535168000,1,0.05133484,1942.5400
1627459535174000,1,0.00000001,1942.5400
1627459537997000,1,0.56000000,1941.2200
1627459538847000,0,0.56000000,1942.8700
1627459538926000,0,0.00000594,1943.0000
1627459538926000,0,4.36100000,1943.0500
1627459538926000,0,2.58975394,1943.2200
1627459538994000,0,6.40000000,1943.2800
1627459550233000,0,1.55000000,1944.3600
1627459557167000,0,0.00001485,1944.3900
1627459557167000,0,2.17911836,1944.6200
1627459557331000,0,3.26857000,1944.9300
1627459575052000,0,1.40000000,1947.3000
1627459600708000,0,2.17675000,1947.0800
1627459600731000,0,0.00000894,1947.0800
1627459620696000,0,1.30401000,1948.8600
1627459621442000,1,0.99880731,1947.7500
1627459624053000,0,1.30000000,1948.5500
1627459624119000,0,0.87507000,1948.5500
1627459630018000,1,0.40110000,1947.2700
1627459633387000,0,2.17578916,1947.8500
1627459633392000,0,0.00000001,1947.8500
1627459634668000,0,2.17580000,1947.8600
1627459634693000,0,0.00001119,1947.8600
1627459634697000,0,3.26324909,1948.3800
1627459634844000,0,0.72674196,1949.1100
1627459634875000,0,2.72960000,1949.1100
1627459636190000,0,0.07078752,1950.0000
1627459636190000,0,0.09999999,1950.0000
1627459636192000,0,0.00000001,1950.0000
1627459637523000,1,1.40000000,1949.5400
1627459637523000,1,4.50000000,1949.5300
1627459638040000,1,1.40000000,1949.6600
1627459638541000,1,1.22242494,1949.6300
1627459639024000,1,2.50000000,1949.5400
1627459641863000,0,1.40000000,1950.8600
1627459641863000,0,0.37493000,1950.8700
1627459642287000,0,1.40000000,1951.0400
1627459642817000,0,1.85000000,1951.7700
1627459642890000,0,2.15000000,1951.7700
1627459648471000,1,0.50310000,1951.5500
1627459650038000,1,0.01500000,1951.2500
1627459661982000,1,0.94543843,1951.2000
1627459667002000,1,0.53930730,1950.8300
1627459667484000,1,1.31530000,1950.8100
1627459667484000,1,3.82067230,1950.8000
1627459668000000,1,3.82067000,1950.8100
1627459673222000,0,1.40000000,1951.3100
1627459673352000,0,2.17168000,1951.3200
1627459675191000,1,0.29640000,1950.1600
1627459690553000,1,0.26718360,1948.7900
1627459704530000,1,0.18802159,1948.6500
1627459706329000,0,1.65765000,1949.6600
1627459706390000,0,1.40000000,1949.6600
1627459720580000,1,1.39386151,1948.6000
1627459723175000,0,1.40000000,1950.1800
1627459723477000,0,0.74550000,1950.1100
1627459738187000,1,0.01331578,1949.7700
1627459739219000,1,0.01331577,1949.9400
1627459758106000,1,0.24640483,1949.4300
1627459759642000,1,1.91859296,1949.4300
1627459781637000,1,1.40000000,1949.2300
1627459781637000,1,2.17265682,1949.2200
1627459782160000,1,1.35781414,1949.2500
1627459783103000,1,0.14900000,1949.2600
1627459790788000,0,1.40000000,1949.8300
1627459790788000,0,3.60000000,1949.8400
1627459794130000,0,1.03875547,1949.6600
1627459797892000,0,1.13465000,1949.6600
1627459809776000,0,0.01258188,1950.5600
1627459816211000,0,0.01333586,1950.3500
1627459860203000,1,0.48658923,1949.1700
1627459887370000,0,0.01258408,1950.4300
1627459894126000,1,1.04100000,1948.9900
1627459894126000,1,1.40000000,1948.9800
1627459894126000,1,2.17320190,1948.8100
1627459894126000,1,1.00000000,1948.7400
1627459894126000,1,1.29015223,1948.7300
1627459895764000,1,1.22440000,1949.1000
1627459895764000,1,1.04300000,1949.0900
1627459895764000,1,1.21330000,1949.0300
1627459895767000,1,0.05140000,1949.0300
1627459901136000,1,2.00000000,1949.2800
1627459909390000,0,0.02522076,1950.5900
1627459912754000,0,1.40000000,1950.4500
1627459916594000,1,0.05550000,1950.0300
1627459919765000,1,0.06008506,1950.2600
1627459929266000,0,0.00000133,1951.3200
1627459929337000,0,0.11000000,1951.9800
1627459929337000,0,0.32257996,1951.9800
1627459929802000,0,0.43257000,1951.9800
1627459932295000,0,0.91803582,1952.8900
1627459937471000,0,0.05044758,1952.8800
1627459942200000,0,0.52190000,1953.6900
1627459942543000,0,0.03499999,1953.6800
1627459942543000,0,0.00000001,1953.6800
1627459943428000,0,0.10883432,1954.9400
1627459943428000,0,0.73970456,1954.9500
1627459944192000,0,3.67824293,1955.0000
1627459944194000,0,4.35361854,1955.0000
1627459944202000,0,1.00000000,1954.9900
1627459944202000,0,1.96813853,1955.0000
1627459963604000,0,2.16902000,1953.7600
1627459976299000,1,0.36464157,1953.3400
1627459978644000,0,0.00000990,1953.7600
1627459978644000,0,2.16799618,1954.7100
1627459978644000,0,5.34409429,1954.7900
1627459978645000,0,0.00000991,1954.7900
1627459980326000,0,5.42075000,1955.3900
1627459992642000,1,5.03930362,1955.2900
1627459998397000,0,1.67494000,1957.1300
1627460003493000,1,1.02949215,1957.1300
1627460003501000,1,0.00000001,1957.1300
1627460003955000,1,0.04443673,1956.0900
1627460004203000,1,0.20000000,1956.0900
1627460009611000,1,1.01893914,1957.8500
1627460013336000,0,1.75000000,1957.1900
1627460017145000,0,2.16535000,1956.8600
1627460018373000,0,0.00000201,1956.8600
1627460018421000,0,3.24798000,1957.1100
1627460019619000,0,2.16456519,1957.6100
1627460019619000,0,3.24680492,1957.8600
1627460019619000,0,0.00199989,1958.2000
1627460020380000,0,0.01838000,1958.6300
1627460022191000,0,0.00000641,1958.6300
1627460022191000,0,0.32011359,1959.1400
1627460032287000,0,0.01419285,1959.9000
1627460033515000,0,0.01419285,1960.1200
1627460034495000,0,0.01419285,1960.1200
1627460034932000,1,0.15600200,1958.0100
1627460035479000,0,0.01419286,1959.9300
1627460036541000,0,0.01419285,1959.8300
1627460037083000,1,0.15799576,1958.0100
1627460037579000,1,0.04360424,1958.0100
1627460037579000,1,4.60435415,1958.0000
1627460038217000,1,0.32770207,1958.0000
1627460038287000,1,2.85395284,1958.0000
1627460038382000,1,2.04236341,1958.0000
1627460040341000,1,0.17162752,1958.0000
1627460040343000,1,0.00000001,1958.0000
1627460046607000,0,1.96200000,1958.7600
1627460097109000,1,0.02437787,1960.4500
1627460107594000,0,0.01524390,1961.9700
1627460108211000,0,0.01500707,1961.9900
1627460140473000,1,0.08146665,1959.7400
1627460157216000,1,0.01546169,1956.1800
1627460157399000,1,1.23193980,1956.2000
1627460157399000,1,0.34122129,1956.1900
1627460176814000,0,0.05079977,1958.6700
1627460186329000,1,0.11919247,1956.5000
1627460189128000,1,0.09999999,1956.0000
1627460190976000,1,0.00000001,1956.0000
1627460202166000,0,4.10000000,1954.8400
1627460212699000,0,0.34119999,1954.4900
1627460234019000,0,1.40000000,1953.7400
1627460234019000,0,1.10000000,1953.7500
1627460348015000,1,0.25000000,1950.1600
1627460348015000,1,1.40000000,1950.1600
1627460348015000,1,0.02500000,1950.0000
1627460348015000,1,0.68900000,1949.6900
1627460391236000,1,0.34896305,1947.8000
1627460391237000,1,0.08686628,1947.8000
1627460392576000,1,0.09000000,1947.0800
1627460409689000,1,0.02311091,1948.9000
1627460420375000,0,1.11471757,1952.3600
1627460444816000,1,0.50000000,1950.2400
1627460445924000,0,0.02084408,1951.6300
1627460502219000,0,0.99999999,1951.9800
1627460502272000,0,0.00000001,1951.9800
1627460502671000,0,0.99999999,1951.9800
1627460529945000,0,1.09160000,1953.0900
1627460577485000,0,0.01455718,1951.6900
1627460599664000,0,0.46401466,1954.1400
1627460642829000,1,0.01600998,1952.4800
1627460643860000,1,0.01600998,1952.4900
1627460644971000,1,0.01600998,1952.4900
1627460645914000,1,0.01600998,1952.4900
1627460646954000,1,0.01600998,1952.4900
1627460647966000,1,0.01600998,1952.4900
1627460648995000,1,0.01600998,1952.6700
1627460649508000,1,0.05123195,1952.4800
1627460650167000,1,0.01600998,1952.8600
1627460651082000,1,0.01600998,1952.8700
1627460652634000,1,0.01600998,1952.7300
1627460683397000,1,0.19640000,1952.3600
1627460716848000,0,5.90000000,1954.6900
1627460716848000,0,2.16784864,1954.7700
1627460716848000,0,0.35000000,1955.0100
1627460716848000,0,3.25177296,1955.0200
1627460716848000,0,4.33400000,1955.0700
1627460716848000,0,4.09443930,1955.0700
1627460720682000,0,2.16810000,1954.4100
1627460720703000,0,0.00001015,1954.4100
1627460720703000,0,3.25208985,1954.6300
1627460786892000,1,0.01768488,1953.5300
1627460828054000,0,2.16874587,1953.8400
1627460828054000,0,3.25311879,1953.9200
1627460828055000,0,0.00000001,1953.9200
1627460828582000,0,15.59299000,1954.0000
1627460830508000,1,0.06928938,1953.4400
1627460842145000,0,0.00000690,1954.0000
1627460848859000,0,0.00007538,1954.6300
1627460848859000,0,0.01516306,1954.9500
1627460876941000,0,0.95304077,1954.4600
1627460881109000,1,0.07301154,1953.9000
1627460884966000,0,0.48427090,1955.9300
1627460917811000,1,0.35450000,1953.0300
1627460933774000,1,1.40000000,1951.2900
1627460933774000,1,11.24000000,1951.2100
1627460933774000,1,9.66796461,1951.1700
1627460933774000,1,0.43564745,1950.8700
1627460933774000,1,2.17041831,1950.7700
1627460933774000,1,4.29450876,1950.4000
1627460944145000,0,0.24223026,1951.1600
1627460952161000,0,1.15780000,1950.4900
1627460971663000,1,1.40000000,1947.8400
1627460971663000,1,2.17403584,1947.8100
1627460971663000,1,0.02759765,1947.6900
1627460999669000,1,1.39999999,1948.0400
1627460999670000,1,0.00000001,1948.0400
1627461029168000,0,0.05582893,1946.4900
1627461029252000,0,1.40000000,1946.4600
1627461052616000,1,2.17606000,1946.4300
1627461052677000,1,0.00000254,1946.4300
1627461057006000,0,0.25099033,1946.9300
1627461069931000,0,0.30610535,1945.6700
1627461081717000,1,7.30230000,1942.6500
1627461081815000,1,1.01750000,1942.6500
1627461106371000,0,0.51500731,1942.9600
1627461159020000,0,2.80310000,1946.2600
1627461159879000,0,0.05723187,1946.2600
1627461160808000,0,1.32270000,1946.2600
1627461160880000,0,1.01080000,1946.2600
1627461161010000,0,2.72237000,1946.2600
1627461161019000,0,1.09950000,1946.2600
1627461161073000,0,1.01193805,1946.2600
1627461170381000,0,0.01518297,1947.4900
1627461178281000,1,1.40000000,1945.9200
1627461178281000,1,1.10000000,1945.9100
1627461181346000,1,0.43765878,1945.7200
1627461181346000,1,0.00000001,1945.7200
1627461189683000,1,0.43765879,1943.2200
1627461189683000,1,2.17855021,1942.8800
1627461189683000,1,2.12010000,1942.4700
1627461189683000,1,0.00272100,1942.3400
1627461192308000,0,0.25928192,1944.9100
1627461192656000,0,1.10710000,1943.5500
1627461192657000,0,0.00005254,1943.5500
1627461194441000,0,1.39999999,1944.9100
1627461194443000,0,0.00000001,1944.9100
1627461254514000,0,1.88983270,1946.7000
1627461254525000,0,3.79132327,1946.7000
1627461258586000,0,0.01517953,1947.5200
1627461265133000,0,0.01629499,1946.8100
1627461290472000,0,0.45550623,1946.3400
1627461297220000,1,0.26792282,1944.5100
1627461302589000,0,0.38873096,1945.3300
1627461309569000,0,0.05000000,1945.1700
1627461310257000,1,1.00000000,1943.5100
1627461359607000,1,0.39048010,1941.2400
1627461359687000,1,0.11000000,1941.2400
1627461359687000,1,1.48051990,1941.2400
1627461360246000,1,0.12999999,1940.1100
1627461360246000,1,0.00000001,1940.1100
1627461361206000,1,0.99999999,1940.0000
1627461361214000,1,0.00000001,1940.0000
1627461361700000,0,0.43765880,1941.2800
1627461361700000,0,0.58732552,1941.7200
1627461371407000,0,0.04105580,1939.9100
1627461371889000,0,0.55210000,1939.8100
1627461416109000,0,0.25192974,1944.3600
1627461456644000,1,0.51512404,1940.1200
1627461456644000,1,0.77247596,1939.9400
1627461456950000,1,0.51517386,1939.9400
1627461465096000,1,0.00000001,1939.9400
1627461466917000,1,3.34511482,1938.7700
1627461469213000,1,0.04862579,1938.6700
1627461477754000,0,1.35600000,1941.3000
1627461477770000,0,2.70325095,1941.3000
1627461477806000,0,0.51555427,1941.3400
1627461540491000,1,0.33000000,1938.5200
1627461568645000,1,0.01706474,1941.1000
1627461569657000,1,0.01706474,1941.1100
1627461570682000,1,0.01706473,1941.1000
1627461584097000,1,0.17627000,1939.2500
1627461615826000,0,0.10168725,1940.4600
1627461640568000,0,0.32000000,1937.0200
1627461646886000,1,1.40000000,1935.1700
1627461646886000,1,5.90000000,1935.1600
1627461646886000,1,0.95000000,1935.1100
1627461646886000,1,5.55443315,1935.1000
1627461648801000,0,1.40000000,1936.7800
1627461657746000,1,1.49810000,1935.6400
1627461673983000,1,0.30000000,1935.3000
1627461681594000,1,0.36700000,1935.0000
1627461681747000,1,0.77000000,1934.6700
1627461682917000,1,0.09999999,1934.0000
1627461682927000,1,0.00000001,1934.0000
1627461694467000,1,0.50000000,1934.0300
1627461694467000,1,7.13093706,1933.9300
1627461694468000,1,17.27274735,1933.9300
1627461694548000,1,1.40000000,1934.0400
1627461694604000,1,0.77000000,1933.7000
1627461694604000,1,3.28254744,1933.2900
1627461694604000,1,1.19735256,1933.2700
1627461698801000,0,0.02455787,1932.4900
1627461699231000,1,1.88983270,1930.0000
1627461699231000,1,3.79132326,1930.0000
1627461699238000,1,0.00000001,1930.0000
1627461704781000,0,0.09000000,1931.8100
1627461705473000,0,0.04148873,1931.8000
1627461708726000,0,1.39999999,1931.3800
1627461708750000,0,0.00000001,1931.3800
1627461712613000,0,0.21448045,1932.9500
1627461715205000,0,0.02000000,1932.8500
1627461715233000,0,0.20030000,1932.8500
1627461717227000,0,5.89999999,1933.7600
1627461736864000,0,0.02037481,1933.0500
1627461742220000,1,0.53029234,1931.6600
1627461762142000,0,0.32074154,1933.8000
1627461822389000,1,0.12630630,1931.2100
1627461836391000,0,0.02534608,1932.0600
1627461840352000,1,0.14400276,1930.6200
1627461869179000,0,0.33785722,1930.4900
1627461887862000,0,0.15666600,1929.5000
1627461889804000,0,0.01531485,1929.5600
1627461894053000,1,1.40000000,1928.4000
1627461894053000,1,0.29621562,1928.3900
1627461896849000,0,1.37960000,1930.4600
1627461904586000,0,0.51831000,1930.9400
1627461904831000,0,0.00000196,1930.9400
1627461910828000,0,0.30393153,1931.9200
1627461937645000,1,0.16153300,1932.6500
1627461957209000,0,2.03740000,1934.3200
1627461972644000,0,2.18957000,1934.1300
1627461975145000,0,0.44030000,1934.9300
1627462076621000,1,2.18500281,1936.8500
1627462076621000,1,0.30000000,1936.7300
1627462076621000,1,1.51499719,1936.7200
1627462085572000,0,1.39999476,1937.0500
1627462085699000,0,5.16967899,1937.0600
1627462137014000,0,0.15166880,1938.0600
1627462157498000,1,0.52410183,1935.6800
1627462207845000,1,0.25000000,1933.4000
1627462238415000,1,5.90000000,1933.1000
1627462238415000,1,1.01830000,1933.1000
1627462238415000,1,2.18870664,1933.0900
1627462238415000,1,3.93283177,1932.9900
1627462251266000,1,1.40000000,1932.0700
1627462259143000,0,1.40000000,1931.9700
1627462274094000,0,0.40000000,1932.3700
1627462275099000,0,0.40000000,1932.2700
1627462276303000,1,0.03445205,1930.2300
1627462278275000,0,0.40000000,1931.4000
1627462281337000,0,0.01798664,1930.6400
1627462282655000,1,0.09184893,1929.4200
1627462325486000,0,2.75000000,1933.4400
1627462376324000,1,0.20768844,1933.3200
1627462409100000,0,2.18905000,1933.7000
1627462430137000,0,0.05093862,1933.6200
1627462434359000,0,1.91022146,1932.7500
1627462445292000,0,5.10747000,1933.8900
1627462445380000,0,0.69253000,1933.8900
1627462452390000,1,0.28613736,1932.4700
1627462483986000,0,0.01368963,1933.8200
1627462485018000,0,0.01711516,1933.8200
1627462488641000,0,1.06870000,1933.8200
1627462489381000,0,3.28327000,1933.8200
1627462496324000,1,0.45505887,1931.8500
1627462496324000,1,1.26494113,1931.8500
1627462515669000,0,1.40000000,1932.4200
1627462515669000,0,0.25356970,1932.4300
1627462526563000,0,0.61447082,1931.5100
1627462531245000,0,0.05015932,1931.7600
1627462532288000,1,2.19057784,1930.3900
1627462532288000,1,1.40000000,1930.3900
1627462532288000,1,3.28569938,1930.3400
1627462532288000,1,9.76684775,1930.1600
1627462532288000,1,0.35687503,1930.0300
1627462536736000,0,0.26179955,1931.3900
1627462544070000,1,0.90800000,1929.9400
1627462544600000,1,0.65000000,1929.8800
1627462544618000,1,0.00606473,1929.8800
1627462546170000,0,1.53693085,1930.2300
1627462554498000,0,1.40000000,1931.6200
1627462560226000,0,0.05148238,1932.7000
1627462560443000,0,0.11177636,1932.7800
1627462565230000,1,0.01140000,1931.4700
1627462576854000,0,2.18831319,1933.3200
1627462576854000,0,7.10800000,1933.3200
1627462576854000,0,1.00000000,1933.4900
1627462576854000,0,4.37400000,1933.5000
1627462576854000,0,3.28236130,1933.8000
1627462576854000,0,1.44636935,1933.9100
1627462577085000,0,4.37300000,1933.3100
