timestamp ms,type,amount,price
1627948894224000,1,1.50412768,1869.9800
1627948894227000,1,1.50412769,1869.9800
1627948894231000,1,0.55870685,1869.9800
1627948957869000,0,0.02531875,1870.7800
1627948957869000,0,0.04484377,1870.8100
1627949132271000,1,0.01659551,1865.4900
1627949132274000,1,0.00000001,1865.4900
1627949143501000,1,0.02449642,1866.3400
1627949196810000,0,0.02406255,1866.8800
1627949196810000,0,0.04623795,1867.0400
1627949540028000,1,0.02449321,1866.9800
1627949573273000,0,1.15720000,1866.4800
1627950174526000,0,0.10883106,1869.0400
1627950178418000,0,0.03163195,1869.0400
1627950178418000,0,0.00000001,1869.0400
1627950503685000,0,1.14720000,1881.9000
1627950669588000,0,1.14270000,1889.3300
1627950669654000,0,1.02810000,1889.6300
1627951146310000,0,1.14183941,1891.4300
1627951146451000,0,1.14170000,1891.9400
1627952194592000,1,0.10749418,1874.5300
1627952719209000,0,0.02443287,1871.8300
1627952719209000,0,0.14828813,1871.8300
1627952810816000,0,1.22989494,1868.2000
1627952810860000,0,0.67010506,1868.2000
1627953810485000,1,0.02504002,1861.3200
1627954033122000,1,0.04685544,1856.3300
1627954033293000,1,0.11712599,1855.8300
1627954033298000,1,0.00000001,1855.8300
1627954033298000,1,0.04685544,1855.8300
1627954360933000,1,0.02595807,1864.0100
1627954360933000,1,0.02485334,1863.6200
1627954360933000,1,0.12719151,1863.6200
1627954913127000,1,0.96521028,1859.2900
1627954913134000,1,0.19541440,1859.2900
1627954913371000,1,0.04798546,1858.7300
1627955037602000,1,1.16334454,1854.9000
1627955037605000,1,0.00000001,1854.9000
1627955037754000,1,0.04754965,1854.6500
1627955037754000,1,0.01495035,1854.4100
1627955037755000,1,0.10391226,1854.4100
1627955038441000,1,0.04754248,1854.1700
1627955038441000,1,0.04754248,1854.1200
1627955038441000,1,0.11885620,1854.1200
1627955038446000,1,0.06716474,1851.7900
1627955038446000,1,0.35000000,1850.3600
1627955038446000,1,0.10000000,1850.0000
1627955038446000,1,0.36071750,1849.8700
1627955044318000,1,0.04099163,1848.6700
1627955044328000,1,0.00000001,1848.6700
1627955049113000,0,0.02569177,1848.9300
1627955049113000,0,0.02583839,1849.3500
1627955049113000,0,1.50714392,1849.5500
1627955214552000,1,0.02445393,1845.3300
1627955214589000,1,0.02447385,1844.9200
1627955218128000,1,0.02539058,1844.3700
1627955218128000,1,1.47267783,1844.1300
1627955218129000,1,0.76717484,1844.1300
1627955218173000,1,0.07446907,1843.9600
1627955218173000,1,0.02426838,1843.9400
1627955227288000,1,0.07272087,1844.9100
1627955227288000,1,0.07275396,1844.4200
1627955419956000,1,0.39983935,1838.5900
1627955419960000,1,0.00000001,1838.5900
1627955420142000,1,0.06000000,1838.2700
1627955420146000,1,0.00153204,1838.2700
1627955603761000,0,0.06960300,1845.6400
1627955603761000,0,0.20065446,1845.6500
1627955964381000,1,0.05648938,1834.0000
1627955964581000,1,0.14122498,1833.7100
1627955964582000,1,0.00000001,1833.7100
1627956031363000,1,2.00000000,1830.0000
1627956031363000,1,0.10545355,1830.0000
1627956049606000,0,0.02539688,1830.8700
1627956049606000,0,0.50000000,1831.2100
1627956049606000,0,0.46646750,1831.3100
1627956049606000,0,0.02384674,1831.3200
1627956105923000,0,0.19135108,1839.9400
1627956204920000,1,2.30000000,1840.1400
1627956507866000,1,0.80510275,1841.8000
1627956507879000,1,1.49489725,1841.8000
1627956507879000,1,0.02532613,1841.7100
1627957499824000,1,0.35000000,1843.7900
1627957499824000,1,0.05757653,1843.6900
1627957499824000,1,0.76252347,1843.4600
1627958537000000,0,0.81049677,1846.0900
1627959503408000,1,1.17050000,1843.8100
1627959510102000,1,1.17014649,1844.3900
1627959521092000,1,2.16050000,1842.0000
1627959544107000,1,0.12000000,1842.0000
1627959544116000,1,6.55000000,1842.0000
1627959544132000,1,0.84000000,1842.0000
1627959544544000,1,0.71000000,1842.0000
1627959544557000,1,0.63000000,1842.0000
1627959544814000,1,0.42000000,1842.0000
1627959546108000,1,0.27000000,1842.0000
1627959546212000,1,0.87000000,1842.0000
1627959546978000,1,0.65000000,1842.0000
1627959547461000,1,2.08000000,1842.0000
1627959547481000,1,0.06250000,1842.0000
1627959547992000,1,19.54716791,1842.0000
1627959548122000,1,2.08983209,1842.0000
1627961071585000,0,0.02593630,1834.8000
1627961795437000,1,0.07000000,1827.9900
1627961990366000,1,0.02587604,1821.9600
1627961990366000,1,2.34132396,1821.7700
1627961990368000,1,1.18210000,1821.7700
1627961990370000,1,0.73875996,1821.7700
1627961990373000,1,0.07074245,1821.7600
1627961990373000,1,0.07072694,1821.7600
1627961990373000,1,1.04193061,1821.7500
1627962059405000,1,0.06843878,1821.1900
1627962059405000,1,0.17109318,1820.8400
1627962059405000,1,0.44334760,1820.8300
1627962442919000,1,0.02402197,1821.2100
1627962442919000,1,0.02416757,1820.8100
1627962442919000,1,0.96066367,1820.7200
1627962819756000,0,1.08570109,1818.3200
1627962819756000,0,1.52793682,1818.3200
1627962819872000,0,1.28406204,1818.3200
1627962819919000,0,1.07593903,1818.3200
1627962819921000,0,0.92636102,1818.3200
1627962888476000,0,0.06250000,1820.8700
1627962888549000,0,0.16135261,1820.8700
1627962928283000,0,0.09353070,1822.2300
1627963369549000,1,0.06250000,1819.0300
1627963383861000,1,0.00442898,1819.0300
1627963650538000,1,0.06379055,1812.5200
1627963650542000,1,0.00000001,1812.5200
1627963734069000,1,0.60000000,1817.0000
1627963894477000,0,0.17547100,1822.9900
1627963906288000,1,0.14227500,1823.3300
1627963917581000,0,0.02840797,1824.6900
1627963917728000,0,0.06250000,1824.6900
1627963917734000,0,0.14621803,1824.6900
1627963957560000,1,0.06267539,1824.4100
1627963957560000,1,0.03088761,1824.4000
1627964256951000,0,0.50000000,1826.5800
1627965267645000,0,0.09468358,1828.3000
1627965600359000,1,0.04296849,1817.9500
1627965600359000,1,1.18592715,1817.9400
1627965600359000,1,1.18614161,1817.5400
1627965600359000,1,1.18629968,1817.3000
1627965601534000,0,0.02549692,1817.6700
1627965616095000,0,0.02561775,1816.9300
1627965616095000,0,0.50000000,1817.1700
1627965648975000,1,1.18754398,1815.6300
1627965653691000,1,0.02497609,1814.5300
1627965720783000,1,0.60000000,1818.1200
1627966333814000,1,0.50000000,1814.9000
1627966437981000,1,0.02506614,1816.6300
1627966437983000,1,0.00000001,1816.6300
1627966437983000,1,0.04223190,1816.5700
1627966437983000,1,1.18733684,1816.5600
1627966543113000,1,0.03719020,1810.3200
1627966543183000,1,0.09297550,1810.2000
1627966543294000,1,4.50149723,1810.0000
1627966543294000,1,0.24173097,1809.8900
1627966544120000,1,0.06250000,1809.2800
1627966545303000,1,4.93000000,1809.2800
1627966580580000,1,0.02516429,1807.7200
1627966583906000,1,0.00000001,1807.7200
1627966616216000,0,2.70000000,1805.9600
1627966630973000,1,1.01630698,1800.2800
1627966630974000,1,1.28369302,1800.2800
1627966630993000,1,0.08108319,1800.1900
1627966630993000,1,0.03243651,1800.1900
1627966655121000,1,0.67740500,1800.0000
1627966655159000,1,1.08961496,1800.0000
1627966655160000,1,0.21209518,1800.0000
1627966655221000,1,1.87830000,1800.0000
1627966655272000,1,1.53240437,1800.0000
1627966655273000,1,0.15852320,1800.0000
1627966655273000,1,0.10000000,1800.0000
1627966655273000,1,0.03215626,1800.0000
1627966655294000,1,18.27917151,1800.0000
1627966655294000,1,0.10000000,1800.0000
1627966655792000,1,0.63152142,1798.0900
1627966659111000,1,0.03606312,1794.3500
1627966659111000,1,0.02589532,1794.3400
1627966659111000,1,0.09015779,1793.9000
1627966659111000,1,0.02471718,1793.8900
1627966659111000,1,0.23441025,1793.6100
1627966659111000,1,4.52883377,1793.5200
1627966659111000,1,0.19992257,1793.4500
1627966660455000,1,0.06250000,1793.9200
1627966664311000,1,0.02573144,1784.6100
1627966664311000,1,0.02481125,1783.9300
1627966664311000,1,0.62551731,1783.7200
1627966671980000,0,0.04872625,1789.0800
1627966784744000,0,0.02952376,1792.0000
1627966784774000,0,0.00000001,1792.0000
1627966810488000,0,0.02954980,1790.5700
1627966833377000,1,0.02924124,1789.6100
1627966835115000,1,0.02924124,1788.1100
1627967001882000,1,0.02469977,1772.4200
1627967001882000,1,0.02452826,1772.0500
1627967001882000,1,0.02149652,1771.5500
1627967001882000,1,0.05380249,1771.5500
1627967001882000,1,0.27547296,1771.5400
1627967002557000,1,0.06250000,1772.6100
1627967002557000,1,1.21645499,1772.0800
1627967002557000,1,4.23010246,1771.5400
1627967002557000,1,1.21602572,1771.5300
1627967002557000,1,1.21654330,1770.9600
1627967002557000,1,0.02150475,1770.8000
1627967002557000,1,0.05380249,1770.8000
1627967002557000,1,1.21651810,1770.7900
1627967002557000,1,1.21700582,1770.0400
1627967002557000,1,0.10902824,1770.0000
1627967002557000,1,1.21658564,1769.3900
1627967002557000,1,0.24000000,1768.5600
1627967002557000,1,5.20000000,1768.5500
1627967002557000,1,0.15794416,1767.7800
1627967018797000,1,0.02553112,1772.3400
1627967053250000,1,0.01986760,1768.8400
1627967080990000,0,0.02477617,1768.2500
1627967080990000,0,0.21522382,1768.4700
1627967080999000,0,0.02477618,1768.4700
1627967136833000,1,0.02445488,1771.8300
1627967136839000,1,0.01938699,1771.3900
1627967136839000,1,0.04846200,1771.3900
1627967136839000,1,0.02541462,1771.3800
1627967266778000,1,0.05601708,1775.6900
1627967281050000,1,0.09951800,1776.6200
1627967304215000,1,1.20100000,1776.6500
1627967344878000,0,0.17769000,1777.4300
1627967391897000,0,0.12016478,1777.9100
1627967407680000,1,0.14242400,1778.5800
1627967407897000,1,0.73262238,1778.5800
1627967596828000,1,1.21721121,1772.1000
1627967596829000,1,0.05757766,1771.8600
1627967596829000,1,1.21670596,1771.8500
1627967672813000,1,0.05630306,1771.0900
1627967686247000,1,0.06250000,1768.4600
1627967697800000,1,0.05574298,1767.8300
1627967697835000,1,0.00000001,1767.8300
1627967773813000,1,0.04568947,1771.9500
1627967773814000,1,0.00000001,1771.9500
1627967939487000,0,0.06250000,1775.6900
1627967939721000,0,0.03425515,1775.6900
1627968082776000,1,0.14567700,1777.4900
1627968089662000,0,0.14127816,1778.7500
1627968089662000,0,0.03640884,1778.7500
1627968286898000,1,0.04004721,1781.0000
1627968286997000,1,0.05995279,1781.0000
1627968340275000,1,0.04476215,1777.0500
1627968344274000,1,0.06250000,1778.0000
1627968347711000,1,0.03750000,1778.0000
1627968483242000,1,0.09999999,1779.0000
1627968483259000,1,0.00000001,1779.0000
1627969017740000,0,0.09672149,1787.4000
1627970036212000,1,0.02463719,1782.3300
1627970036212000,1,0.72545281,1782.3300
1627970215029000,1,0.34083114,1777.5400
1627970475283000,1,0.02510300,1774.5100
1627970569861000,0,0.47934189,1782.3200
1627970569902000,0,0.00000001,1782.3200
1627970574203000,0,0.06250000,1782.6600
1627972232098000,0,0.02518284,1783.6500
1627972232098000,0,0.37221559,1784.0000
1627972643890000,1,0.01702839,1777.4700
1627972643890000,1,1.07871128,1777.4600
1627972791210000,0,0.03926541,1778.4100
1627973205743000,0,0.11751161,1777.0000
1627973205833000,0,0.48248839,1777.0000
1627973285167000,1,0.14474263,1778.7800
1627973422860000,1,0.01680587,1779.6200
1627973422860000,1,1.41509413,1779.6100
1627973600727000,0,0.13996531,1781.8700
1627973702531000,0,0.10000000,1781.6500
1627973918981000,1,0.09999999,1776.5000
1627973918990000,1,0.00000001,1776.5000
1627973919434000,1,0.10000000,1776.0000
1627973919434000,1,0.14999999,1776.0000
1627973920325000,1,0.00000001,1776.0000
1627973922288000,1,0.09999999,1775.0000
1627973922321000,1,0.00000001,1775.0000
1627973948900000,0,0.02578953,1775.5000
1627973948900000,0,0.01624933,1775.5000
1627973961560000,0,0.02499263,1772.9100
1627973961560000,0,0.02287291,1773.2900
1627973971056000,0,0.01122068,1773.5100
1627974093244000,1,0.02886685,1765.0000
1627974093252000,1,0.04191375,1764.4600
1627974097416000,1,0.50000000,1760.0000
1627974127033000,1,0.02404068,1761.2700
1627974127033000,1,0.02516909,1761.2600
1627974127033000,1,0.02505553,1761.1300
1627974127033000,1,0.02574215,1760.7400
1627974127033000,1,0.01549888,1760.3900
1627974127033000,1,0.29471644,1760.3800
1627974272160000,0,0.02546140,1771.7700
1627974272160000,0,0.25600574,1772.1800
1627974513129000,1,0.28146714,1772.1700
1627974732609000,0,0.22567890,1775.1400
1627974769150000,0,0.02474692,1775.9500
1627974803215000,0,0.02552626,1777.4000
1627974971429000,0,0.02424239,1783.9000
1627974971429000,0,0.02577698,1784.3700
1627974971429000,0,0.00574879,1784.4300
1627975120888000,0,0.99861416,1789.5400
1627975640101000,0,1.20521131,1790.4700
1627975640102000,0,1.20563328,1790.7100
1627975640103000,0,1.20551538,1790.9800
1627975850368000,0,0.01383957,1797.0200
1627976030042000,0,0.13900190,1794.2200
1627976373727000,0,1.20319359,1792.3700
1627976373727000,0,1.57223931,1792.3700
1627976376287000,1,0.02453937,1790.5600
1627976376288000,1,1.20295610,1790.2000
1627976376288000,1,0.02697547,1790.1700
1627976405568000,0,1.20420000,1790.8700
1627976982163000,0,0.02781769,1788.4300
1627977741034000,1,0.02428856,1785.0000
1627977741056000,1,1.20629963,1784.6700
1627977741393000,1,0.06250000,1783.9500
1627978036783000,0,0.06250000,1788.8200
1627978147702000,1,0.29916035,1786.6400
1627978158718000,1,0.90000000,1786.6400
1627978158736000,1,0.00634347,1786.6400
1627978159202000,1,2.30000000,1786.4700
1627978159202000,1,1.20000000,1786.3600
1627978159485000,1,0.00571474,1786.3600
1627978159485000,1,1.20008526,1786.0900
1627978162492000,1,0.13791991,1785.2600
1627978162562000,1,0.18040599,1785.2600
1627978162624000,1,1.54798767,1785.2600
1627978162628000,1,0.43368643,1785.2600
1627978176219000,1,1.20630000,1784.5500
1627978177586000,1,0.00009476,1784.5500
1627978177586000,1,1.20540524,1784.5100
1627978659077000,0,0.02577661,1782.7800
1627978659077000,0,1.20971150,1782.8100
1627978695831000,1,1.00000000,1785.4500
1627978927069000,1,1.20520000,1787.6100
1627979178832000,0,0.06250000,1789.6800
1627979187168000,1,0.02418458,1789.2000
1627979187168000,1,1.20423589,1789.1400
1627979187168000,1,2.30000000,1789.1400
1627979187168000,1,1.20393584,1788.9900
1627979187168000,1,0.02473176,1788.7900
1627979187168000,1,0.57239806,1788.5700
1627979189726000,0,0.02416288,1789.8600
1627979200260000,0,0.20298589,1789.8800
1627979275630000,1,1.20510000,1787.0300
1627979355809000,1,1.20420000,1788.4800
1627979453089000,0,0.02496146,1790.2400
1627979453160000,0,0.00000001,1790.2400
1627979755974000,0,2.30000000,1786.5900
1627979755974000,0,1.20646504,1786.6700
1627979755974000,0,2.30000000,1786.7000
1627979755974000,0,0.70000000,1786.7200
1627979755974000,0,0.02454694,1786.8500
1627979755974000,0,1.20632017,1786.8600
1627979755974000,0,1.20625910,1787.0400
1627979755974000,0,0.47728105,1787.2500
1627979755974000,0,0.02592807,1787.2600
1627979755974000,0,1.20627529,1787.2700
1627979755974000,0,1.19334984,1787.5400
1627979755974000,0,4.37152778,1787.5500
1627979755974000,0,0.02538083,1787.7000
1627979755974000,0,0.51017156,1787.8400
1627980593689000,0,0.86497988,1791.8000
1627980593692000,0,0.33861697,1791.8000
1627980595458000,1,0.06249999,1792.0800
1627980595476000,1,0.00000001,1792.0800
1627980841943000,1,1.10680298,1787.7100
1627980841944000,1,0.09857742,1787.7100
1627980842114000,0,0.01787233,1787.3700
1627981177808000,1,0.02544159,1784.0500
1627981177808000,1,2.30000000,1783.8500
1627981177808000,1,0.01750256,1783.7700
1627981177808000,1,0.65705585,1783.7600
1627981185160000,1,2.30000000,1784.1800
1627981185160000,1,0.02532147,1784.0900
1627981185160000,1,0.67467853,1784.0500
1627981190115000,1,1.20739117,1784.3200
1627981190115000,1,2.30000000,1784.3200
1627981190115000,1,0.01662244,1784.0600
1627981190115000,1,0.53272863,1784.0500
1627981190115000,1,0.94325776,1783.9400
1627981199720000,1,1.20739117,1784.3200
1627981199720000,1,0.01662225,1784.0600
1627981199720000,1,1.20740716,1784.0500
1627981199720000,1,2.56857942,1783.8400
1627981203377000,1,0.01624605,1784.5100
1627981203377000,1,1.20729180,1784.5000
1627981203377000,1,2.30000000,1784.3300
1627981203377000,1,1.20739117,1784.3200
1627981203377000,1,0.26907098,1784.0500
1627981207194000,1,0.01606552,1784.1500
1627981207194000,1,0.93833618,1784.0500
1627981207194000,1,2.30000000,1783.9200
1627981207194000,1,0.04016110,1783.8400
1627981207194000,1,0.35000000,1783.8300
1627981207194000,1,1.20735304,1783.5900
1627981207194000,1,0.10441887,1783.3200
1627981207194000,1,0.02498856,1783.3100
1627981207194000,1,0.01867673,1783.1400
1627981211323000,1,1.20756096,1783.8600
1627981211323000,1,2.30000000,1783.8600
1627981211323000,1,0.35000000,1783.6800
1627981211323000,1,1.14243904,1783.5900
1627981215632000,1,1.20736542,1784.3300
1627981215632000,1,1.20729939,1784.1500
1627981215632000,1,0.35000000,1783.9700
1627981215632000,1,1.20756096,1783.8600
1627981215632000,1,1.02777423,1783.6700
1627981220259000,1,1.20746414,1784.0900
1627981220259000,1,2.30000000,1784.0900
1627981220259000,1,0.49253586,1783.8600
1627981273275000,1,1.20800000,1783.5100
1627981274515000,1,1.20810000,1783.3200
1627981294284000,1,0.01370176,1783.5600
1627981294284000,1,1.19429824,1783.5500
1627981362119000,1,1.21000000,1780.0100
1627981388542000,1,0.00002205,1780.0100
1627981388542000,1,0.01342621,1779.0900
1627981388542000,1,1.21104540,1779.0800
1627981388542000,1,0.03356440,1778.7800
1627981388542000,1,0.29601499,1778.7600
1627981388543000,1,0.91536062,1778.7600
1627981388543000,1,0.08728411,1778.4900
1627981388543000,1,0.55142832,1778.4700
1627981388546000,1,0.65993278,1778.4700
1627981390774000,1,0.01342832,1776.6400
1627981390774000,1,0.08728411,1776.6300
1627981390774000,1,0.03356440,1776.6300
1627981390774000,1,0.02498075,1775.8800
1627981390774000,1,0.35000000,1775.6900
1627981390776000,1,0.02493693,1776.2500
1627981397390000,1,0.05793464,1775.4900
1627981397390000,1,0.02228255,1775.4900
1627981401653000,1,0.69149000,1774.3200
1627981435222000,1,1.21304081,1776.1700
1627981469702000,1,0.11019344,1778.0600
1627981480238000,1,1.21150000,1778.9500
1627981527774000,0,0.02472166,1780.5500
1627981656420000,0,0.02530083,1782.7900
1627981719458000,0,0.02576460,1784.6600
1627981719466000,0,1.20877036,1784.9700
1627981719466000,0,0.02504475,1785.0800
1627981719466000,0,0.31898797,1785.1900
1627981719466000,0,0.88969716,1785.1900
1627981725215000,0,0.02460023,1787.5400
1627981725226000,0,0.68851000,1788.2200
1627981725226000,0,0.02522499,1788.2300
1627981985556000,0,0.02443070,1781.3000
1627981985556000,0,0.02443566,1781.6100
1627981985556000,0,0.05113364,1781.7100
1627982018446000,1,1.21020000,1780.7300
1627982052215000,0,0.02791885,1781.9500
1627982254809000,1,0.02516417,1784.0400
1627982254809000,1,1.20820122,1783.6900
1627982254809000,1,0.02453262,1783.6200
1627982254809000,1,0.49503253,1783.4900
1627982543907000,0,0.08057714,1785.3000
1627982547383000,0,0.08057352,1785.3800
1627982575469000,0,0.11069750,1785.1000
1627982579439000,0,0.15882666,1785.7900
1627982751820000,0,2.29637134,1786.6100
1627982968319000,0,0.27821624,1792.8500
1627983005381000,0,0.28303667,1790.5100
1627984045754000,1,1.20550000,1786.9500
1627985532761000,0,0.06876576,1788.3900
1627985563383000,1,0.39817075,1786.0000
1627985563434000,1,1.91560304,1786.0000
1627985675690000,1,0.35000000,1785.2100
1627986255774000,0,0.42807692,1787.9900
1627986583685000,0,0.34352511,1786.4900
1627987071577000,0,1.12642381,1790.0600
1627987071580000,0,0.07737140,1790.0600
1627987135154000,0,0.06108500,1795.6500
1627987142545000,1,1.66000000,1798.8300
1627987142934000,1,7.54000000,1798.8300
1627987175415000,0,0.02524312,1799.7600
1627987175415000,0,1.51654785,1800.0400
1627987175415000,0,0.78345215,1800.0400
1627987175415000,0,0.53776207,1800.1200
1627987175421000,0,0.65919239,1800.1200
1627987175421000,0,0.02522080,1800.1400
1627987590985000,0,1.19200000,1807.6500
1627987591582000,0,0.89355856,1809.0700
1627987698079000,1,1.64297821,1804.9900
1627988770577000,1,0.02430290,1801.0900
1627988770577000,1,2.30000000,1800.9800
1627988770577000,1,2.67569710,1800.6500
1627988774840000,1,1.19426654,1800.8000
1627988774840000,1,2.30000000,1800.8000
1627988774840000,1,0.02440361,1800.6300
1627988774840000,1,1.19427262,1800.4300
1627988774840000,1,0.28705723,1800.3600
1627988778303000,1,1.19426654,1800.8000
1627988778303000,1,2.30000000,1800.8000
1627988778303000,1,1.19427262,1800.4300
1627988778303000,1,0.31146084,1800.3600
1627988783290000,1,1.19447151,1800.9900
1627988783290000,1,2.30000000,1800.9900
1627988783290000,1,1.19426654,1800.8000
1627988783290000,1,0.31126195,1800.7000
1627988793356000,1,1.19427262,1800.4300
1627988793356000,1,1.19483918,1800.3300
1627988793356000,1,1.19474901,1799.8900
1627988793356000,1,0.02599526,1799.8300
1627988793356000,1,1.19448791,1799.8200
1627988793356000,1,0.19565602,1799.6400
1627988808963000,1,1.19465088,1800.6900
1627988808963000,1,0.80534912,1800.4300
1627988816532000,1,0.38911191,1800.4300
1627988816532000,1,0.61088809,1800.3200
1627988940622000,1,1.19510000,1799.2800
1627989020408000,1,0.00003819,1799.2800
1627989020408000,1,1.19566181,1799.2000
1627989099206000,1,1.19600000,1798.9700
1627989394571000,1,0.17186425,1798.4600
1627989626685000,1,1.19350000,1802.0000
1627989809768000,1,1.19470000,1800.0800
1627989809889000,1,1.19390000,1799.7700
1627990141073000,1,1.12430000,1800.4100
1627990210546000,1,1.19611123,1797.8100
1627990210553000,1,0.00000001,1797.8100
1627990294929000,1,0.06250000,1796.3200
1627990296129000,1,0.06250000,1796.3200
1627990296207000,1,1.56324736,1796.3200
1627990543992000,1,0.02553751,1790.1000
1627990584060000,1,0.02538167,1786.1400
1627990584060000,1,0.46934640,1786.0000
1627990584060000,1,0.02538168,1786.0000
1627990584060000,1,1.15603260,1785.7600
1627990799429000,1,0.02405103,1784.6800
1627990799430000,1,0.01250766,1784.2900
1627990799430000,1,1.20587088,1784.2800
1627990799430000,1,0.02449163,1784.2800
1627990799430000,1,0.30180315,1784.2700
1627990799436000,1,0.90406314,1784.2700
1627990806039000,1,0.02514349,1785.5900
1627990806039000,1,1.22501699,1785.5500
1627990806040000,1,0.77066215,1785.5500
1627990806041000,1,1.54580361,1785.5500
1627990806045000,1,1.54580361,1785.5500
1627992065109000,1,1.49000000,1776.6300
1627992066537000,1,0.00666081,1776.6300
1627992075337000,0,0.02411254,1772.8700
1627992075337000,0,0.00120173,1773.0300
1627992077423000,0,0.02424630,1773.8300
1627992077428000,0,0.00000001,1773.8300
1627992077448000,0,0.02517857,1774.1300
1627992077469000,0,0.80568407,1774.7100
1627992077469000,0,1.49431593,1774.7100
1627992355009000,0,0.02530601,1766.7600
1627992398022000,0,1.20190000,1774.7700
1627992758646000,0,0.20000000,1779.6600
1627992791596000,0,0.20000000,1780.4400
1627992833184000,1,0.03000000,1789.9600
1627992835660000,1,5.60000000,1789.0000
1627992930695000,1,2.62000000,1806.5800
1627993710760000,1,0.02522127,1787.8600
1627993710760000,1,0.04350660,1787.8000
1627994292087000,0,0.50000000,1784.6100
1627994457007000,0,0.11038700,1789.3500
1627996828522000,0,0.15488654,1800.3500
1627996868079000,1,0.12987195,1798.3300
1627997348979000,0,1.19434217,1806.4100
1627997348979000,0,0.02414529,1806.5200
1627997348980000,0,0.88375569,1806.6600
1627997348982000,0,0.31081537,1806.6600
1627997892064000,1,1.19336397,1807.0100
1627997892064000,1,0.02598568,1806.9100
1627998564195000,0,0.02191123,1816.4200
1627999097303000,0,0.06266781,1810.0200
1627999227376000,1,2.30000000,1808.6600
1627999227376000,1,1.19339501,1808.6500
1627999227376000,1,0.02589568,1808.5100
1627999227376000,1,2.48070931,1808.3600
1627999233982000,1,1.19322428,1808.9700
1627999233982000,1,2.30000000,1808.9700
1627999233982000,1,1.19315707,1808.9600
1627999233982000,1,0.02495327,1808.7700
1627999233982000,1,1.19339501,1808.6500
1627999233982000,1,0.04786165,1808.3600
1627999233982000,1,0.04740872,1808.3500
1627999238372000,1,1.19277427,1809.7900
1627999238372000,1,2.30000000,1809.7900
1627999238372000,1,0.02593038,1809.7000
1627999238372000,1,2.30000000,1809.7000
1627999238372000,1,0.18129535,1809.5500
1627999242658000,1,1.19250396,1810.0700
1627999242658000,1,1.19277427,1809.7900
1627999242658000,1,1.01169726,1809.5500
1627999242658000,1,2.30000000,1809.5500
1627999242658000,1,0.04675316,1809.5400
1627999242658000,1,0.02459442,1809.5300
1627999242658000,1,0.23167693,1809.3300
1627999250336000,1,1.19277427,1809.7900
1627999250336000,1,1.19299261,1809.5500
1627999250336000,1,3.61423312,1809.3400
1627999260548000,1,1.19270319,1809.9800
1627999260548000,1,1.19277427,1809.7900
1627999260548000,1,1.19299261,1809.5500
1627999260548000,1,0.04677146,1809.3400
1627999260548000,1,0.37475847,1809.3300
1627999265586000,1,1.19270319,1809.9800
1627999265586000,1,1.19277427,1809.7900
1627999265586000,1,1.19299261,1809.5500
1627999265586000,1,0.42152993,1809.3300
1627999521672000,0,0.10447579,1809.5100
1627999564268000,1,1.19390000,1807.7000
1627999767826000,1,1.19390000,1808.0200
1627999767923000,1,1.19390000,1807.7500
1627999793110000,0,0.02472726,1807.0600
1627999996985000,0,0.83520907,1810.8400
1628000112260000,1,0.03542691,1809.3600
1628000617594000,0,0.53122961,1820.0000
1628000617621000,0,0.40580370,1820.0000
1628000617632000,0,0.06296669,1820.0000
1628000853591000,1,1.18680000,1816.3800
1628000927310000,0,1.64329951,1816.5100
1628001065821000,0,0.02427500,1817.7700
1628001065821000,0,0.52305531,1817.9600
1628001286420000,0,0.02450430,1826.3400
1628001286420000,0,1.06494192,1826.6600
1628001404989000,1,0.01220048,1822.5100
1628001460037000,1,0.03660145,1820.9200
1628001614268000,1,1.18500000,1820.6700
1628001886882000,1,0.05219469,1815.6900
1628001886882000,1,1.00594505,1815.6800
1628001886883000,1,0.18176925,1815.6800
1628001886885000,1,1.18784928,1815.4800
1628001886885000,1,0.13048241,1815.2800
1628001886885000,1,0.02415933,1815.2700
1628001983814000,1,0.04448564,1815.2200
1628001983814000,1,0.96611436,1815.2100
1628004288534000,1,0.44500907,1788.7500
1628004291148000,1,0.00000001,1788.7500
1628004309814000,1,0.01570127,1789.2200
1628004309819000,1,0.00000001,1789.2200
1628004309826000,1,0.01569830,1789.1100
1628004309990000,1,0.06250000,1788.7300
1628004438195000,0,0.02226761,1791.8400
1628004751183000,1,0.01452556,1783.7400
1628004751183000,1,0.03631756,1783.4400
1628004751192000,1,0.00000001,1783.4400
1628004751192000,1,0.09441192,1783.2700
1628004853471000,0,0.07790050,1791.9900
1628004853535000,0,0.00169450,1791.9900
1628005207305000,1,0.02502347,1799.6400
1628005207308000,1,0.00000001,1799.6400
1628005442508000,1,0.01190501,1791.8700
1628005442508000,1,0.01191032,1791.5800
1628005442508000,1,0.02710561,1791.4400
1628005442508000,1,0.07740415,1791.0600
1628005442511000,1,1.20238885,1791.0500
1628005442511000,1,0.32667412,1790.8000
1628006875638000,1,0.01456290,1785.9300
1628006875638000,1,0.02402918,1785.9200
1628006875638000,1,0.61675158,1785.8900
1628006875642000,1,0.58854851,1785.8900
1628007205677000,1,0.02452551,1783.3600
1628008382739000,1,0.02985786,1790.3500
1628008382742000,1,1.20279952,1790.2500
1628008382941000,1,0.01194248,1790.3500
1628008382941000,1,0.01194701,1790.0800
1628008407456000,1,0.45169878,1787.7100
1628008407467000,1,0.75314870,1787.7100
1628008639015000,1,0.01136998,1785.9200
1628008639015000,1,0.08863002,1785.9100
1628010480509000,0,0.02546581,1795.9700
1628011833706000,0,0.27819943,1791.8800
1628012634491000,0,2.00000000,1787.7100
1628013752870000,0,0.03077823,1777.8800
1628013778416000,0,0.09999999,1778.4800
1628013778435000,0,0.00000001,1778.4800
1628014061281000,1,2.03000000,1770.0000
1628014079912000,1,0.00209604,1770.0000
1628014091526000,1,0.20000000,1767.8200
1628014334248000,0,0.11198712,1776.9900
1628014443228000,1,0.02560016,1770.0800
1628014443228000,1,0.17439984,1769.9700
1628014554405000,0,0.10000000,1769.0000
1628014876733000,0,1.00000000,1768.4500
1628015047061000,1,0.01369522,1765.4000
1628015047061000,1,0.03426940,1765.4000
1628015047061000,1,0.25203538,1765.4000
1628015082275000,0,1.22070000,1765.9200
1628015163089000,0,0.20000000,1772.0000
1628015538607000,0,0.50000000,1772.0000
1628015564446000,0,1.02720000,1775.5000
1628015611709000,0,0.02484187,1778.5700
1628015667010000,1,0.01295383,1776.0400
1628015667294000,1,0.03238896,1775.7600
1628016423370000,1,0.58670461,1778.9700
1628016425378000,0,0.17583844,1779.2700
1628016425882000,0,0.06388891,1779.2700
1628016426946000,0,0.54254546,1779.2700
1628016486698000,1,0.06250000,1779.2700
1628016486707000,1,2.33750000,1779.2700
1628016487635000,1,1.29000000,1778.9700
1628016497616000,1,1.21175032,1778.9700
1628016697259000,0,0.50000000,1784.1800
1628016765473000,0,1.20744248,1785.8600
1628016765473000,0,1.20743551,1786.0100
1628016765473000,0,1.20859738,1786.3400
1628016765553000,1,3.25954801,1786.3400
1628016905873000,0,0.50000000,1787.9800
1628017206784000,0,0.47730120,1786.8300
1628017254308000,0,0.02788317,1784.2300
1628017321172000,0,1.07045490,1784.1200
1628017842208000,0,0.02645025,1786.7500
1628018070579000,0,0.48144421,1788.9300
1628018113542000,1,0.06250000,1788.9300
1628018405251000,1,0.06250000,1782.2600
1628020985499000,1,1.39873709,1778.4400
1628021163402000,1,0.02479171,1770.2400
1628021163404000,1,0.00000001,1770.2400
1628021163748000,1,0.05578120,1769.3800
1628021163748000,1,0.05578939,1769.0800
1628021246071000,1,0.05000000,1763.3900
1628021984331000,0,0.01123081,1771.9100
1628022448368000,0,1.21350343,1776.8000
1628022448368000,0,0.32711241,1777.1700
1628022448370000,0,0.88693790,1777.1700
1628022448370000,0,0.65367795,1777.1800
1628023231413000,1,0.02556812,1771.3900
1628023231413000,1,0.97443188,1771.0100
1628023255349000,1,0.40000000,1771.6600
1628024216466000,0,0.20000000,1788.9200
1628025009559000,1,0.02564595,1783.4100
1628025449868000,0,0.02595117,1786.5100
1628025449868000,0,1.20709181,1786.7000
1628025449868000,0,0.02587125,1786.8800
1628025449868000,0,0.27872208,1787.0200
1628025528895000,0,0.47767873,1785.4500
1628025609000000,0,1.20802832,1785.1400
1628026079565000,0,0.02000000,1789.6700
1628026310948000,0,0.19122516,1793.2400
1628026311465000,0,0.19122516,1793.2400
1628026311960000,0,0.19122516,1793.2400
1628026312450000,0,0.19122516,1793.2400
1628026335981000,0,0.02411860,1794.3400
1628026555129000,1,0.02506173,1784.4600
1628026605159000,1,0.01216279,1779.5600
1628027000897000,1,0.02592343,1781.1600
1628027000897000,1,0.02679391,1780.8100
1628027000897000,1,0.02519420,1780.8000
1628027000897000,1,0.06966495,1780.4100
1628027000897000,1,0.02466368,1780.4000
1628027000897000,1,0.02518955,1780.3800
1628027000897000,1,0.12400175,1780.1300
1628027766251000,0,0.08336126,1790.4000
1628028356753000,1,0.01312862,1789.6900
1628028356753000,1,0.01687138,1789.6800
1628028429178000,0,0.02477750,1788.1000
1628028429178000,0,0.02559568,1788.4700
1628028429178000,0,0.50000000,1788.8000
1628028429178000,0,1.20583863,1788.9000
1628028429178000,0,0.02545750,1788.9400
1628028429178000,0,0.02515766,1788.9600
1628028429178000,0,0.59530492,1789.2100
1628028519660000,1,1.20334797,1790.6300
1628028519660000,1,0.01297623,1790.4100
1628028519660000,1,1.20342114,1790.4000
1628028519660000,1,0.58025466,1790.1700
1628028546990000,1,1.20363443,1790.1700
1628028546990000,1,0.02485131,1790.1500
1628028546990000,1,1.20363443,1789.9000
1628028546990000,1,0.01283209,1789.8400
1628028546990000,1,0.02460570,1789.7700
1628028546990000,1,0.03208595,1789.6400
1628028546990000,1,0.49835609,1789.6300
1628028555612000,1,1.20331683,1790.6100
1628028555612000,1,0.01232575,1790.3600
1628028555612000,1,1.20331683,1790.3500
1628028555612000,1,0.02516051,1790.1800
1628028555612000,1,0.55588008,1790.1700
1628028560007000,1,1.20331683,1790.6100
1628028560007000,1,0.01218755,1790.3600
1628028560007000,1,1.20331683,1790.3500
1628028560007000,1,0.03046784,1790.1800
1628028560007000,1,0.55071095,1790.1700
1628028563857000,1,0.01170704,1790.6200
1628028563857000,1,1.20331683,1790.6100
1628028563857000,1,1.20331683,1790.3500
1628028563857000,1,0.09704340,1790.1700
1628028563857000,1,0.48461590,1789.9000
1628028567304000,1,0.01157541,1790.6200
1628028567304000,1,1.20331683,1790.6100
1628028567304000,1,1.20331683,1790.3500
1628028567304000,1,0.58179093,1790.1700
1628028583676000,1,1.20317568,1790.7900
1628028583676000,1,0.01144495,1790.6200
1628028583676000,1,1.20331683,1790.6100
1628028583676000,1,0.58206254,1790.3500
1628028597649000,1,1.20317568,1790.7900
1628028597649000,1,0.01131662,1790.6200
1628028597649000,1,1.20331683,1790.6100
1628028597649000,1,0.58219087,1790.3500
1628028615316000,1,1.20328142,1790.8100
1628028615316000,1,0.01118941,1790.6200
1628028615316000,1,1.20331683,1790.6100
1628028615316000,1,0.02797196,1790.3600
1628028615316000,1,0.03906342,1790.3500
1628028615316000,1,0.51517696,1790.1700
1628028618513000,1,1.20271696,1791.5400
1628028618513000,1,1.20271696,1791.2600
1628028618513000,1,0.02590910,1790.9300
1628028618513000,1,0.56865698,1790.8100
1628028621427000,1,1.20240544,1791.8200
1628028621427000,1,1.20271696,1791.5400
1628028621427000,1,0.02685371,1791.2700
1628028621427000,1,0.56802389,1791.2600
1628028624330000,1,1.20240544,1791.8200
1628028624330000,1,1.20271696,1791.5400
1628028624330000,1,0.59487760,1791.2600
1628028627635000,1,1.20240544,1791.8200
1628028627635000,1,1.20271696,1791.5400
1628028627635000,1,0.02473400,1791.3800
1628028627635000,1,0.02534400,1791.2700
1628028627635000,1,0.06588412,1791.2700
1628028627635000,1,0.03981547,1791.2600
1628028627635000,1,0.43910001,1791.2300
1628029884750000,0,0.02423644,1816.7000
1628029884750000,0,0.02429131,1817.0800
1628029884750000,0,0.15147225,1817.0800
1628031599193000,0,0.19332262,1805.6900
1628032477770000,0,1.10598807,1814.7900
1628032477787000,0,0.93961989,1814.7900
1628032477791000,0,0.20412283,1814.7900
1628032477792000,0,0.80841733,1814.7900
1628033382213000,1,0.03494080,1802.6200
1628033405477000,1,0.00000001,1802.6200
1628033405477000,1,0.08046951,1802.3800
1628034462886000,0,1.19164393,1809.1000
1628034787010000,1,0.34233108,1806.2600
1628034955468000,1,0.02891607,1797.5000
1628034955481000,1,0.02891607,1797.2700
1628034955488000,1,0.18788601,1797.1800
1628034955488000,1,0.46064638,1797.1700
1628034955494000,1,0.73573113,1797.1700
1628034955621000,1,0.02891293,1797.1800
1628034955621000,1,0.02891607,1797.1800
1628034956956000,1,1.41898037,1795.1500
1628034956958000,1,1.52397913,1795.1500
1628034956959000,1,0.74177250,1795.1500
1628034957031000,1,0.06250000,1795.1500
1628034957572000,1,0.35276800,1795.1500
1628035170234000,0,1.19900380,1799.9400
1628035363899000,1,0.02866977,1804.1100
1628035402485000,0,0.02737588,1801.4300
1628035897239000,0,0.02514431,1789.0700
1628035897239000,0,0.02455538,1789.5200
1628035897239000,0,0.56588726,1789.5300
1628035897241000,0,1.43411274,1789.5300
1628035897842000,1,0.89355856,1787.8900
1628035976198000,1,0.02401059,1790.7000
1628035976198000,1,0.02538418,1790.2700
1628035976198000,1,1.20361718,1790.0500
1628035976201000,1,0.01485349,1789.9100
1628035976201000,1,0.02550616,1789.9000
1628035976201000,1,1.20374619,1789.8600
1628035976201000,1,0.03713372,1789.5200
1628035976201000,1,0.02506620,1789.5100
1628035977362000,1,0.06000000,1789.8000
1628035977365000,1,0.00250000,1789.8000
1628035986716000,1,1.53001227,1787.5400
1628035986716000,1,0.46998773,1787.5400
1628035986716000,1,0.03567326,1787.4600
1628035986716000,1,0.01426930,1787.4600
1628035986716000,1,0.03912905,1787.2900
1628035995535000,1,0.01373322,1785.9000
1628035995535000,1,0.03433459,1785.9000
1628035995535000,1,0.08926692,1785.9000
1628035995536000,1,0.00000001,1785.9000
1628035995536000,1,1.53050300,1785.8900
1628035995538000,1,0.46949700,1785.8900
1628035995539000,1,0.68699000,1785.8100
1628036088936000,1,0.01205543,1784.6900
1628036088936000,1,1.83644457,1784.6800
1628036436560000,0,0.02498417,1793.7200
1628036436560000,0,0.06650751,1793.7200
1628038238511000,0,0.02410884,1799.6200
1628038243647000,0,0.02562289,1801.7800
1628038243647000,0,1.50668159,1801.9100
1628038243647000,0,0.49331841,1801.9100
1628038278399000,0,0.02488415,1802.0900
1628038278399000,0,1.50770540,1802.0900
1628038278404000,0,0.49229460,1802.0900
1628038278404000,0,1.04029495,1802.1000
1628038576652000,1,0.02502998,1810.2000
1628038576652000,1,0.47306443,1809.9000
1628038576654000,1,1.52693557,1809.9000
1628038576654000,1,0.00059638,1809.8100
1628038643846000,0,1.19140000,1811.1200
1628038751889000,1,1.37415282,1809.5900
1628038751889000,1,1.52584717,1809.5900
1628038751944000,1,0.00000001,1809.5900
1628039627055000,1,0.09999999,1804.9100
1628039627077000,1,0.00000001,1804.9100
1628040904540000,0,0.04611999,1817.3400
1628040904546000,0,0.00000001,1817.3400
1628040906257000,0,0.46912454,1819.1400
1628040906262000,0,0.00000001,1819.1400
1628040909332000,0,0.01758300,1819.3500
1628040909332000,0,0.04491700,1819.3600
1628040910594000,0,0.42419723,1819.3600
1628040949161000,0,0.46896694,1821.5200
1628040949221000,0,0.00000001,1821.5200
1628040949481000,0,1.17240467,1821.9400
1628040961054000,0,0.02569824,1820.9700
1628040961054000,0,0.02568795,1820.9900
1628040961054000,0,0.02476372,1821.4000
1628040962056000,0,0.02593912,1820.5600
1628040962561000,0,0.43046491,1820.7700
1628040970647000,0,2.00000000,1819.0500
1628040970647000,0,0.13766249,1819.1400
1628040999728000,0,0.23197472,1820.0200
1628040999728000,0,0.23742690,1820.0200
1628040999728000,0,1.17349133,1820.0200
1628040999728000,0,0.11034711,1820.0200
1628040999730000,0,2.94056620,1820.0200
1628041099633000,1,0.11369751,1816.1900
1628043498950000,1,0.07083094,1800.4100
1628043498950000,1,0.17707734,1800.4100
1628043498951000,1,0.00000001,1800.4100
1628043499274000,1,0.07083094,1799.9800
1628043499274000,1,0.17707735,1799.9800
1628043499274000,1,0.46040377,1799.9700
1628043552693000,1,0.05205414,1804.0800
1628043570616000,1,1.52008169,1800.8700
1628043570620000,1,1.42928511,1800.8700
1628043570647000,1,0.26918255,1800.8700
1628043570651000,1,1.18145065,1800.8700
1628044091514000,1,1.19290106,1804.8200
1628044091514000,1,2.00000000,1804.8200
1628044091514000,1,0.02582663,1804.6800
1628044091514000,1,1.19303537,1804.6200
1628044091514000,1,0.03774171,1804.4200
1628044091514000,1,1.19317433,1804.4100
1628044091514000,1,0.02412298,1804.3100
1628044091514000,1,4.33319792,1804.2300
1628044097715000,1,0.03732321,1804.2200
1628044097715000,1,1.19324813,1804.2000
1628044097715000,1,0.09330285,1804.0400
1628044097715000,1,5.00000000,1804.0300
1628044097715000,1,0.02460544,1803.9100
1628044097715000,1,1.19278138,1803.8800
1628044097715000,1,0.24257130,1803.3600
1628044097715000,1,0.02400583,1803.3500
1628044097715000,1,1.19338554,1803.3400
1628044097715000,1,0.36000000,1803.1000
1628044097715000,1,0.63877632,1803.0300
1628044103569000,1,1.19291478,1804.6500
1628044103569000,1,0.03312263,1804.2100
1628044103569000,1,0.08280658,1804.2100
1628044103569000,1,1.19324813,1804.2000
1628044103569000,1,2.00000000,1804.2000
1628044103569000,1,0.21529710,1803.9900
1628044103569000,1,4.40000000,1803.9800
1628044103569000,1,0.88261078,1803.8800
1628044109062000,1,1.19292356,1804.6500
1628044109062000,1,0.02939943,1804.5300
1628044109062000,1,2.00000000,1804.5200
1628044109062000,1,0.07349859,1804.4400
1628044109062000,1,1.19304569,1804.4300
1628044109062000,1,2.00000000,1804.2900
1628044109062000,1,0.38706568,1804.2000
1628045298153000,1,1.19280000,1803.9000
1628045298353000,1,1.19210000,1803.4400
1628045298394000,1,0.00009559,1803.4400
1628045298394000,1,4.09990441,1803.2800
1628045308317000,1,0.03183799,1802.5600
1628045745728000,1,1.15040000,1805.8500
1628045940328000,1,0.00000001,1802.5600
1628047107523000,1,0.05325000,1792.6500
1628047248773000,0,0.07100000,1791.9700
1628049622821000,1,0.06859261,1780.3200
1628049622922000,1,0.06250000,1779.9900
1628049623019000,1,0.10896419,1779.9900
1628049623019000,1,0.44581179,1779.6300
1628049623019000,1,0.02887500,1779.3600
1628049645241000,1,0.02370329,1778.3400
1628049645266000,1,0.75708743,1778.3400
1628049652930000,1,0.15232342,1778.4400
1628049652930000,1,0.06092937,1778.4400
1628049652930000,1,0.20908924,1778.4400
1628049652930000,1,0.18695325,1778.4400
1628049652930000,1,0.02461731,1778.4300
1628049652930000,1,1.31867254,1778.3900
1628049652932000,1,1.53024310,1778.3900
1628049652934000,1,1.53024309,1778.3900
1628049652937000,1,1.53024309,1778.3900
1628049653334000,1,0.06092937,1778.4000
1628049653334000,1,0.00157063,1778.4000
1628049657490000,1,0.02509114,1777.6100
1628049657490000,1,0.02430169,1777.1600
1628054669248000,0,1.19442557,1803.2500
1628054669252000,0,1.19453157,1803.4400
1628054669252000,0,0.32603544,1803.6900
1628054669267000,0,0.86831827,1803.6900
1628054754949000,0,0.13090371,1805.2200
1628055086150000,0,0.06250000,1805.2000
1628055086166000,0,0.07705400,1805.2000
1628056440436000,1,0.57553801,1794.7700
1628057223007000,1,1.00155291,1788.3100
1628057223010000,1,0.20200263,1788.3100
1628057223734000,1,0.03494892,1787.7600
1628057367778000,0,0.68779855,1789.8700
1628058384126000,1,0.02999754,1787.1000
1628061196120000,1,0.03332000,1781.7700
1628061196422000,1,0.06694193,1781.7700
1628061196422000,1,0.02441999,1779.9700
1628061196422000,1,0.02376513,1779.9600
1628061196422000,1,4.70000000,1779.7900
1628061196422000,1,0.06104997,1779.6300
1628061196422000,1,1.20752054,1779.6200
1628061196422000,1,0.01981806,1779.4500
1628061219363000,0,0.08579114,1783.4700
1628063120602000,0,1.01949120,1773.7300
1628063120610000,0,0.86282329,1773.7300
1628063120613000,0,0.31768551,1773.7300
1628063136862000,1,0.02492600,1771.3000
1628064981223000,0,0.02447464,1785.9300
1628065011745000,1,0.03007464,1784.1400
1628065022703000,0,0.02785959,1785.7400
1628065351238000,1,1.52573242,1776.0600
1628065351241000,1,0.14242064,1776.0600
1628065351283000,1,0.06250000,1776.0600
1628065418615000,1,0.02543125,1774.1400
1628065418615000,1,0.01456875,1773.8600
1628065955316000,0,2.00000000,1774.2000
1628065955316000,0,0.50000000,1774.2800
1628065955316000,0,2.00000000,1774.3100
1628065955316000,0,0.02462067,1774.7700
1628065955316000,0,1.19911716,1774.9700
1628065955316000,0,0.47957087,1774.9700
1628065955316000,0,4.16547225,1774.9800
1628065955316000,0,1.21515953,1774.9900
1628065955316000,0,1.21507554,1775.1500
1628065955316000,0,3.11731424,1775.4000
1628065955316000,0,0.02386330,1775.4100
1628065955316000,0,0.36000000,1775.5800
1628065955316000,0,0.56810551,1776.2900
1628066492118000,1,0.02589731,1769.8900
1628066492118000,1,0.53268320,1769.6800
1628066492235000,1,0.68418346,1769.6800
1628066667829000,1,0.50000000,1769.1600
1628066858506000,0,1.50000000,1771.8800
1628066874557000,0,1.00000000,1773.9200
1628066883906000,0,1.21472404,1773.0900
1628066883906000,0,0.79997596,1773.0900
1628066889571000,0,1.06240000,1773.6400
1628067418523000,0,0.49999999,1775.6900
1628067420772000,0,0.00000001,1775.6900
1628067688478000,0,0.04196354,1778.2100
1628067825823000,0,2.00000000,1775.2400
1628067825823000,0,1.21368217,1775.3200
1628067825823000,0,0.14363923,1775.5300
1628068272026000,0,1.20990000,1780.5800
1628069668774000,0,0.55892777,1780.2300
1628069704951000,1,0.55892777,1778.6500
1628069956463000,0,0.50000000,1780.0900
1628070000707000,0,1.20840000,1783.2800
1628070301273000,1,0.02587536,1781.5500
1628070301273000,1,2.00000000,1781.5500
1628070301273000,1,1.80000000,1781.2700
1628070301273000,1,1.17412464,1781.1700
1628070306737000,1,0.02475803,1782.0300
1628070306737000,1,2.00000000,1781.9300
1628070306737000,1,1.20751125,1781.8800
1628070306737000,1,1.20764199,1781.6900
1628070306737000,1,0.02472662,1781.5300
1628070306737000,1,0.53536211,1781.5000
1628070311745000,1,1.20751125,1781.8800
1628070311745000,1,2.00000000,1781.8800
1628070311745000,1,1.20764199,1781.6900
1628070311745000,1,0.02540480,1781.6000
1628070311745000,1,0.55944196,1781.5800
1628070315947000,1,1.20751125,1781.8800
1628070315947000,1,2.00000000,1781.8800
1628070315947000,1,1.20764199,1781.6900
1628070315947000,1,0.58484676,1781.5000
1628070319619000,1,1.60000000,1782.4900
1628070319619000,1,1.20694100,1782.3900
1628070319619000,1,1.20694100,1782.2500
1628070319619000,1,0.11029544,1781.8900
1628070319619000,1,0.87582256,1781.8800
1628070324266000,1,4.37685917,1782.4000
1628070324266000,1,0.62314083,1782.3900
1628070330801000,1,1.20698797,1782.3500
1628070330801000,1,0.79301203,1782.1200
1628070533708000,1,1.20946404,1778.4700
1628070533708000,1,1.26409559,1778.2100
1628070588349000,0,2.00000000,1781.2200
1628070588349000,0,0.02560629,1781.3000
1628070588349000,0,1.20872045,1781.6100
1628070588349000,0,0.02497366,1781.6700
1628070588349000,0,0.94063545,1781.8000
1628071243563000,0,0.01396531,1780.8400
1628071380134000,0,0.01396508,1780.8700
1628071584498000,1,0.49320856,1781.5200
1628071584522000,1,0.71446086,1781.5200
1628071584554000,1,0.10440356,1781.2700
1628071584554000,1,1.10319644,1781.2600
1628071584908000,1,0.06250000,1780.8600
1628071950783000,1,1.21030000,1777.1900
1628072197010000,1,1.20990000,1778.0900
1628072711753000,1,1.21190000,1775.4800
1628072737412000,1,0.39446000,1774.6300
1628074313058000,0,1.99999999,1792.3700
1628074313059000,0,0.00000001,1792.3700
1628074313059000,0,1.20235442,1792.4500
1628074313059000,0,0.02465271,1792.4700
1628074361566000,1,0.01166200,1791.5600
1628074408095000,0,0.50000000,1793.7800
1628074453265000,1,0.02469466,1793.6800
1628074757596000,1,0.02429885,1795.9500
1628074757596000,1,1.52145545,1795.7700
1628074757598000,1,0.47854455,1795.7700
1628074782498000,1,0.32594643,1794.2400
1628074782517000,1,0.00665197,1794.2400
1628074949919000,0,0.17033581,1796.5100
1628075153888000,0,0.06250000,1800.0000
1628075154066000,0,0.93000000,1800.0000
1628075154740000,0,0.00750000,1800.0000
1628076108274000,1,1.19970000,1794.0500
1628076761731000,0,0.02428947,1799.0200
1628076761731000,0,0.30837108,1799.1400
1628077064665000,1,0.33542000,1798.6200
1628077154193000,0,1.00205000,1800.2200
1628077803698000,0,0.81438000,1796.2000
1628077803709000,0,0.81438000,1796.2000
1628078641449000,0,1.19440000,1805.2100
1628078818247000,1,0.02586369,1802.4400
1628078818247000,1,2.00000000,1802.4400
1628078818247000,1,0.97413631,1802.3800
1628078819337000,1,0.21863621,1801.9800
1628078829561000,1,1.19439804,1802.0000
1628078829561000,1,1.80560196,1802.0000
1628078834194000,1,0.11732752,1802.0100
1628078834194000,1,1.19439804,1802.0000
1628078834194000,1,1.68827444,1802.0000
1628078840609000,1,1.19409211,1802.4800
1628078840609000,1,1.80590789,1802.4800
1628078852399000,1,0.90000000,1802.9500
1628078852399000,1,1.19380453,1802.8500
1628078852399000,1,0.19409211,1802.4800
1628078852399000,1,0.71210336,1802.4800
1628078856321000,1,1.19367738,1803.0600
1628078856321000,1,1.19380453,1802.8500
1628078856321000,1,0.61251809,1802.6400
1628078862407000,1,2.00000000,1803.1300
1628078862407000,1,1.00000000,1803.0400
1628078865376000,1,1.00000000,1803.0400
1628078865376000,1,1.19340838,1802.9400
1628078865376000,1,0.11592980,1802.6700
1628078865376000,1,0.69066182,1802.6600
1628078869227000,1,2.00000000,1802.9700
1628078869227000,1,1.00000000,1802.9400
1628078874612000,1,0.70000000,1803.5900
1628078874612000,1,1.19331329,1803.4900
1628078874612000,1,1.10668671,1803.2100
1628078888644000,1,1.19345045,1803.4200
1628078888644000,1,0.70000000,1803.3100
1628078888644000,1,1.10654955,1803.3100
1628078893044000,1,1.19345045,1803.4200
1628078893044000,1,1.80654955,1803.4200
1628078896599000,1,0.19345045,1803.4200
1628078896599000,1,1.19345045,1803.4200
1628078896599000,1,0.11461011,1803.3300
1628078896599000,1,1.49848899,1803.3200
1628079093845000,0,0.09800000,1805.8700
1628079192683000,0,0.48000000,1805.3500
1628079193165000,0,1.52000000,1805.3500
1628079201852000,0,0.79000000,1804.5300
1628079203151000,0,0.02000000,1804.3300
1628079225784000,0,2.00000000,1804.0600
1628079250042000,0,1.96000000,1805.7400
1628079252563000,0,0.03920000,1805.7400
1628079252580000,0,0.00080000,1805.7400
1628079260019000,0,1.96000000,1805.7400
1628079260313000,0,0.04000000,1805.7400
1628079263211000,0,0.68762680,1805.9300
1628079263226000,0,0.68762680,1805.9300
1628079282340000,0,1.32000000,1805.1400
1628079464450000,0,0.02000000,1804.4100
1628079464504000,0,0.00575776,1804.4100
1628079474899000,0,0.69000000,1803.9700
1628079483380000,0,0.79000000,1803.9700
1628079483454000,0,0.52000000,1803.9700
1628079493173000,0,0.31000000,1803.1700
1628079493292000,0,0.15000000,1803.1700
1628079493336000,0,1.54000000,1803.1700
1628079493914000,0,0.06250000,1803.1700
1628079493914000,0,0.01750000,1803.2600
1628079494646000,0,2.00000000,1803.2200
1628079545303000,0,2.00000000,1803.7100
1628079602376000,0,0.27000000,1803.4300
1628079774104000,0,1.19190000,1807.9200
1628079816552000,0,0.50000000,1807.7700
1628079904975000,0,1.18980000,1810.7600
1628079904990000,0,0.00009719,1810.7600
1628079904990000,0,1.18980281,1810.8000
1628079905048000,0,0.00010127,1810.8000
1628079905146000,0,1.18989719,1811.2000
1628079922110000,0,1.18890000,1812.5400
1628080068572000,1,0.22001118,1809.0000
1628080109165000,0,1.19000000,1809.2300
1628080653642000,0,1.19094716,1808.9500
1628080653642000,0,1.14275275,1809.1800
1628080685211000,0,1.16509575,1811.3800
1628080889777000,0,0.10018011,1819.2400
1628080889777000,0,1.18402628,1819.2600
1628080913490000,0,1.18279677,1821.1900
1628081044944000,0,0.50064109,1823.1600
1628081044946000,0,1.51606785,1823.1600
1628081044948000,0,1.51606785,1823.1600
1628081044953000,0,1.04063813,1823.1600
1628081044954000,0,1.51606785,1823.1600
1628081044957000,0,0.21051723,1823.1600
1628081050667000,0,0.06250000,1828.7400
1628081050732000,0,0.06250000,1828.7400
1628081082151000,0,0.13000000,1825.5600
1628081082165000,0,1.04945500,1825.5600
1628081103396000,0,3.28000000,1828.7400
1628081148676000,0,0.00942432,1828.7400
1628081149443000,0,0.50000000,1831.8300
1628081149443000,0,0.02570988,1831.9200
1628081158346000,0,0.09000000,1835.0000
1628081159572000,0,0.39999263,1835.0000
1628081159928000,0,5.94068526,1835.0000
1628081159928000,0,0.25000000,1835.0000
1628081165263000,0,1.49000000,1838.0000
1628081165353000,0,0.00666081,1838.0000
1628081176898000,0,4.40399816,1841.7200
1628081182058000,0,0.66986000,1842.6900
1628081182058000,0,0.02465680,1842.7000
1628081182058000,0,1.16939158,1842.9600
1628081182058000,0,0.02355309,1843.1300
1628081182058000,0,1.10815099,1843.1600
1628081185974000,1,0.02490049,1840.8900
1628081258423000,1,0.21638250,1839.8900
1628081365612000,0,0.02508570,1840.0400
1628081365612000,0,0.02584127,1840.4400
1628081365612000,0,1.14630238,1840.6600
1628081455427000,1,0.02425326,1845.5900
1628081455769000,1,0.06000000,1846.3000
1628081455781000,1,0.00250000,1846.3000
1628081599921000,0,0.82934851,1848.7400
1628081599922000,0,0.33554656,1848.7400
1628081599922000,0,1.16470453,1849.0800
1628081599961000,0,0.00000001,1849.0800
1628081599961000,0,1.16451252,1849.4500
1628081599961000,0,0.33573856,1849.8200
1628081599963000,0,0.82859650,1849.8200
1628081599963000,0,0.67165459,1850.0600
1628081604354000,1,0.02455602,1849.2400
1628081618230000,1,0.59881031,1850.0700
1628081618233000,1,1.40118969,1850.0700
1628081653063000,0,0.02464436,1850.5700
1628081653063000,0,1.16371503,1850.9600
1628081653063000,0,0.02492518,1850.9800
1628081653063000,0,1.16346442,1851.3800
1628081653063000,0,0.02583058,1851.5100
1628081653063000,0,1.16357732,1851.5400
1628081653063000,0,2.02826214,1851.9400
1628081653603000,0,0.06250000,1850.9100
1628081653603000,0,1.12743578,1850.9600
1628081661847000,1,0.02515339,1849.0700
1628081725411000,1,0.00000001,1849.0700
1628081769588000,1,0.02405010,1853.0000
1628081887857000,0,0.06250000,1855.0000
1628081887857000,0,0.05750000,1855.0000
1628081887875000,0,0.00500000,1855.0000
1628081913115000,0,1.15975297,1857.3300
1628081937913000,1,0.02530530,1856.3000
1628081953812000,0,0.02465325,1857.7900
1628081953812000,0,0.10253412,1858.0100
1628082005601000,0,0.90000000,1860.2600
1628082005604000,0,2.74858424,1860.2600
1628082052266000,1,1.15805356,1857.6100
1628082172932000,0,2.00000000,1854.7500
1628082172932000,0,4.33138567,1854.7600
1628082172932000,0,0.02451003,1854.7700
1628082172932000,0,1.83288209,1854.7700
1628082308184000,0,1.16296709,1851.6300
1628082308184000,0,1.16283291,1851.6400
1628082405650000,0,1.16510119,1848.5400
1628082405650000,0,1.16549339,1848.8200
1628082405650000,0,4.16732992,1848.8700
1628082475178000,1,0.02449741,1851.6300
1628082475178000,1,1.97550259,1851.6300
1628082478944000,1,0.02547663,1851.7800
1628082478944000,1,2.00000000,1851.2600
1628082478944000,1,0.02535649,1851.2400
1628082478944000,1,0.50000000,1851.1500
1628082478944000,1,0.10982095,1850.6100
1628082478944000,1,0.27466801,1850.6100
1628082478944000,1,1.06467792,1850.6000
1628082481859000,0,0.50000000,1853.8200
1628082483712000,1,0.02406199,1853.4300
1628082483712000,1,2.00000000,1852.4100
1628082483712000,1,1.16046746,1852.3200
1628082483712000,1,0.81547055,1852.1800
1628082487792000,1,0.10107409,1853.1100
1628082487792000,1,0.02499918,1853.1000
1628082487792000,1,2.00000000,1853.1000
1628082487792000,1,0.50000000,1852.8400
1628082487792000,1,1.37392673,1852.8300
1628082492706000,1,2.00000000,1854.2800
1628082492706000,1,0.09987429,1854.1900
1628082492706000,1,0.26043663,1854.1900
1628082492706000,1,0.02595901,1854.1800
1628082492706000,1,1.15946814,1854.0100
1628082492706000,1,0.09987429,1853.5400
1628082492706000,1,0.35438764,1853.5300
1628082498910000,1,2.00000000,1855.3400
1628082498910000,1,1.15875986,1855.3300
1628082498910000,1,0.84124014,1854.8800
1628082533187000,0,0.34251218,1862.2500
1628082533194000,0,0.51109390,1862.2500
1628082608098000,0,0.02000000,1858.8900
1628082608099000,0,0.00523979,1858.8900
1628082611609000,0,4.40000000,1859.3800
1628082619136000,0,0.02576639,1860.0800
1628082619136000,0,0.00034782,1860.1500
1628082713571000,1,5.68340000,1859.0000
1628082714355000,1,0.00001581,1859.0000
1628082822507000,1,4.32430000,1857.0500
1628082850389000,1,1.15971094,1854.0800
1628082850569000,0,8.84028906,1854.0000
1628082959696000,0,3.12620000,1852.0000
1628082959705000,0,6.87380000,1852.0000
1628082966399000,0,0.09564800,1854.0000
1628082966593000,0,0.24500000,1854.0000
1628082967137000,0,0.01470000,1854.0000
1628082967886000,0,0.03791620,1854.0000
1628082968447000,0,1.26432643,1854.0000
1628082973326000,0,1.50425306,1854.0000
1628082973327000,0,1.50425307,1854.0000
1628082973920000,0,0.08134000,1854.0000
1628082973923000,0,4.52691203,1854.0000
1628083176866000,0,0.72000000,1854.0000
1628083197830000,0,0.00565121,1854.0000
1628083202075000,1,0.50000000,1854.4800
1628083202075000,1,0.31050111,1854.3700
1628083253291000,0,0.27000000,1860.0000
1628083253318000,0,0.33000000,1860.0000
1628083253554000,0,0.03430000,1860.0000
1628083317174000,0,1.21000000,1860.0000
1628083317185000,0,0.66000000,1860.0000
1628083317190000,0,3.04000000,1860.0000
1628083317356000,0,1.45570000,1860.0000
1628083372073000,0,0.02586330,1863.9700
1628083372073000,0,0.00000001,1863.9700
1628083372073000,0,0.02571417,1864.1600
1628083372073000,0,0.02519911,1864.5700
1628083384169000,0,1.15455917,1864.9900
1628083384171000,0,0.45759526,1865.2700
1628083384171000,0,0.02569202,1865.2800
1628083551805000,0,0.06250000,1868.2300
1628083552278000,0,0.95060394,1868.2300
1628083552280000,0,0.29268686,1868.2300
1628083605858000,0,4.86477899,1876.2800
1628083605858000,0,6.29522101,1876.7800
1628083608517000,1,0.02451419,1877.7500
1628083608517000,1,0.02557555,1877.6500
1628083829166000,0,0.68779855,1880.0000
1628083849496000,0,0.02473067,1880.0800
1628083849496000,0,0.02438961,1880.4900
1628083849496000,0,0.10204382,1880.7600
1628083989425000,0,0.02485756,1874.6800
1628083989430000,0,0.32412811,1875.1100
1628083989459000,0,0.82342297,1875.1100
1628083989459000,0,0.02585855,1875.2700
1628083989459000,0,0.64482893,1875.4000
1628083989467000,0,0.50255811,1875.4000
1628083989467000,0,0.99155234,1875.6400
1628084051512000,0,0.01596415,1870.4400
1628084107195000,0,1.73000000,1870.2700
1628084228752000,0,2.50000000,1872.3900
1628084228855000,0,0.00350761,1872.3900
1628084339441000,0,1.14299156,1882.8300
1628084388031000,0,4.23746594,1881.5800
1628084388031000,0,1.03589858,1882.2500
1628084413015000,0,1.14321937,1882.7700
1628084413015000,0,4.43244845,1883.1000
1628084413015000,0,1.14282317,1883.1100
1628084413015000,0,1.14272556,1883.1700
1628084413015000,0,0.02422161,1883.5800
1628084978088000,1,0.02000000,1879.5000
1628085207357000,0,0.02700396,1874.9100
1628085648373000,0,1.00959782,1872.3000
1628085813913000,1,1.14570000,1877.6600
1628085963118000,1,1.14950000,1872.0300
1628086097193000,1,0.02423710,1868.2600
1628086097193000,1,1.15207516,1867.9700
1628086097193000,1,0.60000000,1867.9700
1628086097193000,1,0.02429980,1867.8800
1628086097193000,1,0.19938794,1867.7000
1628086568014000,0,3.24000000,1885.0000
1628086569331000,0,2.91000000,1885.0000
1628086570001000,0,0.91000000,1885.0000
1628086570663000,0,10.57000000,1885.0000
1628086571374000,0,1.63000000,1885.0000
1628086572004000,0,14.33000000,1885.0000
1628086573339000,0,2.27000000,1885.0000
1628086574062000,0,0.00554248,1885.0000
1628087125526000,0,1.98373636,1883.9500
1628087135284000,0,1.96000000,1885.3600
1628087160710000,0,2.00000000,1886.5700
1628087160710000,0,0.02571684,1886.5800
1628087160710000,0,1.14391610,1886.8300
1628087160710000,0,2.00000000,1886.8900
1628087160710000,0,0.02486761,1886.9800
1628087160710000,0,1.14376121,1887.0800
1628087160710000,0,1.01910687,1887.3300
1628087232477000,0,1.14180000,1890.2900
1628087235238000,0,0.00000274,1890.2900
1628087235238000,0,1.14129726,1890.3300
1628087283809000,0,2.00000000,1889.7000
1628087283809000,0,1.14210429,1889.7100
1628087283809000,0,0.38165219,1890.0300
1628087292208000,0,1.12005806,1888.1600
1628087297074000,0,1.14345184,1887.8900
1628087297074000,0,1.14345184,1888.3200
1628087297074000,0,0.02426005,1888.5100
1628087297074000,0,1.14271066,1888.8500
1628087297074000,0,1.91594363,1888.8500
1628087792283000,0,0.06250000,1885.5800
1628087822995000,0,0.36655968,1883.9000
1628087822997000,0,1.48904537,1883.9000
1628087823052000,0,8.91340000,1884.0000
1628087823501000,0,0.47725487,1884.0000
1628087823792000,0,0.60934513,1884.0000
1628088060833000,1,0.02427780,1884.4000
1628088104736000,1,0.02402534,1887.5100
1628088104736000,1,0.10827485,1886.9400
1628088104736000,1,0.02407111,1886.9300
1628088104736000,1,0.94430256,1886.3800
1628088110764000,0,0.10000000,1891.0700
1628088187104000,0,0.02452250,1887.2000
1628088187104000,0,0.81782841,1887.5000
1628088381765000,1,0.50000000,1892.9700
1628088747760000,0,0.02407549,1897.8900
1628088747760000,0,0.10041794,1898.2400
1628088782277000,0,0.02372066,1900.1300
1628088957711000,1,0.06250000,1893.6900
1628088965868000,1,0.43749999,1893.6900
1628088965918000,1,0.00000001,1893.6900
1628089190646000,0,0.06250000,1897.0400
1628089190751000,0,0.07000000,1897.0400
1628089191260000,0,0.16000000,1897.0400
1628089191293000,0,0.00750000,1897.0400
1628089200976000,0,0.44853176,1898.9100
1628089276482000,0,0.10899497,1901.0400
1628089277915000,0,0.33143765,1901.0400
1628089277928000,0,0.45956738,1901.0400
1628089490319000,0,1.13221342,1906.8600
1628089490319000,0,1.47675776,1906.9800
1628089555936000,0,0.01651287,1912.3300
1628089555955000,0,0.00000001,1912.3300
1628089557302000,1,0.02427869,1911.2500
1628089557302000,1,0.31195211,1911.2300
1628089677593000,1,0.02433399,1909.1600
1628089677602000,1,1.12914952,1908.9300
1628089677602000,1,0.02517796,1908.7300
1628089677602000,1,0.32064747,1908.5900
1628089704581000,0,1.13128913,1907.6800
1628089704584000,0,0.02416852,1907.7600
1628089704584000,0,1.13109237,1908.0100
1628089704585000,0,0.44633824,1908.1900
1628089704585000,0,0.02433570,1908.2000
1628089704588000,0,1.13091947,1908.3400
1628089704600000,0,1.13091947,1908.7300
1628089704600000,0,0.19545453,1908.7600
1628089794540000,0,0.01310000,1915.0000
1628089855703000,0,0.01310000,1922.0000
1628089901217000,0,0.01310000,1925.0000
1628089902927000,1,0.01310000,1924.6100
1628089931935000,0,0.06250000,1930.0000
1628089932713000,0,0.71000000,1930.0000
1628089934342000,0,0.05616443,1930.0000
1628089934370000,0,1.14546226,1930.0000
1628089934371000,0,0.02587331,1930.0000
1628089935648000,0,0.10000000,1938.6900
1628089935975000,1,0.01310000,1931.3100
1628089943243000,1,4.57000000,1933.9700
1628089943263000,1,0.63000000,1933.9700
1628090036100000,0,0.02000000,1934.8600
1628090082126000,0,0.02548386,1933.5700
1628090082126000,0,0.02537287,1933.9100
1628090082126000,0,0.02422979,1934.3600
1628090082126000,0,0.04323385,1934.5300
1628090117712000,1,0.14620187,1932.7000
1628090118517000,0,0.06000000,1932.6700
1628090128178000,1,0.61688325,1930.0000
1628090130965000,0,0.02595450,1932.1600
1628090130967000,0,0.94756919,1932.5400
1628090130972000,0,0.17042593,1932.5400
1628090236378000,0,0.15513746,1924.1000
1628090277038000,0,0.06250000,1923.0500
1628090277044000,0,0.06250000,1923.0500
1628090278025000,0,0.21036597,1923.0500
1628090278028000,0,1.47033988,1923.0500
1628090278029000,0,0.07192486,1923.0500
1628090287250000,0,1.90000000,1925.7200
1628090296604000,0,18.64656564,1926.8800
1628090296755000,0,1.11872174,1926.8800
1628090297114000,0,18.64135102,1926.8800
1628090297623000,0,14.65896658,1926.8800
1628090309250000,1,0.13477227,1926.1300
1628090309262000,1,0.00000001,1926.1300
1628090309262000,1,0.13477228,1926.0900
1628090317111000,1,0.13183345,1924.3100
1628090317111000,1,0.32963160,1924.3100
1628090317171000,1,0.00000001,1924.3100
1628090382869000,0,0.02593347,1925.7500
1628090382869000,0,0.14547978,1926.1000
1628090508846000,0,0.02000000,1921.5400
1628090508885000,0,0.00426911,1921.5400
1628090515732000,1,0.96468794,1920.0000
1628090515736000,1,0.44691045,1920.0000
1628090515740000,1,1.47226466,1920.0000
1628090515740000,1,1.47226465,1920.0000
1628090515749000,1,1.17041367,1920.0000
1628090515758000,1,0.18061663,1920.0000
1628090515796000,1,0.06250000,1920.0000
1628090516182000,1,1.71842854,1920.0000
1628090516415000,1,0.20279151,1920.0000
1628090516722000,1,0.60921770,1920.0000
1628090516904000,1,0.17000000,1920.0000
1628090516907000,1,0.20000000,1920.0000
1628090537818000,1,1.00000000,1920.0000
1628090860592000,0,0.01283800,1922.0000
1628090861335000,0,0.00026200,1922.0000
1628090935378000,1,0.83000000,1920.0000
1628090935379000,1,0.70000000,1920.0000
1628090935955000,1,0.59000000,1920.0000
1628090936658000,1,0.48000000,1920.0000
1628090937218000,1,0.44452058,1920.0000
1628090937248000,1,9.46000000,1920.0000
1628090938021000,1,0.70323937,1920.0000
1628090938503000,1,0.31777174,1920.0000
1628090938507000,1,1.12503156,1920.0000
1628090938577000,1,10.80667954,1920.0000
1628090983688000,0,0.01283800,1923.0000
1628090983723000,0,0.00026200,1923.0000
1628091007618000,0,0.01283800,1924.0000
1628091010096000,0,0.00026200,1924.0000
1628091280549000,1,1.00000000,1913.8300
1628091280721000,1,0.02407208,1912.3500
1628091280721000,1,0.17592792,1912.2600
1628091284106000,1,0.02423457,1911.3600
1628091284106000,1,0.02557077,1911.0700
1628091284106000,1,2.00000000,1910.4100
1628091284106000,1,0.02472747,1909.8000
1628091284106000,1,2.42696442,1909.1600
1628091301518000,1,1.47502165,1911.4300
1628091301523000,1,0.10888381,1911.4300
1628091390824000,0,1.12505191,1918.1100
1628091403752000,0,1.12143531,1921.8900
1628091403752000,0,0.13505539,1921.8900
1628091403752000,0,1.36350930,1921.8900
1628091406564000,0,0.00110681,1921.8900
1628091603822000,0,0.69000000,1915.8300
1628091668562000,1,0.11147855,1912.4500
1628091668568000,1,0.00000001,1912.4500
1628091668835000,1,0.27886243,1911.8600
1628091668835000,1,0.11150185,1911.4800
1628091745795000,0,0.40000000,1912.5600
1628091745846000,0,0.72849526,1912.5600
1628091745846000,0,1.12831380,1912.8600
1628091867041000,1,0.09386872,1914.9000
1628091867041000,1,1.03193128,1914.8600
1628091885589000,0,1.22000000,1916.5600
1628091983221000,1,1.45930000,1919.0900
1628091983319000,1,0.44000000,1919.0900
1628091983470000,1,1.81000000,1919.0900
1628092237534000,1,0.82000000,1915.6200
1628092237899000,1,3.33000000,1915.6200
1628092536196000,1,0.02000000,1923.6000
1628092536228000,1,0.00503400,1923.6000
1628092816250000,0,0.10000000,1925.8600
1628092988850000,0,0.44121968,1930.2900
1628093013411000,0,0.99999999,1934.0000
1628093013418000,0,0.00000001,1934.0000
1628093030340000,1,0.10684475,1931.6800
1628093098580000,0,0.02570038,1925.3400
1628093098580000,0,0.02479207,1925.4700
1628093098582000,0,0.00000001,1925.4700
1628093112969000,1,0.02446529,1923.0300
1628093177607000,0,0.02552871,1920.9200
1628093177610000,0,0.00000001,1920.9200
1628093304340000,0,0.05400627,1921.5200
1628093304340000,0,1.06980704,1921.5200
1628093304693000,0,0.06250000,1922.4900
1628093562988000,0,0.02457235,1940.9200
1628093587752000,0,0.06250000,1951.5200
1628093588435000,0,0.06250000,1955.8400
1628093589135000,0,0.05000000,1955.8700
1628093592482000,1,6.10000000,1955.8600
1628093594316000,0,0.00018010,1955.8700
1628093599625000,1,0.06250000,1955.4700
1628093599949000,1,0.06250000,1955.4700
1628093600693000,1,4.17500000,1955.4700
1628093630587000,0,0.06250000,1952.6600
1628093659570000,1,0.02449882,1956.2200
1628093659570000,1,0.02537202,1956.1100
1628093659622000,1,0.00000001,1956.1100
1628093659630000,1,0.02404660,1956.3600
1628093687089000,0,0.02402736,1953.4000
1628093764597000,1,5.86100000,1953.2300
1628093764645000,1,0.53900000,1953.2300
1628093862710000,1,0.72000000,1949.7700
1628093862766000,1,1.45525760,1949.7700
1628093862768000,1,1.45525759,1949.7700
1628093862788000,1,0.06250000,1949.7700
1628093862788000,1,0.95413559,1949.7700
1628093862793000,1,1.05284922,1949.7700
1628093865019000,0,0.06249999,1948.7600
1628093865027000,0,0.00000001,1948.7600
1628093958329000,1,3.93509396,1942.2900
1628093958553000,1,0.08030804,1942.2900
1628094066236000,1,0.02000000,1948.3100
1628094066237000,1,0.00415417,1948.3100
1628094084239000,1,0.02419583,1949.0900
1628094667245000,0,0.07427086,1946.9300
1628094667245000,0,1.03461748,1946.9300
1628094681767000,0,0.13082596,1948.3900
1628094793563000,0,0.05000000,1941.7000
1628094882762000,1,2.00000000,1943.1000
1628094882762000,1,0.02443183,1943.0700
1628094882828000,0,0.06250000,1943.0000
1628094882982000,0,1.45973594,1943.0000
1628094882983000,0,0.69604010,1943.0000
1628094883013000,0,0.00000001,1943.0000
1628094924812000,0,0.10000000,1946.8900
1628094969647000,0,1.00000000,1946.5900
1628095006783000,0,2.55367463,1948.2200
1628095249131000,1,1.85000000,1945.8900
1628095255531000,1,0.35000000,1945.8900
1628095255531000,1,0.65000000,1945.6100
1628095316076000,0,1.10656838,1951.4300
1628095316076000,0,0.02457992,1951.4500
1628095316076000,0,0.32525642,1951.7300
1628095316082000,0,0.02474358,1951.7300
1628095316082000,0,0.02450587,1951.9000
1628095316082000,0,1.10635484,1951.9600
1628095316085000,0,1.10730342,1952.0100
1628095341955000,0,0.02518727,1953.9200
1628095341955000,0,1.10557206,1954.0700
1628095402950000,0,1.98359129,1953.9100
1628095408732000,0,1.10539488,1953.7200
1628095408732000,0,1.06116927,1953.8000
1628095759015000,0,0.01845663,1952.0900
1628095759212000,0,0.00037667,1952.0900
1628096424897000,1,0.05100367,1948.0800
1628096495983000,1,0.11566544,1941.7300
1628096496269000,1,0.11573930,1940.4000
1628096496272000,1,0.28919038,1940.0800
1628096505517000,1,0.10548339,1937.3400
1628096505519000,1,0.26370847,1936.9700
1628096505601000,1,0.02455537,1935.9700
1628096514398000,1,0.09743116,1931.9900
1628096634483000,1,0.25069152,1936.2300
1628096637148000,1,0.65000000,1935.1200
1628096637184000,1,0.00166759,1935.1200
1628096840723000,1,0.02470201,1944.4600
1628096894966000,0,1.11013342,1946.0600
1628096894966000,0,0.00149966,1946.1000
1628096953840000,1,1.11212853,1939.9800
1628096953840000,1,0.34834280,1939.7800
1628096953843000,1,0.76385394,1939.7800
1628096953843000,1,0.02547029,1939.5200
1628096953843000,1,0.67114710,1939.4900
1628096953849000,1,0.44108642,1939.4900
1628096953854000,1,0.08357791,1939.1000
1628096953854000,1,0.02581986,1939.0900
1628096953854000,1,0.76095015,1939.0100
1628096953855000,1,0.35103964,1939.0100
1628096953855000,1,0.20892108,1938.4600
1628096953855000,1,0.90051061,1938.4500
1628096953857000,1,1.46047133,1938.4500
1628096954470000,1,0.06250000,1938.4500
1628096954471000,1,0.06250000,1938.4500
1628096955232000,1,1.45000000,1938.4500
1628096955826000,1,0.00165524,1938.4500
1628096955884000,1,3.16000000,1937.0900
1628096956539000,1,0.84000000,1937.0900
1628097306303000,0,1.11303836,1940.4500
1628097483698000,0,1.11086256,1943.7900
1628097483698000,0,1.06641532,1944.0100
1628097497377000,1,0.02000000,1942.5200
1628097497401000,1,0.00464060,1942.5200
1628097599729000,1,0.02540649,1933.3900
1628097599729000,1,0.50000000,1933.1500
1628097599729000,1,1.48131068,1933.0600
1628097694615000,0,0.02583554,1938.7800
1628097694615000,0,0.02442767,1939.1800
1628097694615000,0,0.61604117,1939.3900
1628097787932000,1,0.02000000,1939.7300
1628097897627000,0,1.11281182,1933.9500
1628097897638000,0,0.88718818,1933.9500
1628097897638000,0,0.22644888,1934.0400
1628097897639000,0,0.21413641,1934.0400
1628097897639000,0,0.50000000,1934.0500
1628097897639000,0,0.39893053,1934.5300
1628097897651000,0,1.11370864,1934.5300
1628097897713000,1,0.06250000,1934.5200
1628097897748000,1,1.05239948,1934.5200
1628097899740000,1,0.02000000,1931.5800
1628097902037000,0,1.11750000,1932.9100
1628097905835000,0,0.00002761,1932.9100
1628097909640000,1,0.02000000,1933.2100
1628097910404000,1,0.02000000,1932.9000
1628098029452000,0,1.11490000,1936.2100
1628098118675000,1,0.02570057,1935.0800
1628098118675000,1,0.11330133,1934.7900
1628098634570000,1,0.02464493,1936.9700
1628098634570000,1,0.02565977,1936.4900
1628098634570000,1,0.02511061,1936.0800
1628098634570000,1,1.92458469,1936.0800
1628098668139000,0,2.00000000,1937.2100
1628098668139000,0,0.02425339,1937.3300
1628098668139000,0,1.11436069,1937.4300
1628098668139000,0,1.11436069,1937.7200
1628098668139000,0,0.02456025,1937.7600
1628098668139000,0,1.11415976,1937.9200
1628098668139000,0,0.02434929,1938.1900
1628098871285000,1,0.02700396,1933.2900
1628099251864000,0,0.02434777,1941.0400
1628099274374000,0,1.08843995,1941.0400
1628099274383000,0,1.11256005,1941.2000
1628099274394000,0,0.00013939,1941.2000
1628099274394000,0,1.11226061,1941.2600
1628099274394000,0,0.00034909,1941.2600
1628099536345000,1,0.09000000,1930.5400
1628099780706000,1,0.49999999,1920.0900
1628099780715000,1,0.15005253,1920.0900
1628100079826000,1,0.02509645,1923.6300
1628100079826000,1,0.09258670,1923.2100
1628100079826000,1,0.02413847,1923.2000
1628100079826000,1,0.38113972,1923.2000
1628100484353000,1,0.02500314,1934.4100
1628100484356000,1,0.00000001,1934.4100
1628100643428000,1,0.03000000,1934.8100
1628100644307000,1,1.12000000,1934.8100
1628100798635000,1,0.74000000,1934.8100
1628100799503000,1,2.48000000,1934.8100
1628100822462000,1,0.00274461,1934.8100
1628100867111000,1,0.50000000,1931.1400
1628100867111000,1,0.50000000,1931.0400
1628102023778000,1,0.50000000,1933.3700
1628102023778000,1,1.11652821,1933.2700
1628102023778000,1,2.00000000,1933.2700
1628102023778000,1,1.11617208,1933.1700
1628102023778000,1,0.02572060,1933.1000
1628102023778000,1,0.09289820,1932.7700
1628102023778000,1,0.17667644,1932.7600
1628102079543000,1,0.02894396,1933.7100
1628102100378000,0,0.02476066,1936.1000
1628102149958000,0,0.02890874,1937.1300
1628102224492000,0,0.50000000,1938.2800
1628102224492000,0,0.02484142,1938.4700
1628102224492000,0,0.58945858,1938.6600
1628103203717000,0,1.11160050,1943.8600
1628103203717000,0,2.00000000,1943.8600
1628103203717000,0,0.02504716,1943.9500
1628103203717000,0,1.11146716,1944.0500
1628103203717000,0,1.11134312,1944.2500
1628103203717000,0,0.02505437,1944.3900
1628103203717000,0,1.11134312,1944.5400
1628103203717000,0,0.02495468,1944.8200
1628103203717000,0,1.11181747,1945.0200
1628103203717000,0,1.59896419,1945.3100
1628103761755000,0,0.02444588,1933.2500
1628103939313000,1,0.02531527,1931.1400
1628103939313000,1,1.44810464,1931.1400
1628103939313000,1,0.16023110,1931.1400
1628103939314000,1,0.39166426,1931.1400
1628103939314000,1,1.08175565,1931.0000
1628104115763000,1,1.10590000,1932.7400
1628104115899000,1,0.02000000,1932.3100
1628104136942000,1,1.11680000,1929.9700
1628104244120000,1,0.02582853,1934.5200
1628104244120000,1,2.00000000,1934.4600
1628104244120000,1,0.50000000,1934.3900
1628104244120000,1,1.11616272,1934.1500
1628104244120000,1,0.02415837,1934.0400
1628104244120000,1,4.31417886,1933.9700
1628104244120000,1,0.11618564,1933.6100
1628104244120000,1,0.02540888,1933.6000
1628104244120000,1,0.29046109,1933.3900
1628104244120000,1,1.11601759,1933.3800
1628104244120000,1,1.11583704,1933.2500
1628104244120000,1,0.75506543,1932.6400
1628104244120000,1,1.11643243,1932.6300
1628104244120000,1,3.70000000,1932.1500
1628104244120000,1,1.11633650,1932.1000
1628104244120000,1,1.11587696,1931.9000
1628104244120000,1,0.35000000,1931.4600
1628104244120000,1,1.05000000,1929.8000
1628104244120000,1,1.11638946,1929.6100
1628104244120000,1,3.64000000,1924.4600
1628104244120000,1,8.66000000,1923.9300
1628104244120000,1,0.24000000,1922.8600
1628104244120000,1,33.47245325,1922.8500
1628104244238000,0,0.02462841,1930.4400
1628104244238000,0,0.02596887,1933.5600
1628104244238000,0,0.02439615,1934.0500
1628104275162000,0,0.35000000,1935.5000
1628104290883000,0,0.67000000,1935.8500
1628104290911000,0,0.44100000,1935.8500
1628104290924000,0,2.52900000,1935.8500
1628104290924000,0,0.35000000,1935.8600
1628104302280000,0,1.79000000,1936.4000
1628104302340000,0,1.85000000,1936.4000
1628104302340000,0,0.35000000,1936.4100
1628104302427000,1,2.00000000,1935.7400
1628104302427000,1,0.02559947,1935.7000
1628104302427000,1,1.11533722,1935.4200
1628104302427000,1,0.49906331,1935.2000
1628104333117000,0,3.64000000,1937.2200
1628104333117000,0,0.35000000,1937.2300
1628104334989000,0,0.06250000,1938.3200
1628104335151000,0,0.28750000,1938.3200
1628104435209000,0,0.35000000,1937.7500
1628104435646000,0,1.05000000,1938.0600
1628104439236000,0,0.09000000,1938.6000
1628104440315000,0,0.04998000,1938.6000
1628104441662000,0,0.35000000,1938.8500
1628104499683000,0,0.35000000,1938.9500
1628104509040000,0,0.35000000,1939.2600
1628104510007000,0,0.70000000,1939.7600
1628104510375000,0,0.35000000,1939.7600
1628104514160000,0,0.35000000,1940.2300
1628104517704000,0,0.35000000,1941.0100
1628104519133000,0,0.18000000,1941.2000
1628104524732000,0,0.35000000,1940.9700
1628104543154000,0,0.00100000,1941.2000
1628104543154000,0,0.34900000,1941.4100
1628104548506000,0,0.35000000,1942.2300
1628104552488000,0,0.35000000,1942.6700
1628104565873000,0,0.34300000,1943.4400
1628104588413000,0,0.35000000,1942.8800
1628104595323000,0,0.35000000,1944.0700
1628104741081000,0,0.35000000,1940.5400
1628104768953000,0,0.35000000,1940.5100
1628104794420000,0,0.34300000,1940.7800
1628104799636000,0,0.35000000,1940.8400
1628104835804000,0,0.35000000,1939.3700
1628104845641000,0,0.35000000,1939.8700
1628104951885000,0,0.05000541,1939.3900
1628105003899000,0,0.19000000,1938.6500
1628105003932000,0,0.16000000,1938.6500
1628105117881000,0,0.35000000,1937.1700
1628105124139000,0,0.35000000,1938.2000
1628105161139000,0,0.08346405,1938.5100
1628105161350000,0,0.01486405,1938.5100
1628105171855000,0,0.02439012,1939.5800
1628105201931000,0,0.35000000,1939.3900
1628105204141000,0,0.35000000,1939.5400
1628105207601000,0,0.35000000,1939.7700
1628105258151000,1,0.70872252,1938.0600
1628105258152000,1,0.40521380,1938.0600
1628105258238000,1,1.11370000,1937.8600
1628105258428000,1,0.06250000,1937.7000
1628105258435000,1,0.04436380,1937.7000
1628105259760000,0,0.01777348,1937.5800
1628105260233000,0,0.00036272,1937.5800
1628105288970000,0,0.69371652,1937.7800
1628105345682000,0,0.20000000,1938.0300
1628105362479000,0,0.35000000,1938.4800
1628105405033000,0,0.35000000,1938.9300
1628105410486000,0,0.35000000,1939.8500
1628105432462000,0,0.35000000,1939.1900
1628105446775000,1,1.11000000,1938.7400
1628105556453000,0,0.35000000,1935.3700
1628105602584000,0,0.35000000,1934.6600
1628105692808000,0,0.35000000,1935.3900
1628105764838000,0,1.00000000,1933.6600
1628105963548000,0,0.35000000,1935.2400
1628106126517000,0,0.35000000,1938.1000
1628106300161000,0,0.35000000,1938.7500
1628106895508000,0,0.06250000,1941.8900
1628106915738000,0,0.34999999,1942.4100
1628106915738000,0,0.00000001,1942.4100
1628107027026000,1,1.11210000,1941.3300
1628107027100000,1,1.11190000,1941.0900
1628107465068000,0,0.08524231,1943.4100
1628107465071000,0,0.26475769,1943.4100
1628107576308000,0,0.35000000,1945.4100
1628107576308000,0,1.11110613,1945.4200
1628107576308000,0,0.57389387,1945.6400
1628107747200000,0,0.24000000,1949.9800
1628107802102000,0,0.02477684,1954.1600
1628107802102000,0,0.63191584,1954.3300
1628107840466000,1,0.06138719,1950.7200
1628107958090000,1,0.60000000,1944.4800
1628107958090000,1,0.02474312,1944.4400
1628107958090000,1,0.93959663,1944.3900
1628108339426000,0,0.02655631,1946.4300
1628108416707000,0,0.35000000,1947.2100
1628108627368000,1,1.07045490,1949.5900
1628108659913000,0,0.35000000,1952.8600
1628108806409000,0,0.40447462,1958.0000
1628108806423000,0,0.03110367,1958.0000
1628108806423000,0,1.43367862,1958.0300
1628108806425000,0,0.93328310,1958.0300
1628108869174000,1,0.02523368,1958.2300
1628108869219000,1,0.54446825,1957.3600
1628108869221000,1,0.55861068,1957.3600
1628108869221000,1,0.10595150,1957.1100
1628108869221000,1,0.02386868,1957.1000
1628108869221000,1,0.26489767,1956.5900
1628108869221000,1,0.51007091,1956.5800
1628108869221000,1,0.59241980,1956.5800
1628108869224000,1,1.10226889,1956.2200
1628110080946000,0,0.35000000,1948.2700
1628110080946000,0,0.16071976,1948.2700
1628110152806000,1,1.72198747,1945.9000
1628110469808000,0,0.02420842,1946.3600
1628110469808000,0,0.48130998,1946.6700
1628110627655000,0,0.10973859,1951.0000
1628110936030000,0,0.05656928,1957.6700
1628110936031000,0,0.29343072,1957.6700
1628110960242000,1,1.65290000,1957.1700
1628110961023000,1,0.34709999,1957.1700
1628110961029000,1,0.00000001,1957.1700
1628110970248000,0,0.02509715,1958.2800
1628111558079000,0,2.00000000,1956.6800
1628111558079000,0,1.10446331,1956.7100
1628111558079000,0,2.00000000,1956.8300
1628111558079000,0,1.10434957,1956.9200
1628111558079000,0,0.35000000,1957.0400
1628111558079000,0,0.02587341,1957.1000
1628111558079000,0,0.95075019,1957.1300
1628111568071000,0,2.00000000,1957.7000
1628111568071000,0,0.35000000,1957.7200
1628111568071000,0,1.03521606,1957.7400
1628111578748000,0,0.34300000,1958.5300
1628111757963000,1,0.77670124,1956.1300
1628111758927000,1,0.20111719,1956.1300
1628111758941000,1,0.00000001,1956.1300
1628111822346000,0,1.10751850,1951.5300
1628112637202000,1,0.02406296,1952.9900
1628112637202000,1,4.35025591,1952.9000
1628112637202000,1,0.02530492,1952.5400
1628112637202000,1,0.60037621,1952.4500
1628112679939000,1,0.70000000,1952.3100
1628112679939000,1,2.30000000,1952.2100
1628112691589000,1,1.10592756,1952.1400
1628112691589000,1,0.70000000,1952.0500
1628112691589000,1,0.02583656,1951.9900
1628112691589000,1,0.16823588,1951.9500
1628112711617000,1,1.10640724,1951.3400
1628112711617000,1,0.80000000,1951.2300
1628112711617000,1,0.09359276,1951.1300
1628112724027000,1,0.60000000,1950.6300
1628112724027000,1,0.09165412,1950.5400
1628112724027000,1,1.10564961,1950.5300
1628112724027000,1,0.02591110,1950.3800
1628112724027000,1,0.17678517,1950.3400
1628112728677000,1,0.60000000,1950.6300
1628112728677000,1,1.10564961,1950.5300
1628112728677000,1,0.09067310,1950.3500
1628112728677000,1,0.20367729,1950.3400
1628112736469000,1,1.10707894,1950.0500
1628112736469000,1,0.08966727,1949.9300
1628112736469000,1,0.60000000,1949.9200
1628112736469000,1,1.20325379,1949.8100
1628112742204000,1,0.08867721,1949.6500
1628112742204000,1,0.60000000,1949.6400
1628112742204000,1,1.10618964,1949.5300
1628112742204000,1,0.20513315,1948.9900
1628113278630000,0,0.10190329,1952.9300
1628113430530000,1,0.50000000,1956.0900
1628113430530000,1,1.10367239,1955.9900
1628113430530000,1,1.10395796,1955.7600
1628113430530000,1,0.08511660,1955.5100
1628113430530000,1,0.20725305,1955.5000
1628113435838000,1,1.10374570,1953.8700
1628113435838000,1,1.10389312,1953.6000
1628113435838000,1,0.21045883,1953.4200
1628113435838000,1,0.02492885,1953.4100
1628113435838000,1,0.54734591,1953.0600
1628113435838000,1,1.00962759,1953.0500
1628113440343000,1,0.50000000,1952.4300
1628113440343000,1,3.50000000,1952.3300
1628113449792000,1,1.10613612,1950.9300
1628113449792000,1,0.50000000,1950.4700
1628113449792000,1,1.10430565,1950.3700
1628113449792000,1,1.10544540,1950.0500
1628113449792000,1,0.02487641,1949.9100
1628113449792000,1,0.15923642,1949.7400
1628113454140000,1,1.10613612,1950.9300
1628113454140000,1,1.10619898,1950.9200
1628113454140000,1,1.10609706,1950.9100
1628113454140000,1,0.68156784,1950.3700
1628113459539000,1,0.50000000,1952.5500
1628113459539000,1,1.10577881,1952.4500
1628113459539000,1,1.10577881,1952.1400
1628113459539000,1,1.10577881,1951.8400
1628113459539000,1,0.18266357,1951.4300
1628113462240000,0,0.02000000,1954.6600
1628113462243000,0,0.00559552,1954.6600
1628113462854000,1,0.07572631,1952.4600
1628113462854000,1,1.10577881,1952.4500
1628113462854000,1,1.10530603,1952.3400
1628113462854000,1,1.10577881,1952.1400
1628113462854000,1,0.60741004,1951.8400
1628113466210000,1,1.10483620,1953.6100
1628113466210000,1,1.10483620,1953.2200
1628113466210000,1,1.10483620,1952.8500
1628113466210000,1,0.68549140,1952.4600
1628113472046000,1,0.50000000,1954.1600
1628113472046000,1,1.20000000,1954.0700
1628113472046000,1,1.10442092,1954.0600
1628113472046000,1,0.07399380,1953.6300
1628113472046000,1,0.07399380,1953.6200
1628113472046000,1,1.04759148,1953.6100
1628113475625000,1,1.20000000,1954.0700
1628113475625000,1,0.80000000,1954.0600
1628113517664000,0,0.02470725,1954.8400
1628113664112000,0,4.34212333,1957.7900
1628113664112000,0,1.10379852,1957.9000
1628113664112000,0,0.07819133,1958.1100
1628113710246000,0,0.02000000,1956.8100
1628113870083000,0,0.59000000,1957.6500
1628113870102000,0,1.56000000,1957.6500
1628114506737000,0,0.23138355,1962.0000
1628114506739000,0,0.54968299,1962.0000
1628114506742000,0,2.21893346,1962.0000
1628114518242000,0,0.09999999,1967.0000
1628114518275000,0,0.00000001,1967.0000
1628114518275000,0,0.43344082,1968.6800
1628114518275000,0,0.02698471,1968.8900
1628114518275000,0,0.04627885,1969.8800
1628114520617000,0,0.02417206,1967.5800
1628114520617000,0,0.02562572,1967.8000
1628114520617000,0,0.02594110,1968.2500
1628114520617000,0,0.17767031,1968.5600
1628114765833000,1,0.80000000,1976.8800
1628114765833000,1,0.02415754,1976.8300
1628114765833000,1,0.62995301,1976.7800
1628114765833000,1,0.46187058,1976.7800
1628114895010000,0,0.25151156,1978.0800
1628114924134000,0,1.30000000,1978.4500
1628114930428000,0,0.05000000,1978.4500
1628114930436000,0,0.03000000,1978.4500
1628114930494000,0,0.01786540,1978.4500
1628114930796000,0,0.89000000,1978.4500
1628114930809000,0,0.21354378,1978.4500
1628114963453000,0,4.11777227,1979.5900
1628114978511000,0,0.87417820,1979.5000
1628115001389000,0,5.54000000,1980.0000
1628115001454000,0,0.00834271,1980.0000
1628115009147000,0,2.00000000,1980.2000
1628115009147000,0,1.09170349,1980.3000
1628115009147000,0,0.35000000,1980.4700
1628115009147000,0,1.00069763,1980.6900
1628115015851000,0,0.43184803,1980.2800
1628115026252000,0,1.09115319,1981.0600
1628115049930000,0,1.09130833,1981.0300
1628115049930000,0,4.31926347,1981.2500
1628115049930000,0,1.09146872,1981.2600
1628115049930000,0,0.21295919,1981.2900
1628115057946000,0,1.09130833,1981.0300
1628115057946000,0,1.09146872,1981.2600
1628115057946000,0,1.09130833,1981.4300
1628115057946000,0,0.02582639,1981.8100
1628115057946000,0,0.35000000,1981.8400
1628115057946000,0,0.99637711,1981.8800
1628115068181000,0,0.28779472,1978.9800
1628115081432000,0,1.09241154,1979.1300
1628115081432000,0,1.04871508,1979.5000
1628115099580000,0,1.09356686,1977.0000
1628115099580000,0,1.04951282,1977.3400
1628115131965000,1,0.02517568,1970.7600
1628115131965000,1,0.02593851,1970.0800
1628115131965000,1,0.06574743,1969.7900
1628115131965000,1,0.13654757,1969.7800
1628115151701000,0,0.02579184,1976.4700
1628115151701000,0,1.09373479,1976.6200
1628115151701000,0,0.00245009,1976.9300
1628115156224000,0,1.09374956,1976.2900
1628115156224000,0,1.09373479,1976.6200
1628115156224000,0,0.32168984,1976.7100
1628115158074000,0,0.25239083,1976.3000
1628115189477000,0,1.09000000,1975.5800
1628115216052000,0,1.09000000,1975.4600
1628115231269000,0,1.07223339,1977.8400
1628115233621000,0,0.02144466,1977.8400
1628115236209000,0,0.00043765,1977.8400
1628115236209000,0,1.07222463,1977.8400
1628115279306000,0,1.09274585,1978.2900
1628115279306000,0,1.09274585,1978.4000
1628115279306000,0,1.09274585,1978.7300
1628115279306000,0,1.00532618,1979.1700
1628115332445000,0,1.09396443,1975.8900
1628115332633000,0,1.09396443,1975.8900
1628115354447000,0,1.09387578,1976.4300
1628115354447000,0,1.05239010,1976.6200
1628115412381000,0,1.09548397,1973.0500
1628115412381000,0,1.05271933,1973.2900
1628115413557000,0,0.04276464,1973.2900
1628115413557000,0,1.09548397,1973.5900
1628115415646000,0,1.07357429,1973.2900
1628115415844000,0,0.02000000,1973.2900
1628115415910000,0,1.09540000,1973.5900
1628115418239000,0,1.09535549,1975.4200
1628115418239000,0,1.05141987,1975.4200
1628115419405000,0,1.96000000,1975.0700
1628115420687000,0,1.07262245,1975.0900
1628115421803000,0,0.02145245,1975.0900
1628115424824000,0,0.00043780,1975.0900
1628115424824000,0,1.09535549,1975.4200
1628115424824000,0,1.09523161,1975.7000
1628115424824000,0,0.32273890,1975.7000
1628115437767000,0,0.25176102,1976.1200
1628115442544000,0,0.84257907,1976.1200
1628115442544000,0,1.94314842,1976.1200
1628115459753000,0,1.09000000,1975.0200
1628115474497000,0,0.00451849,1975.0200
1628115474497000,0,1.09457810,1975.2100
1628115474497000,0,1.09435292,1975.3300
1628115474497000,0,1.09424713,1975.6400
1628115474497000,0,1.09407268,1975.9600
1628115474497000,0,2.00000000,1975.9600
1628115474497000,0,0.02400647,1976.0200
1628115474497000,0,0.23954922,1976.2000
1628115474994000,0,1.09000000,1975.0200
1628115475001000,0,0.00451849,1975.0200
1628115481948000,0,1.09424700,1976.0300
1628115481948000,0,1.05037184,1976.0700
1628115489021000,0,1.07236206,1976.0300
1628115500610000,0,1.09362133,1976.6800
1628115502484000,0,1.07174890,1976.6800
1628115510952000,0,1.07188089,1976.4400
1628115525727000,0,1.09454486,1975.2300
1628115525727000,0,1.09499398,1975.2600
1628115530793000,0,1.09454486,1975.2300
1628115530793000,0,1.09499398,1975.2600
1628115530793000,0,1.09463565,1975.4200
1628115530793000,0,1.00663123,1975.8200
1628115540558000,0,1.09454486,1975.2300
1628115540558000,0,1.09499468,1975.2500
1628115540558000,0,1.02930331,1975.2600
1628115546509000,0,1.09454486,1975.2300
1628115546509000,0,1.09499468,1975.2500
1628115546509000,0,0.06569067,1975.2600
1628115546509000,0,1.02763833,1975.4200
1628115555957000,0,1.09454486,1975.2300
1628115555957000,0,1.09499468,1975.2500
1628115555957000,0,1.09496068,1975.2600
1628115562203000,0,1.09490588,1974.5300
1628115562203000,0,1.09490588,1974.7600
1628115562203000,0,1.09454486,1975.2300
1628115562203000,0,1.00744029,1975.2500
1628115621804000,0,1.09000000,1974.5300
1628115654484000,0,0.00003330,1975.2600
1628115963288000,0,1.09073109,1982.1300
1628115989026000,0,1.09026880,1983.6700
1628115989028000,0,0.00000001,1983.6700
1628115989028000,0,0.35000000,1983.7600
1628116131313000,1,0.42000000,1983.7600
1628116132046000,1,1.27000000,1983.7600
1628116132074000,1,2.62623785,1983.7600
1628116137446000,0,1.09020000,1983.5600
1628116137522000,0,0.00002437,1983.5600
1628116137532000,0,1.09001496,1983.9200
1628116182837000,0,1.08860000,1986.3200
1628116221400000,0,0.42851874,1990.8700
1628116221400000,0,0.65888126,1990.9000
1628116271772000,0,1.08540000,1992.9300
1628116278677000,0,0.00003666,1992.9300
1628116278677000,0,1.08466334,1993.1700
1628116283767000,0,0.00013254,1993.1700
1628116284953000,0,1.00000000,1995.0000
1628116285810000,0,4.22480000,1996.9600
1628116286333000,0,0.27886002,1996.9600
1628116286338000,0,0.33654482,1996.9600
1628116322312000,1,0.02433961,1990.3400
1628116322312000,1,0.02401726,1989.9400
1628116322312000,1,0.02569207,1989.5100
1628116322312000,1,0.32595106,1989.3500
1628116395177000,1,1.08646285,1987.9200
1628116395177000,1,0.46353715,1987.9200
1628117150208000,0,0.43000000,1979.0200
1628117154152000,0,0.00091078,1979.0200
1628117395990000,1,0.02459816,1964.4300
1628117395990000,1,0.02427807,1964.1900
1628117395990000,1,0.05117468,1963.4500
1628117395990000,1,0.02626685,1963.4400
1628117395990000,1,0.12607307,1962.4500
1628117396254000,1,2.00000000,1963.5400
1628117396254000,1,0.02416958,1962.6200
1628117396254000,1,0.00207849,1962.4500
1628117396254000,1,0.12801345,1961.3400
1628117396254000,1,3.36985166,1960.8400
1628117396292000,1,0.28779472,1960.8400
1628117399388000,1,1.45498302,1958.0800
1628117399391000,1,0.54501698,1958.0800
1628117399391000,1,0.62766000,1957.9900
1628117399391000,1,0.28230604,1957.8200
1628117399395000,1,1.45498302,1957.8200
1628117399396000,1,0.26271094,1957.8200
1628117399396000,1,1.09808977,1957.7300
1628117399414000,1,1.10062641,1958.9400
1628117401266000,1,0.06250000,1957.8300
1628117401280000,1,0.06250000,1957.8300
1628117401296000,1,0.06250000,1957.8300
1628117418546000,0,0.23999999,1954.6300
1628117418549000,0,0.00000001,1954.6300
1628117421652000,0,0.44089186,1955.7100
1628117422094000,0,1.12426290,1955.7100
1628117435159000,1,0.02474200,1956.7000
1628117435159000,1,0.02579557,1956.2800
1628117435159000,1,0.04798066,1955.7300
1628117435159000,1,0.02543936,1955.7200
1628117435159000,1,0.11985982,1955.3300
1628117435159000,1,1.77618259,1955.3100
1628117515288000,1,6.70000000,1963.2900
1628117534330000,1,0.06250000,1957.0300
1628117534501000,1,0.09516530,1957.0300
1628117534512000,1,0.00000001,1957.0300
1628117671962000,1,0.02568568,1954.4200
1628117671962000,1,0.02579699,1953.9600
1628117671962000,1,0.02498991,1953.5300
1628117671962000,1,0.02476087,1953.4900
1628117672010000,1,0.50000000,1953.6300
1628117672010000,1,0.04742970,1953.0500
1628117672010000,1,0.91234144,1953.0400
1628117672015000,1,0.19290326,1953.0400
1628117804713000,0,0.12719298,1960.8000
1628117902191000,0,0.02453879,1964.9500
1628117902191000,0,0.02587401,1965.3700
1628117902191000,0,0.43394287,1965.7700
1628117902191000,0,0.97144835,1965.7800
1628117902194000,0,0.76614392,1965.7800
1628118355505000,0,0.46911177,1952.1500
1628118355522000,0,0.83088823,1952.1500
1628118419833000,0,0.46706320,1955.3800
1628118419921000,0,0.13293680,1955.3800
1628119391241000,0,0.04554053,1966.3800
1628120445615000,1,0.09729593,1964.1900
1628120445615000,1,0.09731969,1964.1900
