timestamp ms,type,amount,price
1627948894224000,1,1.50412768,1869.9800
1627948894227000,1,1.50412769,1869.9800
1627948894231000,1,0.55870685,1869.9800
1627948957869000,0,0.02531875,1870.7800
1627948957869000,0,0.04484377,1870.8100
1627949132271000,1,0.01659551,1865.4900
1627949132274000,1,0.00000001,1865.4900
1627949143501000,1,0.02449642,1866.3400
1627949196810000,0,0.02406255,1866.8800
1627949196810000,0,0.04623795,1867.0400
1627949540028000,1,0.02449321,1866.9800
1627949573273000,0,1.15720000,1866.4800
1627950174526000,0,0.10883106,1869.0400
1627950178418000,0,0.03163195,1869.0400
1627950178418000,0,0.00000001,1869.0400
1627950503685000,0,1.14720000,1881.9000
1627950669588000,0,1.14270000,1889.3300
1627950669654000,0,1.02810000,1889.6300
1627951146310000,0,1.14183941,1891.4300
1627951146451000,0,1.14170000,1891.9400
1627952194592000,1,0.10749418,1874.5300
1627952719209000,0,0.02443287,1871.8300
1627952719209000,0,0.14828813,1871.8300
1627952810816000,0,1.22989494,1868.2000
1627952810860000,0,0.67010506,1868.2000
1627953810485000,1,0.02504002,1861.3200
1627954033122000,1,0.04685544,1856.3300
1627954033293000,1,0.11712599,1855.8300
1627954033298000,1,0.00000001,1855.8300
1627954033298000,1,0.04685544,1855.8300
1627954360933000,1,0.02595807,1864.0100
1627954360933000,1,0.02485334,1863.6200
1627954360933000,1,0.12719151,1863.6200
1627954913127000,1,0.96521028,1859.2900
1627954913134000,1,0.19541440,1859.2900
1627954913371000,1,0.04798546,1858.7300
1627955037602000,1,1.16334454,1854.9000
1627955037605000,1,0.00000001,1854.9000
1627955037754000,1,0.04754965,1854.6500
1627955037754000,1,0.01495035,1854.4100
1627955037755000,1,0.10391226,1854.4100
1627955038441000,1,0.04754248,1854.1700
1627955038441000,1,0.04754248,1854.1200
1627955038441000,1,0.11885620,1854.1200
1627955038446000,1,0.06716474,1851.7900
1627955038446000,1,0.35000000,1850.3600
1627955038446000,1,0.10000000,1850.0000
1627955038446000,1,0.36071750,1849.8700
1627955044318000,1,0.04099163,1848.6700
1627955044328000,1,0.00000001,1848.6700
1627955049113000,0,0.02569177,1848.9300
1627955049113000,0,0.02583839,1849.3500
1627955049113000,0,1.50714392,1849.5500
1627955214552000,1,0.02445393,1845.3300
1627955214589000,1,0.02447385,1844.9200
1627955218128000,1,0.02539058,1844.3700
1627955218128000,1,1.47267783,1844.1300
1627955218129000,1,0.76717484,1844.1300
1627955218173000,1,0.07446907,1843.9600
1627955218173000,1,0.02426838,1843.9400
1627955227288000,1,0.07272087,1844.9100
1627955227288000,1,0.07275396,1844.4200
1627955419956000,1,0.39983935,1838.5900
1627955419960000,1,0.00000001,1838.5900
1627955420142000,1,0.06000000,1838.2700
1627955420146000,1,0.00153204,1838.2700
1627955603761000,0,0.06960300,1845.6400
1627955603761000,0,0.20065446,1845.6500
1627955964381000,1,0.05648938,1834.0000
1627955964581000,1,0.14122498,1833.7100
1627955964582000,1,0.00000001,1833.7100
1627956031363000,1,2.00000000,1830.0000
1627956031363000,1,0.10545355,1830.0000
1627956049606000,0,0.02539688,1830.8700
1627956049606000,0,0.50000000,1831.2100
1627956049606000,0,0.46646750,1831.3100
1627956049606000,0,0.02384674,1831.3200
1627956105923000,0,0.19135108,1839.9400
1627956204920000,1,2.30000000,1840.1400
1627956507866000,1,0.80510275,1841.8000
1627956507879000,1,1.49489725,1841.8000
1627956507879000,1,0.02532613,1841.7100
1627957499824000,1,0.35000000,1843.7900
1627957499824000,1,0.05757653,1843.6900
1627957499824000,1,0.76252347,1843.4600
1627958537000000,0,0.81049677,1846.0900
1627959503408000,1,1.17050000,1843.8100
1627959510102000,1,1.17014649,1844.3900
1627959521092000,1,2.16050000,1842.0000
1627959544107000,1,0.12000000,1842.0000
1627959544116000,1,6.55000000,1842.0000
1627959544132000,1,0.84000000,1842.0000
1627959544544000,1,0.71000000,1842.0000
1627959544557000,1,0.63000000,1842.0000
1627959544814000,1,0.42000000,1842.0000
1627959546108000,1,0.27000000,1842.0000
1627959546212000,1,0.87000000,1842.0000
1627959546978000,1,0.65000000,1842.0000
1627959547461000,1,2.08000000,1842.0000
1627959547481000,1,0.06250000,1842.0000
1627959547992000,1,19.54716791,1842.0000
1627959548122000,1,2.08983209,1842.0000
1627961071585000,0,0.02593630,1834.8000
1627961795437000,1,0.07000000,1827.9900
1627961990366000,1,0.02587604,1821.9600
1627961990366000,1,2.34132396,1821.7700
1627961990368000,1,1.18210000,1821.7700
1627961990370000,1,0.73875996,1821.7700
1627961990373000,1,0.07074245,1821.7600
1627961990373000,1,0.07072694,1821.7600
1627961990373000,1,1.04193061,1821.7500
1627962059405000,1,0.06843878,1821.1900
1627962059405000,1,0.17109318,1820.8400
1627962059405000,1,0.44334760,1820.8300
1627962442919000,1,0.02402197,1821.2100
1627962442919000,1,0.02416757,1820.8100
1627962442919000,1,0.96066367,1820.7200
1627962819756000,0,1.08570109,1818.3200
1627962819756000,0,1.52793682,1818.3200
1627962819872000,0,1.28406204,1818.3200
1627962819919000,0,1.07593903,1818.3200
1627962819921000,0,0.92636102,1818.3200
1627962888476000,0,0.06250000,1820.8700
1627962888549000,0,0.16135261,1820.8700
1627962928283000,0,0.09353070,1822.2300
1627963369549000,1,0.06250000,1819.0300
1627963383861000,1,0.00442898,1819.0300
1627963650538000,1,0.06379055,1812.5200
1627963650542000,1,0.00000001,1812.5200
1627963734069000,1,0.60000000,1817.0000
1627963894477000,0,0.17547100,1822.9900
1627963906288000,1,0.14227500,1823.3300
1627963917581000,0,0.02840797,1824.6900
1627963917728000,0,0.06250000,1824.6900
1627963917734000,0,0.14621803,1824.6900
1627963957560000,1,0.06267539,1824.4100
1627963957560000,1,0.03088761,1824.4000
1627964256951000,0,0.50000000,1826.5800
1627965267645000,0,0.09468358,1828.3000
1627965600359000,1,0.04296849,1817.9500
1627965600359000,1,1.18592715,1817.9400
1627965600359000,1,1.18614161,1817.5400
1627965600359000,1,1.18629968,1817.3000
1627965601534000,0,0.02549692,1817.6700
1627965616095000,0,0.02561775,1816.9300
1627965616095000,0,0.50000000,1817.1700
1627965648975000,1,1.18754398,1815.6300
1627965653691000,1,0.02497609,1814.5300
1627965720783000,1,0.60000000,1818.1200
1627966333814000,1,0.50000000,1814.9000
1627966437981000,1,0.02506614,1816.6300
1627966437983000,1,0.00000001,1816.6300
1627966437983000,1,0.04223190,1816.5700
1627966437983000,1,1.18733684,1816.5600
1627966543113000,1,0.03719020,1810.3200
1627966543183000,1,0.09297550,1810.2000
1627966543294000,1,4.50149723,1810.0000
1627966543294000,1,0.24173097,1809.8900
1627966544120000,1,0.06250000,1809.2800
1627966545303000,1,4.93000000,1809.2800
1627966580580000,1,0.02516429,1807.7200
1627966583906000,1,0.00000001,1807.7200
1627966616216000,0,2.70000000,1805.9600
1627966630973000,1,1.01630698,1800.2800
1627966630974000,1,1.28369302,1800.2800
1627966630993000,1,0.08108319,1800.1900
1627966630993000,1,0.03243651,1800.1900
1627966655121000,1,0.67740500,1800.0000
1627966655159000,1,1.08961496,1800.0000
1627966655160000,1,0.21209518,1800.0000
1627966655221000,1,1.87830000,1800.0000
1627966655272000,1,1.53240437,1800.0000
1627966655273000,1,0.15852320,1800.0000
1627966655273000,1,0.10000000,1800.0000
1627966655273000,1,0.03215626,1800.0000
1627966655294000,1,18.27917151,1800.0000
1627966655294000,1,0.10000000,1800.0000
1627966655792000,1,0.63152142,1798.0900
1627966659111000,1,0.03606312,1794.3500
1627966659111000,1,0.02589532,1794.3400
1627966659111000,1,0.09015779,1793.9000
1627966659111000,1,0.02471718,1793.8900
1627966659111000,1,0.23441025,1793.6100
1627966659111000,1,4.52883377,1793.5200
1627966659111000,1,0.19992257,1793.4500
1627966660455000,1,0.06250000,1793.9200
1627966664311000,1,0.02573144,1784.6100
1627966664311000,1,0.02481125,1783.9300
1627966664311000,1,0.62551731,1783.7200
1627966671980000,0,0.04872625,1789.0800
1627966784744000,0,0.02952376,1792.0000
1627966784774000,0,0.00000001,1792.0000
1627966810488000,0,0.02954980,1790.5700
1627966833377000,1,0.02924124,1789.6100
1627966835115000,1,0.02924124,1788.1100
1627967001882000,1,0.02469977,1772.4200
1627967001882000,1,0.02452826,1772.0500
1627967001882000,1,0.02149652,1771.5500
1627967001882000,1,0.05380249,1771.5500
1627967001882000,1,0.27547296,1771.5400
1627967002557000,1,0.06250000,1772.6100
1627967002557000,1,1.21645499,1772.0800
1627967002557000,1,4.23010246,1771.5400
1627967002557000,1,1.21602572,1771.5300
1627967002557000,1,1.21654330,1770.9600
1627967002557000,1,0.02150475,1770.8000
1627967002557000,1,0.05380249,1770.8000
1627967002557000,1,1.21651810,1770.7900
1627967002557000,1,1.21700582,1770.0400
1627967002557000,1,0.10902824,1770.0000
1627967002557000,1,1.21658564,1769.3900
1627967002557000,1,0.24000000,1768.5600
1627967002557000,1,5.20000000,1768.5500
1627967002557000,1,0.15794416,1767.7800
1627967018797000,1,0.02553112,1772.3400
1627967053250000,1,0.01986760,1768.8400
1627967080990000,0,0.02477617,1768.2500
1627967080990000,0,0.21522382,1768.4700
1627967080999000,0,0.02477618,1768.4700
1627967136833000,1,0.02445488,1771.8300
1627967136839000,1,0.01938699,1771.3900
1627967136839000,1,0.04846200,1771.3900
1627967136839000,1,0.02541462,1771.3800
1627967266778000,1,0.05601708,1775.6900
1627967281050000,1,0.09951800,1776.6200
1627967304215000,1,1.20100000,1776.6500
1627967344878000,0,0.17769000,1777.4300
1627967391897000,0,0.12016478,1777.9100
1627967407680000,1,0.14242400,1778.5800
1627967407897000,1,0.73262238,1778.5800
1627967596828000,1,1.21721121,1772.1000
1627967596829000,1,0.05757766,1771.8600
1627967596829000,1,1.21670596,1771.8500
1627967672813000,1,0.05630306,1771.0900
1627967686247000,1,0.06250000,1768.4600
1627967697800000,1,0.05574298,1767.8300
1627967697835000,1,0.00000001,1767.8300
1627967773813000,1,0.04568947,1771.9500
1627967773814000,1,0.00000001,1771.9500
1627967939487000,0,0.06250000,1775.6900
1627967939721000,0,0.03425515,1775.6900
1627968082776000,1,0.14567700,1777.4900
1627968089662000,0,0.14127816,1778.7500
1627968089662000,0,0.03640884,1778.7500
1627968286898000,1,0.04004721,1781.0000
1627968286997000,1,0.05995279,1781.0000
1627968340275000,1,0.04476215,1777.0500
1627968344274000,1,0.06250000,1778.0000
1627968347711000,1,0.03750000,1778.0000
1627968483242000,1,0.09999999,1779.0000
1627968483259000,1,0.00000001,1779.0000
1627969017740000,0,0.09672149,1787.4000
1627970036212000,1,0.02463719,1782.3300
1627970036212000,1,0.72545281,1782.3300
1627970215029000,1,0.34083114,1777.5400
1627970475283000,1,0.02510300,1774.5100
1627970569861000,0,0.47934189,1782.3200
1627970569902000,0,0.00000001,1782.3200
1627970574203000,0,0.06250000,1782.6600
1627972232098000,0,0.02518284,1783.6500
1627972232098000,0,0.37221559,1784.0000
1627972643890000,1,0.01702839,1777.4700
1627972643890000,1,1.07871128,1777.4600
1627972791210000,0,0.03926541,1778.4100
1627973205743000,0,0.11751161,1777.0000
1627973205833000,0,0.48248839,1777.0000
1627973285167000,1,0.14474263,1778.7800
1627973422860000,1,0.01680587,1779.6200
1627973422860000,1,1.41509413,1779.6100
1627973600727000,0,0.13996531,1781.8700
1627973702531000,0,0.10000000,1781.6500
1627973918981000,1,0.09999999,1776.5000
1627973918990000,1,0.00000001,1776.5000
1627973919434000,1,0.10000000,1776.0000
1627973919434000,1,0.14999999,1776.0000
1627973920325000,1,0.00000001,1776.0000
1627973922288000,1,0.09999999,1775.0000
1627973922321000,1,0.00000001,1775.0000
1627973948900000,0,0.02578953,1775.5000
1627973948900000,0,0.01624933,1775.5000
1627973961560000,0,0.02499263,1772.9100
1627973961560000,0,0.02287291,1773.2900
1627973971056000,0,0.01122068,1773.5100
1627974093244000,1,0.02886685,1765.0000
1627974093252000,1,0.04191375,1764.4600
1627974097416000,1,0.50000000,1760.0000
1627974127033000,1,0.02404068,1761.2700
1627974127033000,1,0.02516909,1761.2600
1627974127033000,1,0.02505553,1761.1300
1627974127033000,1,0.02574215,1760.7400
1627974127033000,1,0.01549888,1760.3900
1627974127033000,1,0.29471644,1760.3800
1627974272160000,0,0.02546140,1771.7700
1627974272160000,0,0.25600574,1772.1800
1627974513129000,1,0.28146714,1772.1700
1627974732609000,0,0.22567890,1775.1400
1627974769150000,0,0.02474692,1775.9500
1627974803215000,0,0.02552626,1777.4000
1627974971429000,0,0.02424239,1783.9000
1627974971429000,0,0.02577698,1784.3700
1627974971429000,0,0.00574879,1784.4300
1627975120888000,0,0.99861416,1789.5400
1627975640101000,0,1.20521131,1790.4700
1627975640102000,0,1.20563328,1790.7100
1627975640103000,0,1.20551538,1790.9800
1627975850368000,0,0.01383957,1797.0200
1627976030042000,0,0.13900190,1794.2200
1627976373727000,0,1.20319359,1792.3700
1627976373727000,0,1.57223931,1792.3700
1627976376287000,1,0.02453937,1790.5600
1627976376288000,1,1.20295610,1790.2000
1627976376288000,1,0.02697547,1790.1700
1627976405568000,0,1.20420000,1790.8700
1627976982163000,0,0.02781769,1788.4300
1627977741034000,1,0.02428856,1785.0000
1627977741056000,1,1.20629963,1784.6700
1627977741393000,1,0.06250000,1783.9500
1627978036783000,0,0.06250000,1788.8200
1627978147702000,1,0.29916035,1786.6400
1627978158718000,1,0.90000000,1786.6400
1627978158736000,1,0.00634347,1786.6400
1627978159202000,1,2.30000000,1786.4700
1627978159202000,1,1.20000000,1786.3600
1627978159485000,1,0.00571474,1786.3600
1627978159485000,1,1.20008526,1786.0900
1627978162492000,1,0.13791991,1785.2600
1627978162562000,1,0.18040599,1785.2600
1627978162624000,1,1.54798767,1785.2600
1627978162628000,1,0.43368643,1785.2600
1627978176219000,1,1.20630000,1784.5500
1627978177586000,1,0.00009476,1784.5500
1627978177586000,1,1.20540524,1784.5100
1627978659077000,0,0.02577661,1782.7800
1627978659077000,0,1.20971150,1782.8100
1627978695831000,1,1.00000000,1785.4500
1627978927069000,1,1.20520000,1787.6100
1627979178832000,0,0.06250000,1789.6800
1627979187168000,1,0.02418458,1789.2000
1627979187168000,1,1.20423589,1789.1400
1627979187168000,1,2.30000000,1789.1400
1627979187168000,1,1.20393584,1788.9900
1627979187168000,1,0.02473176,1788.7900
1627979187168000,1,0.57239806,1788.5700
1627979189726000,0,0.02416288,1789.8600
1627979200260000,0,0.20298589,1789.8800
1627979275630000,1,1.20510000,1787.0300
1627979355809000,1,1.20420000,1788.4800
1627979453089000,0,0.02496146,1790.2400
1627979453160000,0,0.00000001,1790.2400
1627979755974000,0,2.30000000,1786.5900
1627979755974000,0,1.20646504,1786.6700
1627979755974000,0,2.30000000,1786.7000
1627979755974000,0,0.70000000,1786.7200
1627979755974000,0,0.02454694,1786.8500
1627979755974000,0,1.20632017,1786.8600
1627979755974000,0,1.20625910,1787.0400
1627979755974000,0,0.47728105,1787.2500
1627979755974000,0,0.02592807,1787.2600
1627979755974000,0,1.20627529,1787.2700
1627979755974000,0,1.19334984,1787.5400
1627979755974000,0,4.37152778,1787.5500
1627979755974000,0,0.02538083,1787.7000
1627979755974000,0,0.51017156,1787.8400
1627980593689000,0,0.86497988,1791.8000
1627980593692000,0,0.33861697,1791.8000
1627980595458000,1,0.06249999,1792.0800
1627980595476000,1,0.00000001,1792.0800
1627980841943000,1,1.10680298,1787.7100
1627980841944000,1,0.09857742,1787.7100
1627980842114000,0,0.01787233,1787.3700
1627981177808000,1,0.02544159,1784.0500
1627981177808000,1,2.30000000,1783.8500
1627981177808000,1,0.01750256,1783.7700
1627981177808000,1,0.65705585,1783.7600
1627981185160000,1,2.30000000,1784.1800
1627981185160000,1,0.02532147,1784.0900
1627981185160000,1,0.67467853,1784.0500
1627981190115000,1,1.20739117,1784.3200
1627981190115000,1,2.30000000,1784.3200
1627981190115000,1,0.01662244,1784.0600
1627981190115000,1,0.53272863,1784.0500
1627981190115000,1,0.94325776,1783.9400
1627981199720000,1,1.20739117,1784.3200
1627981199720000,1,0.01662225,1784.0600
1627981199720000,1,1.20740716,1784.0500
1627981199720000,1,2.56857942,1783.8400
1627981203377000,1,0.01624605,1784.5100
1627981203377000,1,1.20729180,1784.5000
1627981203377000,1,2.30000000,1784.3300
1627981203377000,1,1.20739117,1784.3200
1627981203377000,1,0.26907098,1784.0500
1627981207194000,1,0.01606552,1784.1500
1627981207194000,1,0.93833618,1784.0500
1627981207194000,1,2.30000000,1783.9200
1627981207194000,1,0.04016110,1783.8400
1627981207194000,1,0.35000000,1783.8300
1627981207194000,1,1.20735304,1783.5900
1627981207194000,1,0.10441887,1783.3200
1627981207194000,1,0.02498856,1783.3100
1627981207194000,1,0.01867673,1783.1400
1627981211323000,1,1.20756096,1783.8600
1627981211323000,1,2.30000000,1783.8600
1627981211323000,1,0.35000000,1783.6800
1627981211323000,1,1.14243904,1783.5900
1627981215632000,1,1.20736542,1784.3300
1627981215632000,1,1.20729939,1784.1500
1627981215632000,1,0.35000000,1783.9700
1627981215632000,1,1.20756096,1783.8600
1627981215632000,1,1.02777423,1783.6700
1627981220259000,1,1.20746414,1784.0900
1627981220259000,1,2.30000000,1784.0900
1627981220259000,1,0.49253586,1783.8600
1627981273275000,1,1.20800000,1783.5100
1627981274515000,1,1.20810000,1783.3200
1627981294284000,1,0.01370176,1783.5600
1627981294284000,1,1.19429824,1783.5500
1627981362119000,1,1.21000000,1780.0100
1627981388542000,1,0.00002205,1780.0100
1627981388542000,1,0.01342621,1779.0900
1627981388542000,1,1.21104540,1779.0800
1627981388542000,1,0.03356440,1778.7800
1627981388542000,1,0.29601499,1778.7600
1627981388543000,1,0.91536062,1778.7600
1627981388543000,1,0.08728411,1778.4900
1627981388543000,1,0.55142832,1778.4700
1627981388546000,1,0.65993278,1778.4700
1627981390774000,1,0.01342832,1776.6400
1627981390774000,1,0.08728411,1776.6300
1627981390774000,1,0.03356440,1776.6300
1627981390774000,1,0.02498075,1775.8800
1627981390774000,1,0.35000000,1775.6900
1627981390776000,1,0.02493693,1776.2500
1627981397390000,1,0.05793464,1775.4900
1627981397390000,1,0.02228255,1775.4900
1627981401653000,1,0.69149000,1774.3200
1627981435222000,1,1.21304081,1776.1700
1627981469702000,1,0.11019344,1778.0600
1627981480238000,1,1.21150000,1778.9500
1627981527774000,0,0.02472166,1780.5500
1627981656420000,0,0.02530083,1782.7900
1627981719458000,0,0.02576460,1784.6600
1627981719466000,0,1.20877036,1784.9700
1627981719466000,0,0.02504475,1785.0800
1627981719466000,0,0.31898797,1785.1900
1627981719466000,0,0.88969716,1785.1900
1627981725215000,0,0.02460023,1787.5400
1627981725226000,0,0.68851000,1788.2200
1627981725226000,0,0.02522499,1788.2300
1627981985556000,0,0.02443070,1781.3000
1627981985556000,0,0.02443566,1781.6100
1627981985556000,0,0.05113364,1781.7100
1627982018446000,1,1.21020000,1780.7300
1627982052215000,0,0.02791885,1781.9500
1627982254809000,1,0.02516417,1784.0400
1627982254809000,1,1.20820122,1783.6900
1627982254809000,1,0.02453262,1783.6200
1627982254809000,1,0.49503253,1783.4900
1627982543907000,0,0.08057714,1785.3000
1627982547383000,0,0.08057352,1785.3800
1627982575469000,0,0.11069750,1785.1000
1627982579439000,0,0.15882666,1785.7900
1627982751820000,0,2.29637134,1786.6100
1627982968319000,0,0.27821624,1792.8500
1627983005381000,0,0.28303667,1790.5100
1627984045754000,1,1.20550000,1786.9500
1627985532761000,0,0.06876576,1788.3900
1627985563383000,1,0.39817075,1786.0000
1627985563434000,1,1.91560304,1786.0000
1627985675690000,1,0.35000000,1785.2100
1627986255774000,0,0.42807692,1787.9900
1627986583685000,0,0.34352511,1786.4900
1627987071577000,0,1.12642381,1790.0600
1627987071580000,0,0.07737140,1790.0600
1627987135154000,0,0.06108500,1795.6500
1627987142545000,1,1.66000000,1798.8300
1627987142934000,1,7.54000000,1798.8300
1627987175415000,0,0.02524312,1799.7600
1627987175415000,0,1.51654785,1800.0400
1627987175415000,0,0.78345215,1800.0400
1627987175415000,0,0.53776207,1800.1200
1627987175421000,0,0.65919239,1800.1200
1627987175421000,0,0.02522080,1800.1400
1627987590985000,0,1.19200000,1807.6500
1627987591582000,0,0.89355856,1809.0700
1627987698079000,1,1.64297821,1804.9900
1627988770577000,1,0.02430290,1801.0900
1627988770577000,1,2.30000000,1800.9800
1627988770577000,1,2.67569710,1800.6500
1627988774840000,1,1.19426654,1800.8000
1627988774840000,1,2.30000000,1800.8000
1627988774840000,1,0.02440361,1800.6300
1627988774840000,1,1.19427262,1800.4300
1627988774840000,1,0.28705723,1800.3600
1627988778303000,1,1.19426654,1800.8000
1627988778303000,1,2.30000000,1800.8000
1627988778303000,1,1.19427262,1800.4300
1627988778303000,1,0.31146084,1800.3600
1627988783290000,1,1.19447151,1800.9900
1627988783290000,1,2.30000000,1800.9900
1627988783290000,1,1.19426654,1800.8000
1627988783290000,1,0.31126195,1800.7000
1627988793356000,1,1.19427262,1800.4300
1627988793356000,1,1.19483918,1800.3300
1627988793356000,1,1.19474901,1799.8900
1627988793356000,1,0.02599526,1799.8300
1627988793356000,1,1.19448791,1799.8200
1627988793356000,1,0.19565602,1799.6400
1627988808963000,1,1.19465088,1800.6900
1627988808963000,1,0.80534912,1800.4300
1627988816532000,1,0.38911191,1800.4300
1627988816532000,1,0.61088809,1800.3200
1627988940622000,1,1.19510000,1799.2800
1627989020408000,1,0.00003819,1799.2800
1627989020408000,1,1.19566181,1799.2000
1627989099206000,1,1.19600000,1798.9700
1627989394571000,1,0.17186425,1798.4600
1627989626685000,1,1.19350000,1802.0000
1627989809768000,1,1.19470000,1800.0800
1627989809889000,1,1.19390000,1799.7700
1627990141073000,1,1.12430000,1800.4100
1627990210546000,1,1.19611123,1797.8100
1627990210553000,1,0.00000001,1797.8100
1627990294929000,1,0.06250000,1796.3200
1627990296129000,1,0.06250000,1796.3200
1627990296207000,1,1.56324736,1796.3200
1627990543992000,1,0.02553751,1790.1000
1627990584060000,1,0.02538167,1786.1400
1627990584060000,1,0.46934640,1786.0000
1627990584060000,1,0.02538168,1786.0000
1627990584060000,1,1.15603260,1785.7600
1627990799429000,1,0.02405103,1784.6800
1627990799430000,1,0.01250766,1784.2900
1627990799430000,1,1.20587088,1784.2800
1627990799430000,1,0.02449163,1784.2800
1627990799430000,1,0.30180315,1784.2700
1627990799436000,1,0.90406314,1784.2700
1627990806039000,1,0.02514349,1785.5900
1627990806039000,1,1.22501699,1785.5500
1627990806040000,1,0.77066215,1785.5500
1627990806041000,1,1.54580361,1785.5500
1627990806045000,1,1.54580361,1785.5500
1627992065109000,1,1.49000000,1776.6300
1627992066537000,1,0.00666081,1776.6300
1627992075337000,0,0.02411254,1772.8700
1627992075337000,0,0.00120173,1773.0300
1627992077423000,0,0.02424630,1773.8300
1627992077428000,0,0.00000001,1773.8300
1627992077448000,0,0.02517857,1774.1300
1627992077469000,0,0.80568407,1774.7100
1627992077469000,0,1.49431593,1774.7100
1627992355009000,0,0.02530601,1766.7600
1627992398022000,0,1.20190000,1774.7700
1627992758646000,0,0.20000000,1779.6600
1627992791596000,0,0.20000000,1780.4400
1627992833184000,1,0.03000000,1789.9600
1627992835660000,1,5.60000000,1789.0000
1627992930695000,1,2.62000000,1806.5800
1627993710760000,1,0.02522127,1787.8600
1627993710760000,1,0.04350660,1787.8000
1627994292087000,0,0.50000000,1784.6100
1627994457007000,0,0.11038700,1789.3500
1627996828522000,0,0.15488654,1800.3500
1627996868079000,1,0.12987195,1798.3300
1627997348979000,0,1.19434217,1806.4100
1627997348979000,0,0.02414529,1806.5200
1627997348980000,0,0.88375569,1806.6600
1627997348982000,0,0.31081537,1806.6600
1627997892064000,1,1.19336397,1807.0100
1627997892064000,1,0.02598568,1806.9100
1627998564195000,0,0.02191123,1816.4200
1627999097303000,0,0.06266781,1810.0200
1627999227376000,1,2.30000000,1808.6600
1627999227376000,1,1.19339501,1808.6500
1627999227376000,1,0.02589568,1808.5100
1627999227376000,1,2.48070931,1808.3600
1627999233982000,1,1.19322428,1808.9700
1627999233982000,1,2.30000000,1808.9700
1627999233982000,1,1.19315707,1808.9600
1627999233982000,1,0.02495327,1808.7700
1627999233982000,1,1.19339501,1808.6500
1627999233982000,1,0.04786165,1808.3600
1627999233982000,1,0.04740872,1808.3500
1627999238372000,1,1.19277427,1809.7900
1627999238372000,1,2.30000000,1809.7900
1627999238372000,1,0.02593038,1809.7000
1627999238372000,1,2.30000000,1809.7000
1627999238372000,1,0.18129535,1809.5500
1627999242658000,1,1.19250396,1810.0700
1627999242658000,1,1.19277427,1809.7900
1627999242658000,1,1.01169726,1809.5500
1627999242658000,1,2.30000000,1809.5500
1627999242658000,1,0.04675316,1809.5400
1627999242658000,1,0.02459442,1809.5300
1627999242658000,1,0.23167693,1809.3300
1627999250336000,1,1.19277427,1809.7900
1627999250336000,1,1.19299261,1809.5500
1627999250336000,1,3.61423312,1809.3400
1627999260548000,1,1.19270319,1809.9800
1627999260548000,1,1.19277427,1809.7900
1627999260548000,1,1.19299261,1809.5500
1627999260548000,1,0.04677146,1809.3400
1627999260548000,1,0.37475847,1809.3300
1627999265586000,1,1.19270319,1809.9800
1627999265586000,1,1.19277427,1809.7900
1627999265586000,1,1.19299261,1809.5500
1627999265586000,1,0.42152993,1809.3300
1627999521672000,0,0.10447579,1809.5100
1627999564268000,1,1.19390000,1807.7000
1627999767826000,1,1.19390000,1808.0200
1627999767923000,1,1.19390000,1807.7500
1627999793110000,0,0.02472726,1807.0600
1627999996985000,0,0.83520907,1810.8400
1628000112260000,1,0.03542691,1809.3600
1628000617594000,0,0.53122961,1820.0000
1628000617621000,0,0.40580370,1820.0000
1628000617632000,0,0.06296669,1820.0000
1628000853591000,1,1.18680000,1816.3800
1628000927310000,0,1.64329951,1816.5100
1628001065821000,0,0.02427500,1817.7700
1628001065821000,0,0.52305531,1817.9600
1628001286420000,0,0.02450430,1826.3400
1628001286420000,0,1.06494192,1826.6600
1628001404989000,1,0.01220048,1822.5100
1628001460037000,1,0.03660145,1820.9200
1628001614268000,1,1.18500000,1820.6700
1628001886882000,1,0.05219469,1815.6900
1628001886882000,1,1.00594505,1815.6800
1628001886883000,1,0.18176925,1815.6800
1628001886885000,1,1.18784928,1815.4800
1628001886885000,1,0.13048241,1815.2800
1628001886885000,1,0.02415933,1815.2700
1628001983814000,1,0.04448564,1815.2200
1628001983814000,1,0.96611436,1815.2100
1628004288534000,1,0.44500907,1788.7500
1628004291148000,1,0.00000001,1788.7500
1628004309814000,1,0.01570127,1789.2200
1628004309819000,1,0.00000001,1789.2200
1628004309826000,1,0.01569830,1789.1100
1628004309990000,1,0.06250000,1788.7300
1628004438195000,0,0.02226761,1791.8400
1628004751183000,1,0.01452556,1783.7400
1628004751183000,1,0.03631756,1783.4400
1628004751192000,1,0.00000001,1783.4400
1628004751192000,1,0.09441192,1783.2700
1628004853471000,0,0.07790050,1791.9900
1628004853535000,0,0.00169450,1791.9900
1628005207305000,1,0.02502347,1799.6400
1628005207308000,1,0.00000001,1799.6400
1628005442508000,1,0.01190501,1791.8700
1628005442508000,1,0.01191032,1791.5800
1628005442508000,1,0.02710561,1791.4400
1628005442508000,1,0.07740415,1791.0600
1628005442511000,1,1.20238885,1791.0500
1628005442511000,1,0.32667412,1790.8000
1628006875638000,1,0.01456290,1785.9300
1628006875638000,1,0.02402918,1785.9200
1628006875638000,1,0.61675158,1785.8900
1628006875642000,1,0.58854851,1785.8900
1628007205677000,1,0.02452551,1783.3600
1628008382739000,1,0.02985786,1790.3500
1628008382742000,1,1.20279952,1790.2500
1628008382941000,1,0.01194248,1790.3500
1628008382941000,1,0.01194701,1790.0800
1628008407456000,1,0.45169878,1787.7100
1628008407467000,1,0.75314870,1787.7100
1628008639015000,1,0.01136998,1785.9200
1628008639015000,1,0.08863002,1785.9100
1628010480509000,0,0.02546581,1795.9700
1628011833706000,0,0.27819943,1791.8800
1628012634491000,0,2.00000000,1787.7100
1628013752870000,0,0.03077823,1777.8800
1628013778416000,0,0.09999999,1778.4800
1628013778435000,0,0.00000001,1778.4800
1628014061281000,1,2.03000000,1770.0000
1628014079912000,1,0.00209604,1770.0000
1628014091526000,1,0.20000000,1767.8200
1628014334248000,0,0.11198712,1776.9900
1628014443228000,1,0.02560016,1770.0800
1628014443228000,1,0.17439984,1769.9700
1628014554405000,0,0.10000000,1769.0000
1628014876733000,0,1.00000000,1768.4500
1628015047061000,1,0.01369522,1765.4000
1628015047061000,1,0.03426940,1765.4000
1628015047061000,1,0.25203538,1765.4000
1628015082275000,0,1.22070000,1765.9200
1628015163089000,0,0.20000000,1772.0000
1628015538607000,0,0.50000000,1772.0000
1628015564446000,0,1.02720000,1775.5000
1628015611709000,0,0.02484187,1778.5700
1628015667010000,1,0.01295383,1776.0400
1628015667294000,1,0.03238896,1775.7600
1628016423370000,1,0.58670461,1778.9700
1628016425378000,0,0.17583844,1779.2700
1628016425882000,0,0.06388891,1779.2700
1628016426946000,0,0.54254546,1779.2700
1628016486698000,1,0.06250000,1779.2700
1628016486707000,1,2.33750000,1779.2700
1628016487635000,1,1.29000000,1778.9700
1628016497616000,1,1.21175032,1778.9700
1628016697259000,0,0.50000000,1784.1800
1628016765473000,0,1.20744248,1785.8600
1628016765473000,0,1.20743551,1786.0100
1628016765473000,0,1.20859738,1786.3400
1628016765553000,1,3.25954801,1786.3400
1628016905873000,0,0.50000000,1787.9800
1628017206784000,0,0.47730120,1786.8300
1628017254308000,0,0.02788317,1784.2300
1628017321172000,0,1.07045490,1784.1200
1628017842208000,0,0.02645025,1786.7500
1628018070579000,0,0.48144421,1788.9300
1628018113542000,1,0.06250000,1788.9300
1628018405251000,1,0.06250000,1782.2600
1628020985499000,1,1.39873709,1778.4400
1628021163402000,1,0.02479171,1770.2400
1628021163404000,1,0.00000001,1770.2400
1628021163748000,1,0.05578120,1769.3800
1628021163748000,1,0.05578939,1769.0800
1628021246071000,1,0.05000000,1763.3900
1628021984331000,0,0.01123081,1771.9100
1628022448368000,0,1.21350343,1776.8000
1628022448368000,0,0.32711241,1777.1700
1628022448370000,0,0.88693790,1777.1700
1628022448370000,0,0.65367795,1777.1800
1628023231413000,1,0.02556812,1771.3900
1628023231413000,1,0.97443188,1771.0100
1628023255349000,1,0.40000000,1771.6600
1628024216466000,0,0.20000000,1788.9200
1628025009559000,1,0.02564595,1783.4100
1628025449868000,0,0.02595117,1786.5100
1628025449868000,0,1.20709181,1786.7000
1628025449868000,0,0.02587125,1786.8800
1628025449868000,0,0.27872208,1787.0200
1628025528895000,0,0.47767873,1785.4500
1628025609000000,0,1.20802832,1785.1400
1628026079565000,0,0.02000000,1789.6700
1628026310948000,0,0.19122516,1793.2400
1628026311465000,0,0.19122516,1793.2400
1628026311960000,0,0.19122516,1793.2400
1628026312450000,0,0.19122516,1793.2400
1628026335981000,0,0.02411860,1794.3400
1628026555129000,1,0.02506173,1784.4600
1628026605159000,1,0.01216279,1779.5600
1628027000897000,1,0.02592343,1781.1600
1628027000897000,1,0.02679391,1780.8100
1628027000897000,1,0.02519420,1780.8000
1628027000897000,1,0.06966495,1780.4100
1628027000897000,1,0.02466368,1780.4000
1628027000897000,1,0.02518955,1780.3800
1628027000897000,1,0.12400175,1780.1300
1628027766251000,0,0.08336126,1790.4000
1628028356753000,1,0.01312862,1789.6900
1628028356753000,1,0.01687138,1789.6800
1628028429178000,0,0.02477750,1788.1000
1628028429178000,0,0.02559568,1788.4700
1628028429178000,0,0.50000000,1788.8000
1628028429178000,0,1.20583863,1788.9000
1628028429178000,0,0.02545750,1788.9400
1628028429178000,0,0.02515766,1788.9600
1628028429178000,0,0.59530492,1789.2100
1628028519660000,1,1.20334797,1790.6300
1628028519660000,1,0.01297623,1790.4100
1628028519660000,1,1.20342114,1790.4000
1628028519660000,1,0.58025466,1790.1700
1628028546990000,1,1.20363443,1790.1700
1628028546990000,1,0.02485131,1790.1500
1628028546990000,1,1.20363443,1789.9000
1628028546990000,1,0.01283209,1789.8400
1628028546990000,1,0.02460570,1789.7700
1628028546990000,1,0.03208595,1789.6400
1628028546990000,1,0.49835609,1789.6300
1628028555612000,1,1.20331683,1790.6100
1628028555612000,1,0.01232575,1790.3600
1628028555612000,1,1.20331683,1790.3500
1628028555612000,1,0.02516051,1790.1800
1628028555612000,1,0.55588008,1790.1700
1628028560007000,1,1.20331683,1790.6100
1628028560007000,1,0.01218755,1790.3600
1628028560007000,1,1.20331683,1790.3500
1628028560007000,1,0.03046784,1790.1800
1628028560007000,1,0.55071095,1790.1700
1628028563857000,1,0.01170704,1790.6200
1628028563857000,1,1.20331683,1790.6100
1628028563857000,1,1.20331683,1790.3500
1628028563857000,1,0.09704340,1790.1700
1628028563857000,1,0.48461590,1789.9000
1628028567304000,1,0.01157541,1790.6200
1628028567304000,1,1.20331683,1790.6100
1628028567304000,1,1.20331683,1790.3500
1628028567304000,1,0.58179093,1790.1700
1628028583676000,1,1.20317568,1790.7900
1628028583676000,1,0.01144495,1790.6200
1628028583676000,1,1.20331683,1790.6100
1628028583676000,1,0.58206254,1790.3500
1628028597649000,1,1.20317568,1790.7900
1628028597649000,1,0.01131662,1790.6200
1628028597649000,1,1.20331683,1790.6100
1628028597649000,1,0.58219087,1790.3500
1628028615316000,1,1.20328142,1790.8100
1628028615316000,1,0.01118941,1790.6200
1628028615316000,1,1.20331683,1790.6100
1628028615316000,1,0.02797196,1790.3600
1628028615316000,1,0.03906342,1790.3500
1628028615316000,1,0.51517696,1790.1700
1628028618513000,1,1.20271696,1791.5400
1628028618513000,1,1.20271696,1791.2600
1628028618513000,1,0.02590910,1790.9300
1628028618513000,1,0.56865698,1790.8100
1628028621427000,1,1.20240544,1791.8200
1628028621427000,1,1.20271696,1791.5400
1628028621427000,1,0.02685371,1791.2700
1628028621427000,1,0.56802389,1791.2600
1628028624330000,1,1.20240544,1791.8200
1628028624330000,1,1.20271696,1791.5400
1628028624330000,1,0.59487760,1791.2600
1628028627635000,1,1.20240544,1791.8200
1628028627635000,1,1.20271696,1791.5400
1628028627635000,1,0.02473400,1791.3800
1628028627635000,1,0.02534400,1791.2700
1628028627635000,1,0.06588412,1791.2700
1628028627635000,1,0.03981547,1791.2600
1628028627635000,1,0.43910001,1791.2300
1628029884750000,0,0.02423644,1816.7000
1628029884750000,0,0.02429131,1817.0800
1628029884750000,0,0.15147225,1817.0800
1628031599193000,0,0.19332262,1805.6900
1628032477770000,0,1.10598807,1814.7900
1628032477787000,0,0.93961989,1814.7900
1628032477791000,0,0.20412283,1814.7900
1628032477792000,0,0.80841733,1814.7900
1628033382213000,1,0.03494080,1802.6200
1628033405477000,1,0.00000001,1802.6200
1628033405477000,1,0.08046951,1802.3800
1628034462886000,0,1.19164393,1809.1000
1628034787010000,1,0.34233108,1806.2600
1628034955468000,1,0.02891607,1797.5000
1628034955481000,1,0.02891607,1797.2700
1628034955488000,1,0.18788601,1797.1800
1628034955488000,1,0.46064638,1797.1700
1628034955494000,1,0.73573113,1797.1700
1628034955621000,1,0.02891293,1797.1800
1628034955621000,1,0.02891607,1797.1800
1628034956956000,1,1.41898037,1795.1500
1628034956958000,1,1.52397913,1795.1500
1628034956959000,1,0.74177250,1795.1500
1628034957031000,1,0.06250000,1795.1500
1628034957572000,1,0.35276800,1795.1500
