timestamp ms,type,amount,price
1625443268300000,0,4.12000000,1676.5400
1625443314883000,0,0.02569307,1674.4600
1625443314883000,0,0.02475484,1674.4700
1625443317424000,0,0.00000001,1674.4700
1625443317424000,0,0.02445307,1674.4700
1625443327114000,1,6.30000000,1670.0000
1625443472556000,0,0.90531394,1679.7100
1625443472656000,0,0.33698454,1679.7100
1625443472721000,0,0.48264728,1679.7100
1625443472989000,0,0.71651960,1679.7100
1625443473046000,0,0.19540855,1679.7100
1625443473215000,0,2.41000000,1679.7100
1625443606890000,1,0.60000000,1675.4300
1625444461880000,0,1.29688926,1673.9500
1625446392180000,0,1.90000000,1672.3000
1625446542808000,1,0.83000000,1675.0700
1625446542810000,1,1.31000000,1675.0700
1625446542847000,1,2.11351723,1675.0700
1625447262530000,0,1.90000000,1676.0300
1625448296001000,1,0.02518976,1665.9300
1625448296001000,1,0.02483300,1665.5000
1625448296001000,1,1.45542373,1665.3500
1625448296009000,1,0.44457627,1665.3500
1625448296012000,1,1.50544650,1665.3000
1625448296030000,1,0.39455350,1665.3000
1625448411411000,1,0.08218524,1666.5800
1625448411412000,1,0.20545572,1666.3200
1625448412794000,1,1.06000000,1663.2400
1625448419646000,1,0.24000000,1656.3000
1625448420361000,1,0.02471171,1653.0300
1625448420361000,1,0.02538239,1652.6100
1625448420361000,1,0.49000000,1652.2100
1625448420361000,1,0.24000000,1650.6800
1625448420361000,1,0.09580007,1650.6700
1625448430081000,0,0.07568830,1653.3000
1625448430081000,0,0.16431170,1653.3000
1625448430081000,0,0.08505621,1653.3100
1625448432731000,0,0.84527119,1654.3200
1625448455271000,0,0.02500079,1653.7000
1625448553721000,0,0.06250000,1652.8500
1625448553765000,1,0.07000000,1652.8600
1625448667848000,1,1.56960000,1650.4800
1625448905521000,0,0.34121019,1646.2700
1625448905524000,0,0.14878981,1646.2700
1625448905712000,0,0.07000000,1646.7400
1625448906309000,1,0.06250000,1646.5000
1625448906309000,1,0.43750000,1644.0200
1625449464472000,1,0.10000000,1640.0000
1625449464594000,1,0.00835365,1640.0000
1625449464594000,1,1.49164635,1638.3000
1625449601349000,0,1.95000000,1642.5900
1625449601426000,0,2.50011748,1642.5900
1625449972983000,1,3.60000000,1642.8300
1625449972983000,1,1.31949954,1642.8200
1625449972983000,1,1.90000000,1642.5400
1625449972983000,1,1.31935848,1642.5100
1625449972983000,1,0.02447229,1642.4100
1625449972983000,1,0.60000000,1642.3100
1625449973059000,0,0.06250000,1642.3100
1625449973107000,0,1.25027603,1642.3100
1625450023367000,1,1.90000000,1641.9900
1625450045059000,0,0.02543412,1641.9800
1625450049675000,0,0.02443564,1642.0300
1625450092557000,0,0.02366628,1639.6200
1625450092598000,0,0.00048299,1639.6200
1625450299347000,0,15.11415950,1641.3700
1625450341801000,1,0.07000000,1639.6900
1625450373555000,0,14.99000000,1637.5000
1625450373676000,0,0.12415950,1637.5000
1625451460748000,0,0.02362156,1638.4700
1625451465792000,0,1.90000000,1639.4900
1625451689371000,1,7.90000000,1632.9000
1625452425190000,0,1.32487021,1638.7900
1625452425190000,0,0.19752082,1638.8100
1625452425198000,0,1.32463605,1639.0700
1625452425198000,0,0.19775498,1639.1500
1625453678602000,0,2.09770000,1628.7600
1625453680319000,0,0.07000000,1628.7600
1625453755386000,0,4.14000000,1630.3300
1625454129981000,1,0.07000000,1626.4500
1625454498378000,0,0.07000000,1637.3200
1625454498432000,0,0.00845700,1637.3200
1625457798826000,1,1.90000000,1637.8700
1625458076419000,1,1.90000000,1632.9900
1625458076453000,1,2.35812598,1632.9900
1625458782462000,1,0.02495849,1629.4400
1625458782462000,1,0.02462361,1629.0600
1625458782462000,1,0.05093447,1628.8600
1625459202035000,1,0.12336240,1633.0700
1625459202682000,1,0.03982216,1632.3700
1625459202685000,1,0.08354024,1632.3700
1625459202685000,1,0.04393145,1632.3600
1625459204241000,0,0.06249999,1631.7900
1625459204255000,0,0.00000001,1631.7900
1625459219873000,0,0.03109000,1634.1000
1625461434050000,0,1.90000000,1642.0500
1625461434050000,0,0.02480304,1642.1300
1625461434050000,0,0.07519696,1642.3900
1625462332063000,1,1.32807613,1633.6600
1625462332063000,1,0.18311438,1633.3900
1625462332065000,1,1.14508040,1633.3900
1625462332065000,1,0.36611011,1633.1400
1625462332068000,1,0.96228856,1633.1400
1625462332068000,1,0.54890195,1632.9000
1625462332080000,1,0.77950975,1632.9000
1625462332080000,1,0.60000000,1632.8100
1625462332080000,1,0.12606242,1632.4700
1625462332080000,1,0.00561834,1632.4600
1625462332080000,1,0.02046028,1632.4600
1625462332080000,1,0.31515637,1632.2300
1625462332080000,1,0.86213255,1632.2200
1625462572443000,1,0.38000000,1633.9000
1625462572466000,1,0.79000000,1633.9000
1625462573718000,1,1.72000000,1633.9000
1625462573733000,1,1.19162851,1633.9000
1625463921564000,1,4.19000000,1635.5300
1625464166904000,0,1.00000000,1635.2500
1625464191396000,0,0.07000000,1637.3000
1625464191488000,0,0.06250000,1637.3000
1625464191689000,0,6.66750000,1637.3000
1625464926756000,0,1.50000000,1643.2100
1625464927121000,0,0.06055221,1643.2100
1625465210405000,0,1.00000000,1640.0000
1625465332758000,0,1.32455232,1639.8700
1625465332758000,0,0.18676301,1640.1600
1625465332768000,0,1.13756349,1640.1600
1625465332768000,0,0.37375184,1640.4600
1625465332769000,0,0.95033475,1640.4600
1625465332772000,0,1.32453466,1641.0400
1625465332772000,0,0.18678067,1641.1700
1625465332985000,0,1.32446360,1641.4400
1625465332985000,0,1.32429532,1641.7300
1625465387577000,0,1.00000000,1644.3000
1625465440738000,0,2.40960000,1643.1500
1625465552460000,0,0.02524044,1645.3900
1625465552460000,0,0.02535179,1645.7600
1625465552460000,0,0.02478251,1646.1400
1625465552460000,0,0.42462526,1646.1400
1625465774616000,0,0.06250000,1649.7300
1625465785718000,0,0.31272363,1651.1900
1625465935930000,1,0.12000000,1657.0000
1625466040697000,0,0.02497503,1655.1700
1625466040697000,0,0.49193435,1655.5300
1625466118860000,1,0.80603683,1652.7400
1625466687868000,1,0.07000000,1643.1600
1625466789808000,0,3.97000000,1643.5800
1625466817443000,0,0.02456663,1645.2000
1625466817443000,0,0.02583281,1645.5600
1625466817443000,0,0.60000000,1645.6300
1625466817443000,0,3.50250056,1645.8100
1625466939179000,1,4.48000000,1645.3400
1625466994001000,1,0.02429791,1644.5900
1625466994001000,1,1.90000000,1644.5900
1625466994001000,1,0.60000000,1644.5000
1625466994001000,1,0.57028728,1644.4700
1625467140798000,0,2.94000000,1646.7200
1625468270935000,0,0.01450407,1651.9500
1625468311486000,0,0.07000000,1652.2800
1625468385139000,0,1.71325200,1654.2400
1625468418565000,0,1.28529360,1653.7700
1625468427259000,0,0.02531040,1653.2900
1625468427259000,0,1.90000000,1653.4000
1625468427259000,0,0.00308121,1653.4300
1625469296799000,1,0.06250000,1640.2000
1625469296907000,1,0.06428983,1640.2000
1625469508913000,1,0.02588026,1643.8600
1625469662324000,1,0.02503339,1638.5600
1625469662324000,1,0.02188505,1638.0400
1625469662324000,1,2.95308156,1637.9700
1625469768208000,0,0.02521080,1639.7600
1625469768208000,0,0.29720059,1639.8700
1625469938977000,1,0.02511125,1635.3000
1625469938977000,1,1.32522181,1635.3000
1625469938977000,1,1.90000000,1635.3000
1625469938977000,1,1.32539035,1635.0400
1625469938977000,1,0.35121380,1634.9700
1625469997625000,1,0.07000000,1632.2600
1625470025278000,1,0.11347944,1633.0000
1625470025278000,1,0.60000000,1632.9900
1625470025278000,1,0.78652056,1632.8900
1625470040269000,1,0.62670444,1634.0300
1625470040270000,1,0.69987321,1634.0300
1625470240362000,1,0.50000000,1639.4900
1625470242303000,0,0.02432666,1639.5600
1625470242303000,0,0.47567334,1639.5600
1625470329869000,0,0.48913732,1641.4000
1625470686356000,1,1.39757996,1641.0500
1625470686377000,1,0.50242004,1641.0500
1625470813277000,1,1.86200000,1643.3800
1625470813905000,1,0.03800000,1643.3800
1625471867332000,0,0.01332611,1643.3900
1625472180730000,1,0.02434269,1643.4600
1625472180730000,1,4.37255731,1643.3400
1625472318853000,0,4.16570637,1638.2900
1625472318874000,0,0.08501442,1638.2900
1625472350758000,0,0.03000000,1639.0100
1625472894640000,1,0.02880739,1639.2700
1625472995295000,0,1.90000000,1638.7100
1625474110934000,1,0.02582473,1636.0300
1625474110934000,1,0.12485100,1635.9600
1625474110934000,1,0.60000000,1635.9500
1625474110936000,1,1.32114931,1635.9300
1625474110936000,1,0.18802781,1635.5500
1625474110938000,1,0.12407302,1635.5500
1625474110938000,1,1.32132738,1635.5400
1625474110938000,1,0.06377672,1634.7500
1625474110945000,1,0.74769395,1634.7500
1625474110945000,1,0.76148317,1634.7400
1625474316415000,1,4.25000000,1634.3500
1625474606965000,0,0.01215623,1637.0200
1625475828375000,0,0.49000000,1652.6000
1625475828375000,0,1.31189895,1652.6100
1625475828375000,0,0.02455051,1652.6800
1625475828375000,0,0.10021628,1653.0700
1625476381256000,1,0.02516619,1648.6100
1625476381256000,1,0.10821381,1648.5200
1625476860803000,0,1.90000000,1649.0800
1625476860803000,0,0.02488848,1649.2900
1625476860803000,0,1.31424756,1649.3600
1625476860803000,0,0.60000000,1649.3800
1625476860803000,0,0.94654820,1649.6300
1625477406540000,1,1.04546432,1647.3100
1625477406540000,1,0.85453568,1647.3100
1625477406713000,1,0.12627846,1646.7800
1625477406715000,1,1.31419311,1645.9200
1625477406715000,1,0.19121068,1645.8100
1625477406718000,1,0.12442801,1645.8100
1625477406718000,1,0.82073031,1645.8100
1625477406718000,1,0.56024546,1645.8000
1625477406719000,1,0.60000000,1646.0100
1625477406719000,1,0.75424038,1645.8000
1625477406719000,1,0.02478774,1645.3700
1625477406719000,1,0.12637566,1645.1000
1625477521707000,1,4.14000000,1646.1200
1625477644248000,0,0.60000000,1646.3300
1625477644248000,0,0.00438622,1646.5200
1625477712549000,1,0.02440463,1645.0400
1625477712549000,1,1.90000000,1644.9500
1625477712549000,1,0.36737584,1644.8800
1625478135897000,0,0.01512304,1644.5100
1625478277869000,0,0.15178348,1643.1300
1625479512134000,1,2.95000000,1649.6300
1625479512198000,1,2.70000000,1649.6300
1625479512236000,1,0.03234000,1649.6300
1625479512873000,1,1.73050000,1649.6300
1625479513125000,1,2.75000000,1649.6300
1625479522317000,1,1.22000000,1649.6300
1625479522370000,1,1.28000000,1649.6300
1625479522462000,1,0.50960000,1649.6300
1625479522513000,1,1.22000000,1649.6300
1625479522813000,1,0.74000000,1649.6300
1625479523579000,1,2.12000000,1649.6300
1625479524565000,1,2.73000000,1649.6300
1625479524857000,1,0.00296884,1649.6300
1625479598133000,1,10.01000000,1649.5200
1625479598170000,1,8.46000000,1649.5200
1625479598203000,1,1.51674159,1649.5200
1625479748759000,1,4.21000000,1654.4200
1625479801656000,1,1.90000000,1658.8300
1625480230706000,0,0.28494236,1654.5100
1625480340050000,0,0.02463539,1654.5200
1625480340050000,0,0.37547982,1654.7900
1625480682614000,1,0.06411126,1662.7700
1625480682616000,1,1.38676971,1662.7700
1625480682617000,1,0.44911903,1662.7700
1625480831390000,1,0.12000000,1660.6400
1625480831398000,1,0.00812281,1660.6400
1625481054021000,0,1.30484587,1661.6100
1625481054142000,0,0.06250000,1661.8600
1625481130384000,0,1.90000000,1661.7500
1625481130384000,0,0.02509436,1661.8300
1625481130384000,0,1.30476480,1661.8800
1625481130384000,0,1.30465356,1662.1300
1625481130384000,0,0.26960696,1662.2200
1625481487554000,0,0.10000000,1657.2000
1625481846014000,0,0.02483970,1659.1100
1625481846014000,0,0.36865565,1659.2400
1625482654100000,0,0.01196790,1662.7800
1625483260060000,1,0.11299191,1662.2100
1625483260064000,1,0.00000001,1662.2100
1625483492853000,1,0.03000000,1657.3700
1625483615360000,1,0.04000000,1653.0300
1625483615478000,1,0.00195800,1653.0300
1625484263296000,1,0.23923208,1638.3300
1625484263635000,1,0.09566717,1637.5400
1625484263635000,1,1.04833283,1637.1200
1625484273816000,1,0.02531339,1631.7300
1625484273816000,1,0.02493589,1631.7200
1625484273816000,1,0.02402315,1631.0100
1625484273816000,1,4.13852757,1630.9200
1625484282823000,1,0.22804926,1630.0200
1625484373632000,0,0.02500000,1616.8200
1625484373737000,1,0.02403330,1612.0600
1625484373737000,1,0.02447677,1611.9800
1625484373737000,1,0.52151170,1611.2600
1625484421638000,1,1.90000000,1616.0300
1625484609036000,0,3.40000000,1617.8000
1625484711108000,0,0.02500000,1608.4100
1625484843872000,1,0.06250000,1600.0000
1625484843964000,1,0.26064375,1600.0000
1625484888216000,0,0.02478437,1598.2600
1625484888216000,0,1.51433525,1598.3300
1625484888217000,0,0.38566475,1598.3300
1625484888217000,0,0.02517316,1598.3600
1625485046882000,1,1.90000000,1604.0700
1625485160713000,0,0.02000000,1608.4200
1625485268247000,0,0.11000000,1608.4200
1625485268275000,0,0.00245100,1608.4200
1625485549195000,0,0.03687700,1604.2300
1625485551908000,0,0.04062600,1604.5700
1625485552868000,0,0.03144500,1604.5700
1625485553664000,0,0.02132900,1605.0000
1625485762562000,0,0.02472552,1604.8700
1625485762562000,0,0.03111700,1604.8700
1625485896869000,1,2.28180000,1604.0000
1625485899742000,1,1.02388484,1604.0000
1625485899762000,1,0.04019189,1604.0000
1625485899871000,1,1.20656394,1604.0000
1625485899874000,1,0.44755933,1604.0000
1625486030569000,1,0.68000000,1601.0100
1625486049188000,1,1.32000000,1601.0100
1625486109617000,1,0.02559177,1593.4900
1625486109617000,1,0.02551785,1593.1400
1625486112525000,1,1.90000000,1592.7600
1625486113896000,1,1.90000000,1590.9200
1625486173019000,1,0.05000000,1587.6100
1625486173019000,1,0.13796792,1586.9600
1625486173019000,1,0.02545254,1586.9500
1625486173415000,1,0.06249999,1587.0300
1625486173415000,1,0.00000001,1587.0300
1625486182234000,1,0.13491039,1586.9900
1625486185319000,0,0.02530851,1587.0500
1625486185319000,0,0.90622422,1587.0900
1625486185331000,0,0.99377578,1587.0900
1625486187056000,1,0.13208437,1585.3500
1625486187064000,1,0.00000001,1585.3500
1625486192861000,1,0.13356746,1584.2000
1625486192885000,1,0.00000001,1584.2000
1625486196517000,1,0.12000000,1580.0100
1625486233089000,0,0.02498991,1582.1600
1625486233089000,0,0.02501009,1582.2600
1625486233280000,0,0.02000000,1582.7300
1625486397870000,1,0.59999999,1584.6100
1625486401275000,1,0.00000001,1584.6100
1625486434956000,0,1.89990000,1580.7200
1625486476796000,0,0.11266699,1587.7900
1625486476800000,0,0.00000001,1587.7900
1625486486179000,0,0.06250000,1589.7700
1625486718454000,1,0.13867094,1594.4800
1625486718454000,1,0.26144427,1594.2200
1625486837722000,1,0.13552121,1594.9100
1625486837722000,1,0.33880302,1594.6400
1625486837726000,1,0.60000000,1594.5800
1625487024291000,1,0.08507878,1591.1100
1625487033819000,0,0.31213876,1592.6200
1625487075230000,0,4.40847987,1593.8500
1625487109452000,1,1.35872158,1592.2800
1625487109452000,1,0.07875798,1591.9300
1625487109452000,1,0.19698392,1591.9300
1625487109452000,1,1.08323652,1591.9200
1625487109454000,1,0.27581639,1591.9200
1625487109454000,1,0.51215819,1591.5600
1625487109454000,1,0.57172542,1591.5500
1625487109563000,1,4.43410000,1591.9400
1625487329552000,0,0.85195739,1599.0500
1625487652124000,1,0.28494236,1596.6300
1625487710027000,1,0.06250000,1598.1000
1625487710054000,1,0.07000000,1598.1000
1625488258787000,0,0.20153532,1594.0100
1625488258876000,0,0.07000000,1594.0100
1625488354633000,0,0.26238287,1598.1600
1625488354640000,0,0.33761713,1598.1600
1625488355744000,0,0.06250000,1599.2400
1625488355852000,0,6.73750000,1599.2400
1625488932547000,0,0.01675800,1597.9100
1625489745517000,0,0.18750503,1598.5100
1625489833409000,1,0.06250000,1596.8300
1625489833413000,1,0.00836286,1596.8300
1625489837898000,0,0.02557992,1597.4900
1625489837898000,0,1.90000000,1597.8500
1625489837898000,0,0.01442008,1597.9200
1625489838451000,0,1.90000000,1598.0100
1625489839449000,0,1.90000000,1598.0100
1625489840129000,0,0.54000000,1598.0100
1625489840785000,0,3.30000000,1598.0800
1625489845754000,0,4.21000000,1599.3800
1625489845779000,0,0.00288813,1599.3800
1625489910611000,0,1.35000000,1597.7900
1625489910658000,0,0.00734660,1597.7900
1625489953618000,1,4.37890000,1597.8800
1625490257521000,0,1.33000000,1598.9600
1625490260131000,1,0.32241139,1599.0200
1625490416627000,0,3.00000000,1601.9500
1625490416724000,0,1.35420000,1602.2900
1625490452573000,0,1.35260000,1603.1000
1625490710767000,0,0.01547276,1607.3400
1625491743952000,0,0.53000000,1607.3000
1625492887235000,0,0.90000000,1615.3600
1625492887235000,0,1.34257993,1615.4600
1625492887235000,0,4.50109668,1615.9200
1625492887235000,0,1.90000000,1615.9300
1625492887235000,0,1.34206292,1615.9400
1625492887235000,0,0.28354189,1615.9500
1625492893972000,1,4.50120000,1613.5200
1625492899760000,0,0.90000000,1614.4000
1625492899760000,0,0.12465778,1614.5000
1625492943071000,0,1.34000000,1613.4100
1625492943160000,0,1.26640000,1613.6900
1625493413267000,1,0.12000000,1609.0300
1625493859652000,0,0.06195926,1610.0900
1625494334933000,1,0.07000000,1606.6300
1625494335027000,1,0.00072000,1606.6300
1625494788870000,1,0.02575662,1610.1000
1625494788870000,1,0.06754338,1610.1000
1625494880864000,0,1.90000000,1611.0400
1625494880864000,0,0.24714418,1611.1000
1625495120021000,0,0.03089275,1610.4100
1625495251056000,0,0.05802400,1607.9700
1625495264701000,1,0.10000000,1606.6600
1625495264741000,1,0.00804100,1606.6600
1625495282379000,0,0.05003000,1606.3500
1625495416864000,1,0.49000000,1592.8200
1625495416864000,1,0.02457282,1592.8100
1625495419388000,0,0.24000000,1595.1300
1625495419388000,0,2.96730000,1595.1400
1625495579645000,1,0.02459813,1598.6500
1625495579645000,1,1.47540187,1598.3900
1625495655002000,1,0.02595540,1603.6800
1625495655002000,1,0.47404460,1603.4800
1625496649524000,1,1.47540000,1608.6200
1625496651304000,1,1.34660000,1606.8100
1625496994406000,1,0.11233733,1608.9900
1625497271110000,1,0.06200000,1608.0000
1625497274096000,1,0.34000000,1608.0000
1625497274660000,1,0.09000000,1608.0000
1625497274746000,1,0.00800000,1608.0000
1625497313835000,1,0.50000000,1606.0000
1625497325623000,1,0.10000000,1604.6200
1625497325637000,1,0.00812200,1604.6200
1625497347474000,1,0.08000000,1604.0100
1625497347766000,1,0.18000000,1604.0000
1625497347766000,1,0.32000000,1604.0000
1625497367193000,1,0.07000000,1604.1700
1625497382436000,1,0.07000000,1603.7800
1625497382436000,1,0.00966100,1603.7800
1625497429895000,1,0.02255200,1603.0100
1625497429895000,1,0.39744800,1603.0000
1625497429948000,1,0.00255200,1603.0000
1625497430539000,1,0.02200000,1600.6800
1625497520607000,0,0.02404497,1603.6500
1625497520607000,0,0.06375274,1603.7000
1625497771476000,0,0.07000000,1609.8600
1625498030771000,1,0.06000000,1606.0000
1625498030802000,1,0.00100000,1606.0000
1625498372108000,1,0.06000000,1602.7400
1625498372108000,1,0.00442200,1602.7400
1625498698390000,0,0.04316000,1601.7600
1625499058929000,0,0.06233091,1600.4900
1625499621941000,0,0.89999999,1596.6900
1625499621964000,0,0.00000001,1596.6900
1625500523386000,0,0.02000000,1597.9900
1625500523899000,0,0.11484958,1597.9900
1625500525303000,0,0.31071955,1597.9900
1625500526038000,0,0.69285739,1597.9900
1625500526110000,0,0.86157347,1597.9900
1625500886474000,1,1.51970054,1596.6000
1625500886474000,1,0.28297764,1596.6000
1625500886475000,1,0.09732182,1596.6000
1625500920209000,1,0.14000000,1597.1800
1625500920284000,1,0.00237622,1597.1800
1625500934672000,0,0.06250000,1600.0000
1625500934740000,0,1.17371284,1600.0000
1625500934742000,0,0.14914045,1600.0000
1625500934782000,0,0.42286989,1600.0000
1625500934807000,0,0.19177682,1600.0000
1625501147672000,0,4.11000000,1601.0700
1625502560372000,1,1.35160000,1601.6100
1625502977282000,1,2.14714418,1600.8000
1625505257190000,0,0.12000000,1598.6300
1625505858521000,1,0.05584781,1593.4600
1625505858524000,1,0.06250000,1593.4600
1625506360730000,1,0.07000000,1587.6500
1625506363391000,1,0.02409938,1586.3000
1625506368266000,1,0.12309568,1585.7300
1625506368266000,1,0.30773920,1585.7300
1625506368273000,1,0.00000001,1585.7300
1625506368496000,1,0.20538792,1585.3200
1625506368498000,1,0.59506014,1585.3200
1625506423392000,1,0.96908950,1583.4800
1625506423400000,1,0.39746201,1583.4800
1625506423721000,1,0.10948396,1582.4500
1625506433793000,0,0.02478599,1578.7600
1625506433793000,0,1.37521401,1579.0500
1625506439359000,1,0.99999999,1576.0000
1625506439406000,1,0.00000001,1576.0000
1625506446173000,1,0.02553898,1575.6700
1625506446173000,1,1.90000000,1575.3800
1625506446173000,1,0.02495607,1575.3100
1625506446173000,1,0.04950495,1575.0500
1625506506203000,1,0.24000000,1564.8000
1625506506305000,1,0.06250000,1564.7900
1625506507258000,0,0.07000000,1564.8000
1625506507326000,1,0.06250000,1564.7900
1625506508336000,1,0.06250000,1564.7900
1625506508338000,1,0.70250000,1564.7900
1625506553654000,1,1.90000000,1565.6300
1625506559073000,0,0.06250000,1566.5800
1625506570837000,1,4.28000000,1567.1700
1625506572551000,1,0.02527210,1566.2000
1625506572551000,1,0.01472790,1566.1900
1625506572608000,1,0.00971859,1566.1900
1625506574579000,0,7.40000000,1566.3000
1625506584440000,0,0.02490902,1569.7900
1625506587643000,0,0.02484109,1570.6100
1625506587643000,0,0.13388422,1571.3900
1625506613523000,0,1.00000000,1568.6500
1625506822900000,0,0.50000000,1570.5300
1625506856637000,0,0.02542576,1568.6100
1625506856637000,0,0.02510562,1568.9400
1625506856637000,0,0.02439980,1569.2900
1625506856637000,0,0.42715325,1569.2900
1625507374460000,0,0.06250000,1564.0000
1625507374834000,0,0.50454689,1564.0000
1625507374852000,0,0.23707413,1564.0000
1625507375376000,0,0.69587897,1564.0000
1625507375781000,0,0.00000001,1564.0000
1625507460513000,1,0.02526124,1567.5900
1625507460513000,1,0.07473876,1566.8100
1625507549331000,0,0.44439979,1574.7200
1625507588590000,0,0.02546279,1578.6600
1625507588590000,0,0.47453721,1578.9300
1625507618492000,0,0.22546279,1578.9300
1625507618492000,0,0.27453721,1579.0200
1625507623134000,0,2.20927061,1579.0300
1625507628697000,0,0.10000000,1580.9500
1625507843357000,0,0.02595385,1598.7800
1625507843357000,0,0.02469553,1599.3900
1625507843357000,0,0.32395606,1599.5000
1625507850961000,0,0.06250000,1599.5500
1625507851810000,0,0.17750000,1599.5500
1625507851810000,0,0.22909060,1599.5700
1625507851972000,0,0.06250000,1599.5700
1625507852333000,0,1.36284809,1599.5700
1625507852582000,0,1.41010000,1599.5700
1625507975995000,1,0.02574405,1594.7200
1625507975995000,1,0.13298126,1594.4800
1625508019033000,0,0.02493454,1603.8500
1625508022223000,1,0.02503118,1602.8000
1625508090510000,1,0.36374604,1603.4700
1625508090510000,1,0.23645616,1603.4700
1625508168011000,1,1.84230000,1607.4500
1625508184509000,1,0.00007145,1607.4500
1625508322555000,1,0.18048427,1607.2700
1625508322555000,1,0.00000001,1607.2700
1625508410468000,0,0.74109975,1607.2800
1625508410599000,0,0.37410120,1607.2800
1625508411448000,0,0.19622856,1607.2800
1625508411652000,0,0.76808232,1607.2800
1625508411656000,0,0.18699416,1607.2800
1625508411671000,0,0.48367709,1607.2800
1625508411699000,0,0.63954934,1607.2800
1625508411719000,0,0.29664161,1607.2800
1625508411868000,0,1.04883437,1607.2800
1625508544849000,1,0.14102413,1602.9200
1625508544852000,1,0.02805536,1602.9200
1625508545235000,0,0.06250000,1602.5900
1625508683947000,1,0.01540099,1600.6000
1625508684003000,1,0.00000001,1600.6000
1625508902389000,0,1.93000000,1602.9800
1625508999597000,0,4.17401152,1603.5300
1625509505855000,0,0.06000000,1608.7900
1625509630795000,1,0.07000000,1608.3600
1625509688064000,0,0.06250000,1612.6800
1625509688255000,0,0.07000000,1612.6800
1625509714016000,0,0.56595947,1613.0300
1625509714016000,0,0.03404053,1613.0300
1625509733248000,0,0.40439347,1615.2000
1625509733255000,0,0.19560653,1615.2000
1625509733696000,0,4.35090000,1617.3600
1625509805580000,1,0.60000000,1608.8500
1625509805580000,1,1.12610000,1608.7500
1625510036603000,1,0.05800000,1605.4500
1625510036682000,1,0.00068500,1605.4500
1625510107591000,1,0.04752706,1605.6200
1625510107609000,1,0.00096994,1605.6200
1625510166064000,1,0.03000000,1605.8400
1625510224262000,1,0.06000000,1604.6700
1625510248500000,1,0.01657082,1604.4000
1625510622465000,0,0.02590584,1608.4900
1625510622465000,0,1.90000000,1608.7800
1625510622465000,0,0.02660494,1608.8600
1625510622465000,0,1.14843420,1609.0300
1625511393995000,0,0.18395638,1606.6100
1625511394008000,0,0.49149521,1606.6100
1625511394566000,0,1.90000000,1606.6100
1625512065558000,0,0.10549224,1612.8200
1625512240120000,0,0.05800000,1614.2800
1625512240628000,0,0.90736930,1614.2800
1625512475875000,0,0.02499434,1617.8000
1625512475875000,0,0.59999999,1617.8400
1625512475877000,0,0.00000001,1617.8400
1625512475953000,0,0.02499433,1617.8000
1625512475959000,0,0.00065188,1617.8000
1625512479696000,0,0.60000000,1618.4700
1625512479696000,0,0.92389233,1618.4700
1625512479696000,0,0.73499190,1618.4700
1625512537961000,1,0.02445868,1618.0200
1625512537961000,1,0.01919132,1617.9900
1625513235947000,0,1.63960000,1625.4300
1625513240325000,1,0.07000000,1623.9500
1625514193753000,1,0.01994600,1624.0500
1625514855013000,0,0.02512915,1620.6600
1625514855013000,0,0.25423056,1620.7500
1625515205039000,0,0.06250000,1624.1100
1625515205048000,0,0.07000000,1624.1100
1625515205071000,0,0.07704646,1624.1100
1625515205097000,0,0.87322836,1624.1100
1625515205104000,0,0.32000000,1624.1100
1625515205132000,0,0.35873169,1624.1100
1625515205167000,0,0.04631588,1624.1100
1625515205178000,0,0.16210232,1624.1100
1625515205478000,0,0.23156599,1624.1100
1625515206249000,0,0.06250000,1624.1100
1625515206509000,0,0.27126778,1624.1100
1625515206519000,0,0.71741962,1624.1100
1625515206522000,0,0.82934150,1624.1100
1625515206527000,0,0.55535372,1624.1100
1625515206540000,0,0.96262668,1624.1100
1625515343183000,1,0.06250000,1625.0500
1625515343223000,1,1.83750000,1625.0500
1625515345573000,1,0.02538794,1622.5800
1625515345573000,1,0.26952075,1622.5600
1625515345573000,1,0.10761616,1622.5600
1625515345573000,1,0.67527515,1622.5600
1625515367411000,1,0.50321684,1622.0500
1625515367412000,1,1.39678316,1622.0500
1625515367412000,1,0.09601314,1622.0400
1625515367877000,1,0.09604745,1621.7000
1625515430973000,1,0.09399454,1619.9500
1625515430974000,1,0.00000001,1619.9500
1625515430974000,1,0.15143746,1619.8200
1625515430985000,1,0.08352573,1619.8200
1625515430985000,1,0.59447126,1619.8000
1625515430989000,1,0.00552874,1619.8000
1625515504040000,0,4.33000000,1620.7000
1625516069476000,1,0.07000000,1616.5100
1625516171734000,0,0.03074042,1618.3900
1625516262637000,1,3.60490000,1617.8400
1625516361682000,1,0.62134280,1617.5700
1625516361682000,1,0.08865720,1617.5700
1625516436478000,1,0.07513606,1613.9600
1625516436479000,1,0.00000001,1613.9600
1625516449603000,1,0.06250000,1612.4400
1625516449641000,1,0.01268822,1612.4400
1625516453296000,1,0.02541198,1611.7400
1625516453296000,1,0.00532844,1611.3800
1625516632423000,1,0.06250000,1606.4600
1625516632477000,1,0.00497600,1606.4600
1625516815205000,1,0.01560799,1605.4500
1625516815272000,1,0.00000001,1605.4500
1625516987839000,1,0.03000000,1606.3200
1625516987915000,1,0.00600300,1606.3200
1625517294309000,1,0.18000000,1606.0100
1625517294360000,1,0.00653200,1606.0100
1625517326147000,1,0.05000000,1604.5500
1625517326235000,1,0.00554800,1604.5500
1625517388804000,1,0.02523500,1605.1500
1625517388928000,1,0.00051500,1605.1500
1625517393587000,1,0.01892576,1604.3500
1625517532451000,1,0.08630740,1595.9700
1625517532542000,1,0.00000001,1595.9700
1625517567602000,1,0.04249299,1597.9300
1625517567638000,1,0.00000001,1597.9300
1625517631038000,1,0.03840200,1598.2600
1625517631038000,1,0.02428245,1598.2500
1625517631065000,1,0.00000001,1598.2500
1625517632858000,1,0.02880200,1597.4700
1625517632858000,1,0.02522263,1597.4500
1625517632866000,1,0.00000001,1597.4500
1625517662563000,0,1.59000000,1599.5200
1625517685938000,0,0.37000000,1598.4500
1625517685954000,0,0.00955618,1598.4500
1625518047021000,1,0.08917640,1597.0100
1625518047100000,1,0.05297260,1597.0100
1625518068299000,0,2.00000000,1597.4200
1625518887124000,0,0.07000000,1606.8900
1625518887128000,0,0.01162900,1606.8900
1625518947037000,0,0.01238933,1606.2200
1625520203816000,0,0.53016216,1615.6000
1625521545912000,0,0.58994374,1617.1700
1625521985812000,0,0.02506874,1619.5900
1625521985812000,0,0.33243964,1619.9600
1625522984638000,1,0.50997599,1612.9000
1625522984676000,1,0.11719683,1612.9000
1625522984710000,1,0.07000000,1612.9000
1625522985077000,1,0.29315297,1612.9000
1625522985209000,1,0.06250000,1612.4400
1625523049378000,0,0.06250000,1614.3100
1625523049441000,0,0.21709040,1614.3100
1625523049457000,0,0.25129822,1614.3100
1625523050397000,0,0.06250000,1615.1000
1625523050458000,0,5.73750000,1615.1000
1625523266290000,1,4.50800000,1614.3500
1625523313446000,1,0.18000000,1610.6000
1625523320931000,1,0.26000000,1609.4400
1625523323463000,1,0.21255899,1608.1700
1625523324234000,1,0.17562299,1607.0100
1625523326015000,0,0.05844100,1609.4600
1625523354666000,1,0.12000000,1609.7200
1625523413232000,1,4.24000000,1609.8800
1625523963877000,0,0.08000000,1617.4700
1625523963902000,0,0.00053600,1617.4700
1625525317558000,1,0.18000000,1609.3500
1625525574007000,1,0.12000000,1609.5400
1625525574075000,1,0.00973100,1609.5400
1625525594632000,1,0.09000000,1609.1300
1625525632304000,1,0.05000000,1608.4000
1625526667807000,0,0.01540766,1615.4300
1625527525476000,1,0.01975000,1616.7600
1625527882236000,1,0.18000000,1610.3800
1625527912786000,1,0.06000000,1609.6800
1625527912810000,1,0.00821200,1609.6800
1625528265085000,1,0.04000000,1606.8400
1625528266931000,1,0.03581800,1605.8800
1625528291835000,1,0.03000000,1605.6900
1625528809419000,1,0.04000000,1599.2500
1625528830410000,1,0.04000000,1599.1000
1625528847829000,1,0.04212628,1599.0400
1625528935996000,1,0.06000000,1599.2800
1625529219675000,1,0.06250000,1588.2300
1625529219797000,1,0.06680645,1588.2300
1625529219797000,1,0.32294685,1587.7000
1625529219797000,1,0.83924577,1587.2200
1625529219797000,1,0.24000000,1586.3600
1625529219797000,1,0.03100093,1586.0300
1625529219840000,1,0.50000000,1586.0300
1625529226949000,0,3.04220000,1587.1300
1625529227051000,0,0.07000000,1587.1300
1625529296447000,1,1.53397661,1588.0300
1625529296451000,1,0.46602339,1588.0300
1625529296452000,1,1.36242755,1587.9300
1625529296452000,1,0.17154906,1587.5800
1625529297467000,1,0.16000000,1586.8700
1625529414870000,1,2.60000000,1588.9800
1625529500340000,1,0.08000000,1586.9900
1625529708373000,0,1.17268313,1587.1500
1625529708402000,0,0.06250000,1587.1500
1625529924272000,0,0.05717400,1597.1000
1625530436405000,1,2.17550000,1605.1300
1625530436482000,1,0.07000000,1605.1300
1625530633748000,1,0.06250000,1598.5100
1625530638550000,1,0.12444799,1597.1800
1625530638558000,1,0.00000001,1597.1800
1625530760949000,0,0.02568796,1598.1100
1625530760949000,0,0.97431204,1598.2300
1625531383588000,1,0.06120700,1604.3800
1625531384129000,1,0.06120700,1604.3800
1625531406392000,0,0.52992691,1605.4700
1625531406433000,0,0.07007309,1605.4700
1625531959079000,1,2.00000000,1622.5200
1625531977561000,1,4.11000000,1621.5700
1625532812622000,1,0.12984266,1617.0000
1625532918283000,0,1.26000000,1617.5800
1625532918389000,0,2.89208130,1617.5800
1625533361201000,1,0.12000000,1611.8800
1625533612654000,1,1.06350000,1614.1400
1625534006677000,1,0.11000000,1609.0600
1625534006853000,1,0.07636500,1609.0600
1625534147649000,1,0.06250000,1605.0000
1625534869754000,0,0.07000000,1610.7900
1625535203002000,1,1.96000000,1615.2400
1625535203014000,1,0.04000000,1615.2400
1625536019006000,0,6.42000000,1607.4200
1625536019025000,0,0.48000000,1607.4200
1625536407695000,1,0.15764200,1605.6600
1625536414005000,1,0.18000000,1604.3700
1625536427885000,1,0.11000000,1604.4000
1625536456286000,1,0.04775800,1604.8000
1625536456286000,1,0.02224200,1604.7900
1625536456317000,1,0.00335607,1604.7900
1625536485353000,1,0.04490164,1604.8800
1625536524097000,1,0.02313999,1604.9700
1625536524097000,1,0.00000001,1604.9700
1625536582322000,1,7.00000000,1600.3300
1625536875862000,1,0.06000000,1602.6400
1625538306710000,0,0.49772624,1599.5400
1625538306716000,0,0.06250000,1599.5400
1625538306825000,0,0.32869243,1599.5400
1625538306833000,0,0.28000000,1599.5400
1625538306848000,0,6.83108133,1599.5400
1625538360271000,1,0.02403418,1600.7100
1625538360271000,1,0.36826382,1600.7100
1625538360271000,1,1.52199430,1600.7100
1625538360273000,1,0.10974188,1600.7100
1625538360273000,1,1.30402174,1600.6500
1625538380274000,1,4.30640000,1597.9100
1625538446623000,0,0.04437400,1597.7500
1625538678412000,1,0.83936559,1597.7900
1625538678412000,1,1.16063441,1597.7900
1625538678412000,1,0.36363656,1597.5900
1625539119212000,1,0.83000000,1599.7100
1625540874375000,0,4.60000000,1610.0800
1625542846757000,0,1.10000000,1607.7900
1625542846757000,0,0.02589421,1607.8000
1625542846757000,0,0.60000000,1608.2300
1625542846757000,0,4.40465298,1608.3300
1625542846757000,0,4.60000000,1608.3400
1625542846757000,0,0.02521007,1608.3700
1625542846757000,0,1.34437847,1608.4600
1625542846757000,0,1.34404714,1608.8500
1625542846757000,0,1.34426006,1609.0900
1625542846757000,0,1.34304099,1609.6100
1625542846757000,0,1.34409989,1610.1300
1625542846757000,0,1.34493181,1610.2400
1625542846757000,0,0.49000000,1611.3300
1625542846757000,0,0.73000000,1611.3500
1625542846757000,0,1.45000000,1612.6900
1625542846757000,0,1.34464121,1612.7100
1625542846757000,0,1.96481364,1613.2900
1625543106374000,1,1.34409909,1605.6800
1625543106374000,1,0.02513747,1605.5400
1625543106374000,1,0.13280423,1605.4700
1625543174047000,1,4.51000000,1605.5700
1625543174079000,1,0.00599960,1605.5700
1625544226047000,0,0.02462355,1620.3500
1625544232751000,1,2.08360000,1620.0200
1625544246380000,0,0.24000000,1628.4600
1625544250915000,0,0.02545758,1632.0000
1625544250915000,0,0.03704242,1632.0200
1625544251018000,0,1.70905605,1632.0200
1625544321676000,1,0.02556991,1640.6300
1625544321676000,1,2.77153009,1640.4800
1625544337707000,1,0.20000000,1637.5500
1625544509691000,0,1.31515024,1645.1900
1625544509691000,0,0.02510621,1645.3100
1625544509691000,0,0.16754685,1645.6600
1625544509695000,0,1.14856705,1645.6600
1625544509697000,0,0.60000000,1645.2700
1625544575457000,1,0.76507569,1646.7600
1625544575501000,1,1.50561314,1646.7600
1625544575503000,1,1.02541095,1646.7600
1625544575507000,1,0.07000000,1646.7600
1625544575520000,1,1.50561314,1646.7600
1625544575527000,1,0.41002892,1646.7600
1625544575528000,1,0.74900742,1646.7600
1625544575623000,1,0.56262780,1646.7600
1625544575623000,1,0.20662294,1646.7600
1625544946066000,1,0.49000000,1645.2200
1625544946066000,1,3.49000000,1644.9100
1625544946080000,1,0.89539615,1644.9100
1625545068308000,1,0.22306844,1654.7800
1625545126900000,0,2.00000000,1654.0600
1625545769660000,1,2.00000000,1657.6400
1625545929167000,1,0.13000000,1653.4500
1625546437480000,0,0.38568551,1665.9300
1625546645271000,0,0.02422753,1665.9700
1625546645271000,0,0.02576693,1666.9600
1625546645271000,0,2.54670554,1667.0100
1625546647011000,0,6.40000000,1667.7200
1625546647625000,0,0.02583246,1669.8300
1625546647625000,0,1.14416754,1670.6500
1625546676705000,1,0.02534400,1668.9400
1625546702139000,1,0.02554730,1667.4500
1625546713155000,1,4.07000000,1664.5300
1625546889451000,0,0.01700000,1663.2000
1625546895794000,0,0.00026405,1663.2000
1625547176925000,1,1.29599211,1667.2200
1625547186009000,1,0.02000000,1665.5000
1625547558813000,0,0.05300000,1668.5400
1625549831117000,1,0.59170624,1670.0900
1625549831125000,1,0.70157666,1670.0900
1625549831125000,1,0.79660571,1670.0900
1625549831126000,1,1.20339429,1670.0900
1625549831522000,1,0.13323616,1669.7200
1625549831522000,1,0.33309040,1669.4800
1625549883735000,0,0.02540376,1674.2400
1625549883735000,0,0.02460574,1674.6200
1625549883735000,0,0.70000000,1674.7300
1625549883735000,0,3.43729050,1674.8200
1625549955333000,1,0.15000000,1670.9700
1625549962583000,1,2.00000000,1676.6800
1625550004160000,1,1.55000000,1674.9500
1625550356442000,1,0.83000000,1669.3600
1625550373880000,1,2.86000000,1669.3600
1625550479894000,1,0.02500751,1668.7500
1625550479894000,1,0.02443813,1668.2800
1625550479894000,1,0.60000000,1668.2300
1625550479894000,1,1.29403507,1668.1300
1625550479894000,1,0.02437253,1667.9200
1625550479894000,1,2.03214676,1667.8900
1625551016092000,1,1.29240000,1669.7700
1625551386740000,1,0.12000000,1669.8400
1625551392884000,1,0.00655230,1669.8400
1625551392884000,1,0.31344770,1669.4200
1625551394984000,1,0.00291412,1669.4200
1625551394984000,1,0.81708588,1669.2200
1625551398075000,1,0.00545262,1669.2200
1625551420976000,0,7.30000000,1670.6000
1625551833300000,0,0.40016299,1679.0400
1625551833309000,0,0.69983701,1679.0400
1625552033280000,1,1.28918095,1672.2200
1625552248594000,1,1.20000000,1667.6900
1625552399959000,0,0.02599277,1670.0300
1625552399959000,0,0.47400723,1670.3900
1625552441728000,0,0.10000000,1670.5500
1625553285321000,0,2.29432247,1677.1400
1625553359410000,0,0.02537598,1678.9000
1625553359410000,0,0.31243449,1679.0600
1625553549990000,0,0.37389410,1676.2500
1625554725688000,1,0.06000000,1667.6800
1625554782657000,1,0.01700000,1668.2800
1625555768035000,0,0.30764134,1675.3600
1625556912059000,1,0.08000000,1674.3600
1625556912207000,1,0.20663202,1674.3600
1625556913184000,1,0.71000000,1674.3600
1625556952731000,1,0.00486798,1674.3600
1625556952875000,1,0.06250000,1673.4000
1625557898649000,0,0.01700000,1680.2200
1625558222688000,0,0.02436260,1688.4800
1625558222688000,0,0.02406183,1688.8300
1625558222688000,0,0.02469701,1689.2100
1625558222688000,0,0.26679342,1689.3200
1625558317491000,1,0.02435725,1686.1900
1625558416020000,0,0.06250000,1689.8200
1625558422429000,0,0.06250000,1691.1200
1625558426014000,1,0.06250000,1692.0200
1625558499152000,1,0.01400000,1684.3200
1625558499152000,1,0.04850000,1684.0800
1625558499273000,1,0.06577386,1684.0800
1625558499388000,1,0.01400000,1683.5100
1625558541397000,0,0.39305790,1683.8800
1625558541407000,0,1.15882829,1683.8800
1625558561275000,1,1.84237145,1686.6000
1625558566564000,0,0.06250000,1688.9200
1625558836768000,1,0.60000000,1685.9100
1625558836768000,1,0.12242962,1685.8200
1625558836768000,1,0.30605229,1685.4400
1625558836768000,1,0.25351809,1685.4300
1625558836776000,1,1.02840000,1685.4300
1625559400413000,0,0.02352366,1681.3200
1625559443521000,1,1.28690462,1680.7300
1625559443521000,1,0.60000000,1680.6700
1625559443521000,1,0.11309538,1680.2200
1625559529574000,0,0.54000000,1683.0000
1625559533165000,0,0.13000000,1683.0000
1625559535185000,0,0.08000000,1683.0000
1625559535777000,0,2.25000000,1683.0000
1625559860184000,0,1.00000000,1688.0000
1625559948841000,1,0.60000000,1686.5700
1625561757982000,0,1.47665488,1688.7900
1625561782663000,1,0.01275157,1686.7500
1625562071410000,1,0.25623499,1683.4500
1625562078797000,1,0.00000001,1683.4500
1625562089282000,1,1.11284153,1679.7700
1625562093295000,1,0.11996113,1678.6500
1625562093296000,1,0.00000001,1678.6500
1625562093667000,1,0.06250000,1678.5400
1625562101778000,0,0.06250000,1675.5500
1625562104345000,1,0.02586021,1672.6100
1625562147605000,1,2.00000000,1677.4000
1625562148325000,1,0.44465603,1677.0600
1625562148340000,1,1.49981855,1677.0600
1625562148342000,1,0.05552542,1677.0600
1625562170849000,1,0.02527931,1676.2700
1625562170849000,1,0.02560305,1676.0500
1625562170849000,1,0.02448631,1675.6900
1625562170849000,1,1.21533133,1675.5500
1625562170868000,1,0.07540250,1675.5500
1625562170868000,1,0.12208480,1675.4500
1625562170868000,1,0.02530276,1675.3300
1625562170868000,1,0.10000000,1675.2800
1625562170868000,1,0.30523749,1675.1100
1625562170868000,1,1.29108566,1675.1000
1625562170868000,1,4.27871675,1674.6500
1625562170868000,1,0.59967004,1674.6400
1625562170902000,1,0.69152493,1674.6400
1625562170902000,1,0.59907507,1674.1000
1625562211427000,0,4.07041650,1679.0300
1625562409512000,0,0.41031195,1681.6700
1625562409873000,0,0.27744835,1681.6700
1625562409955000,0,1.31223970,1681.6700
1625562598439000,1,0.02423754,1684.0500
1625562598439000,1,0.12160565,1683.7900
1625562598439000,1,0.85415681,1683.7800
1625562624298000,0,0.85447132,1684.9600
1625562705125000,1,0.17456064,1684.0800
1625562705125000,1,0.43640339,1683.9300
1625562732483000,1,0.06250000,1676.8000
1625562734112000,1,0.04566900,1676.3800
1625562739051000,1,0.02926886,1675.8500
1625562739063000,1,0.11903655,1675.8500
1625562739278000,1,0.37076351,1675.1000
1625562752959000,1,0.04000000,1671.4900
1625562756833000,1,0.00004800,1668.2800
1625562783568000,1,0.14160529,1666.3900
1625562783568000,1,0.14149163,1666.2800
1625562783568000,1,0.35388170,1666.2800
1625562783769000,0,0.04114500,1666.3100
1625562791077000,1,0.06250000,1656.5200
1625562816942000,1,0.24000000,1657.5500
1625562818663000,0,15.00000000,1657.6300
1625562839000000,0,0.06250000,1653.4100
1625562934364000,1,0.03692000,1658.4000
1625562963344000,0,1.33224772,1650.0500
1625562963737000,0,1.50593589,1650.0500
1625562963737000,0,0.38493879,1650.0500
1625562963865000,0,3.47687760,1650.0500
1625562987570000,1,0.06000000,1653.6800
1625563002815000,1,0.01649000,1653.4900
1625563009104000,1,0.07000000,1650.1800
1625563073752000,1,0.03722399,1650.4000
1625563073754000,1,0.00000001,1650.4000
1625563074575000,1,0.03722400,1649.0100
1625563075577000,1,0.02402972,1648.5200
1625563075577000,1,0.01317027,1648.1600
1625563075594000,1,0.01179359,1648.1600
1625563075594000,1,0.02542641,1647.7400
1625563121067000,1,0.13186421,1641.4500
1625563121067000,1,0.13185138,1641.1200
1625563121067000,1,4.73628441,1641.1100
1625563126297000,1,0.06250000,1641.1100
1625563126909000,1,0.20121559,1641.1100
1625563138436000,1,0.02558159,1640.1700
1625563138436000,1,0.02441841,1640.1500
1625563139408000,1,0.06250000,1637.5100
1625563139767000,1,0.05362183,1637.5100
1625563139767000,1,0.11601716,1637.5100
1625563139767000,1,0.28036101,1637.5100
1625563140001000,1,0.00994356,1637.5100
1625563162129000,1,0.07690184,1637.1900
1625563174893000,1,0.82282187,1634.5000
1625563174893000,1,0.12662373,1634.5000
1625563174893000,1,0.31055440,1634.5000
1625563174962000,1,0.00586961,1634.5000
1625563190347000,1,0.11433485,1634.8100
1625563207105000,1,0.02543984,1636.1800
1625563207105000,1,0.02549745,1635.9000
1625563207105000,1,0.02580113,1635.4800
1625563207105000,1,0.02535558,1635.4600
1625563207105000,1,1.32262016,1635.3700
1625563207105000,1,0.08563298,1635.0900
1625563207108000,1,1.51034714,1635.0900
1625563207109000,1,0.40401988,1635.0900
1625563207109000,1,0.75409000,1634.6700
1625563207109000,1,0.35223726,1634.6500
1625563207129000,1,1.51034714,1634.6500
1625563207133000,1,0.13741560,1634.6500
1625563207133000,1,0.11363931,1634.5900
1625563207133000,1,0.28425438,1634.5900
1625563207133000,1,0.28409827,1634.5900
1625563207133000,1,0.69093958,1634.5900
1625563361034000,1,0.84000000,1639.4100
1625563361039000,1,0.47000000,1639.4100
1625563465264000,1,0.18095210,1638.8300
1625563475709000,1,1.60000000,1637.9700
1625563476203000,0,0.06250000,1637.9700
1625563478157000,0,0.07350200,1639.0100
1625563494696000,1,0.06250000,1638.4100
1625563523489000,1,0.02471295,1639.4100
1625563523489000,1,0.01528705,1639.4000
1625563526990000,1,0.04805400,1638.5100
1625563598874000,0,0.07000000,1637.2300
1625563754980000,0,0.30370088,1640.0000
1625563812535000,1,0.50000000,1635.0600
1625563872160000,0,0.60000000,1644.4500
1625563872160000,0,0.19792040,1644.5500
1625563993450000,1,0.12580269,1641.3600
1625564099841000,1,0.02589244,1636.5500
1625564099841000,1,0.02511225,1636.5400
1625564099841000,1,0.44899531,1636.1700
1625564175610000,1,0.02432192,1636.4100
1625564175610000,1,0.02423882,1636.0000
1625564175610000,1,0.12778894,1635.6300
1625564175610000,1,0.13129166,1635.6300
1625564251983000,0,0.02494955,1641.3000
1625564251983000,0,0.47205691,1641.5400
1625564270057000,1,3.74080000,1638.9400
1625564898386000,1,2.00000000,1643.3700
1625564921600000,1,1.81000000,1644.1600
1625564939036000,1,2.00000000,1643.7800
1625565402317000,0,0.03666098,1648.6200
1625565402335000,0,0.19862802,1648.6200
1625565444546000,0,0.18049779,1649.6600
1625565755371000,1,0.97000000,1646.3600
1625565839787000,1,0.10483300,1643.1400
1625565851658000,1,1.19000000,1643.5600
1625565864650000,1,0.06000000,1642.8700
1625565873069000,1,0.09000000,1642.3500
1625565878876000,0,0.02410888,1643.7200
1625565878876000,0,0.28050504,1643.7200
1625565889235000,1,0.06000000,1641.9400
1625565956393000,1,0.04727600,1642.1100
1625565959207000,1,0.03000000,1641.1700
1625566215487000,1,4.26280000,1629.8700
1625566297560000,0,0.39000000,1638.2400
1625566307388000,1,0.28297221,1637.2900
1625566307669000,1,0.31702779,1637.2900
1625566383448000,1,0.02501887,1631.6100
1625566383448000,1,0.02494642,1631.3100
1625566383448000,1,0.02521804,1630.8900
1625566383448000,1,0.49000000,1630.8100
1625566383448000,1,0.75931435,1630.8000
1625566383925000,1,0.60000000,1631.7700
1625566391870000,0,4.08637534,1633.8000
1625566554672000,0,0.15315000,1641.0200
1625566560913000,0,0.06541900,1642.7300
1625566698867000,1,3.20000000,1639.1800
1625566726043000,0,4.49000000,1640.9800
1625566755907000,0,0.06000000,1642.6200
1625566755921000,0,0.00133500,1642.6200
1625566814699000,0,5.60000000,1645.4500
1625566962559000,1,4.25940000,1643.0700
1625567821366000,1,0.15680999,1638.9500
1625567821389000,1,0.00000001,1638.9500
1625568047370000,1,0.06250000,1637.6000
1625568047520000,1,0.05500000,1637.6000
1625568058671000,0,0.02420665,1637.8500
1625568058671000,0,1.12986102,1638.1600
1625568068044000,1,0.06634499,1636.5300
1625568068116000,1,0.00000001,1636.5300
1625568251818000,0,0.05500000,1639.7100
1625568639353000,1,0.02646460,1631.6700
1625568639353000,1,1.32632730,1631.5100
1625568639353000,1,0.12675038,1631.3700
1625568639353000,1,0.01530685,1631.3600
1625568639578000,1,0.31689925,1631.1200
1625569971946000,1,1.32041041,1639.1500
1625569971946000,1,0.02492842,1639.0300
1625569971946000,1,0.60000000,1638.9800
1625569971946000,1,1.32060628,1638.8800
1625569971946000,1,0.02596472,1638.6900
1625569971946000,1,0.12285714,1638.6000
1625569971946000,1,1.32073983,1638.5900
1625569971946000,1,0.26449320,1638.3100
1625570089552000,1,0.20000000,1638.4700
1625570089552000,1,1.12140000,1637.9500
1625570343082000,1,0.12480155,1632.8900
1625570343367000,1,0.07000000,1632.2100
1625570343714000,1,0.12480155,1632.2100
1625570343714000,1,0.31200386,1632.2100
1625570343716000,1,0.00000001,1632.2100
1625571068821000,0,0.23999999,1637.8200
1625571068832000,0,0.00000001,1637.8200
1625571217831000,1,1.32108278,1637.4200
1625571217831000,1,0.17071952,1637.4200
1625571217832000,1,1.49180231,1637.4200
1625571217868000,1,0.33747817,1637.4200
1625571217868000,1,0.12464528,1637.0500
1625571217868000,1,0.12458362,1637.0400
1625571217868000,1,0.90509523,1637.0400
1625571641800000,0,0.07000000,1643.7600
1625571665876000,1,0.79000000,1642.7000
1625571761529000,1,1.22000000,1643.3600
1625572132027000,0,0.95937772,1665.4900
1625572147995000,0,0.02448631,1667.0100
1625572699475000,1,0.18000000,1658.0200
1625572748629000,1,0.16000000,1657.8300
1625572748692000,1,0.00245400,1657.8300
1625572757216000,1,0.03000000,1656.6600
1625572830256000,1,0.05357000,1650.4100
1625572830496000,1,4.30830000,1649.0900
1625572876740000,1,0.02429812,1653.4300
1625572876740000,1,1.76570188,1653.4100
1625572958600000,1,0.11000000,1648.5000
1625572960987000,1,0.04362393,1648.1400
1625572997976000,1,0.11067200,1648.1500
1625573009776000,1,0.02593699,1647.0700
1625573009896000,1,0.00000001,1647.0700
1625573033797000,1,0.04000000,1647.4900
1625573033813000,1,0.00914800,1647.4900
1625573076493000,1,0.03833399,1647.6700
1625573076542000,1,0.00000001,1647.6700
1625573132404000,0,4.16000000,1648.8400
1625573367972000,0,0.27656090,1658.6600
1625573368126000,0,0.46343910,1658.6600
1625573375470000,0,2.00000000,1661.3600
1625573453075000,0,0.51147760,1671.5400
1625573453081000,0,0.00000001,1671.5400
1625573465153000,0,0.23999999,1675.1700
1625573477958000,1,0.07000000,1680.6700
1625573478376000,1,0.17000000,1680.6700
1625573609221000,1,0.06000000,1671.3900
1625573609228000,1,0.00792800,1671.3900
1625573609998000,1,0.02508679,1669.5100
1625573609998000,1,0.02514721,1669.2000
1625573644976000,0,0.40911475,1672.4900
1625573644981000,0,0.19088525,1672.4900
1625573732375000,1,0.08000000,1672.2300
1625573732442000,1,0.00450200,1672.2300
1625573764151000,1,0.02753399,1670.4800
1625573764154000,1,0.00000001,1670.4800
1625574086249000,0,0.07000000,1673.7200
1625574133873000,1,0.22909999,1672.1100
1625574133889000,1,0.00000001,1672.1100
1625574134716000,1,1.29380000,1671.6300
1625574273133000,1,0.26000000,1668.6900
1625574273273000,1,0.00037000,1668.6900
1625574497441000,0,0.06000000,1674.2700
1625574497462000,0,0.00294600,1674.2700
1625575685615000,0,0.06000000,1678.9000
1625575914418000,0,0.80000000,1684.4400
1625575914418000,0,0.50000000,1684.5400
1625575914418000,0,0.73230555,1684.5400
1625576674065000,0,0.60000000,1684.3200
1625576674065000,0,0.87392412,1684.3200
1625576674066000,0,1.12607587,1684.3200
1625576674079000,0,0.00000001,1684.3200
1625576927761000,0,0.02376888,1684.1100
1625576934390000,1,0.15475341,1682.6400
1625576934390000,1,1.13214659,1682.6300
1625577086605000,1,0.06250000,1683.2300
1625577086608000,1,1.22436394,1683.2300
1625577325271000,1,0.48213047,1672.3000
1625577786811000,0,1.95526840,1679.3500
1625577808586000,0,0.06250000,1680.0800
1625578294585000,1,0.18000000,1673.4600
1625578305538000,1,0.25000000,1672.4700
1625578838585000,0,0.02581477,1672.2300
1625578838585000,0,0.00988499,1672.4100
1625578923776000,0,4.07000000,1669.0300
1625579070946000,1,0.06250000,1666.3200
1625579070969000,1,0.08377395,1666.3200
1625579151660000,1,1.53600000,1666.1100
1625579265827000,1,0.02524691,1668.7500
1625579285059000,0,1.29947187,1669.9500
1625579285059000,0,1.29928476,1670.1900
1625579285059000,0,0.34441310,1670.4200
1625579288949000,1,4.37000000,1668.4300
1625579298018000,1,0.02500000,1665.7700
1625579298106000,1,0.00075417,1665.7700
1625579353335000,1,0.25900599,1661.8900
1625579353338000,1,0.00000001,1661.8900
1625579354343000,1,0.57428175,1661.0400
1625579354348000,1,0.94537390,1661.0400
1625579354375000,1,0.06250000,1661.0400
1625579354582000,1,2.91784435,1661.0400
1625579355083000,0,0.12566700,1661.7100
1625579356117000,1,1.03000000,1659.9100
1625579358792000,1,0.06016000,1657.7600
1625579358792000,1,7.32904000,1657.7500
1625579359302000,1,0.06016000,1657.7500
1625579412997000,1,0.01998499,1658.8100
1625579413031000,1,0.00000001,1658.8100
1625579419501000,1,0.01498800,1658.6200
1625579482805000,1,0.02431455,1654.6600
1625579513911000,1,0.02409261,1655.8900
1625579513911000,1,2.00000000,1655.8900
1625579521158000,1,0.02386385,1655.1100
1625579531103000,1,3.78000000,1653.6500
1625579562758000,0,1.97900000,1658.2500
1625579572761000,1,0.02375517,1656.3000
1625579650554000,1,1.96000000,1660.2600
1625579664593000,1,0.02568718,1660.0300
1625579664593000,1,0.28431282,1660.0300
1625579668130000,1,1.54000000,1659.3600
1625579680516000,1,0.11000000,1657.4800
1625579785942000,1,2.00000000,1666.8400
1625580013582000,0,0.02500000,1665.7800
1625580013951000,0,1.97000000,1665.7800
1625580013981000,0,0.00500000,1665.7800
1625580243395000,1,0.06250000,1664.6100
1625580441230000,1,0.09301700,1659.5900
1625580441241000,1,0.31112985,1659.3300
1625580441244000,1,0.28887015,1659.3300
1625580441906000,1,0.09301700,1658.7600
1625580472160000,1,0.06184299,1659.3400
1625580472160000,1,0.00000001,1659.3400
1625580476577000,1,0.60000000,1657.7100
1625580490062000,1,0.02807499,1658.2700
1625580490064000,1,0.00000001,1658.2700
1625580514919000,1,0.12826014,1655.4300
1625580514929000,1,0.25933360,1654.7600
1625580514929000,1,0.06131676,1654.7600
1625580514929000,1,0.32086340,1654.3000
1625580514929000,1,1.10323932,1654.0300
1625580997014000,1,0.07000000,1663.4100
1625581093314000,1,0.12375542,1659.8600
1625581240431000,0,0.17076070,1658.2600
1625581240478000,0,1.40286248,1658.2600
1625581240767000,0,0.06269201,1658.2600
1625581320665000,1,0.12000000,1659.5700
1625581913155000,0,0.08507699,1668.1500
1625581913193000,0,0.00000001,1668.1500
1625581921440000,0,0.07040026,1669.1900
1625581921460000,0,0.00143674,1669.1900
1625581936624000,1,1.49450000,1666.3600
1625582310030000,1,0.09999999,1671.5100
1625582310058000,1,0.00000001,1671.5100
1625582841825000,0,0.02570043,1670.4000
1625583680253000,1,0.02458787,1662.5200
1625583680275000,1,0.00050179,1662.5200
1625583682596000,1,0.02587222,1662.0800
1625583682596000,1,1.45618666,1661.7000
1625583682598000,1,0.54342089,1661.7000
1625583683579000,1,0.06250000,1662.2200
1625583683579000,1,0.02529001,1662.0100
1625583683589000,1,0.00000001,1662.0100
1625583734383000,1,1.99950000,1659.4200
1625583734392000,1,2.07824499,1659.4200
1625583858089000,0,0.02384561,1656.7200
1625583883142000,0,0.02470042,1656.6100
1625583950011000,0,2.32000000,1660.9100
1625584225357000,1,0.06250000,1655.8000
1625584225498000,1,0.05232498,1655.8000
1625585427284000,1,2.92000000,1665.5300
1625585427292000,1,0.61000000,1665.5300
1625585551028000,0,0.07000000,1666.9500
1625585612865000,0,0.02033873,1672.4900
1625585727823000,1,2.00000000,1670.6800
1625585913469000,0,0.02558905,1673.6800
1625585913469000,0,2.00000000,1674.1700
1625585913469000,0,0.02547769,1674.1700
1625585913469000,0,0.02911750,1674.5300
1625585939941000,1,0.02450259,1671.7100
1625586125174000,0,2.00000000,1673.3600
1625587384045000,1,0.26147699,1669.1500
1625587384167000,1,0.00000001,1669.1500
1625587397263000,1,0.07000000,1667.9000
1625587494631000,1,0.02398354,1667.4700
1625587570243000,0,0.06250000,1671.6200
1625587626146000,0,0.14000000,1674.5300
1625587639685000,0,0.02546015,1673.6200
1625587639685000,0,0.02516408,1673.9700
1625587639685000,0,1.13793656,1674.3600
1625587683028000,0,1.13790000,1674.8700
1625587749418000,0,2.00000000,1675.0700
1625588353433000,1,0.06000000,1666.0800
1625588360782000,1,0.01600000,1665.0900
1625588360855000,1,0.00098100,1665.0900
1625588365393000,1,0.02466969,1663.8600
1625588635017000,1,0.05400000,1665.9600
1625588635040000,1,0.00465200,1665.9600
1625588635472000,1,0.12844278,1665.1100
1625588635477000,1,0.00000001,1665.1100
1625588959624000,1,0.03620022,1665.5700
1625589000940000,1,0.02788900,1665.5900
1625589004531000,1,0.02091700,1664.2700
1625589005122000,1,0.02091700,1662.5300
1625589124950000,0,0.02455580,1662.9500
1625589124950000,0,0.00386336,1663.0400
1625589647062000,1,0.18000000,1662.4800
1625589647137000,1,0.00334200,1662.4800
1625589870627000,1,0.05000000,1660.2000
1625589870690000,1,0.00341500,1660.2000
1625589902835000,1,0.08000000,1660.9200
1625589902866000,1,0.00395800,1660.9200
1625589931607000,0,1.98290000,1664.4000
1625589952322000,0,0.07000000,1664.4000
1625589994694000,1,0.90000000,1666.0700
1625590172652000,1,0.02522373,1665.2200
1625590172652000,1,0.02536477,1664.8600
1625590172652000,1,1.42609278,1664.5800
1625590172653000,1,0.57390722,1664.5800
1625590172653000,1,0.02423589,1664.5000
1625590172653000,1,0.87853817,1664.3400
1625590173224000,1,0.06250000,1665.6000
1625590299633000,0,0.02564419,1666.6200
1625590299633000,0,0.00420583,1666.9400
1625590567619000,0,0.02491139,1665.2300
1625590567619000,0,0.02489042,1665.5900
1625590567619000,0,0.60000000,1665.6000
1625590567619000,0,0.24623919,1665.9800
1625590691750000,1,0.02440159,1668.1700
1625590691750000,1,0.25167206,1667.8100
1625590917930000,1,0.70000000,1675.9300
1625591492066000,1,0.10500074,1663.8500
1625591695552000,1,0.02454962,1661.0900
1625591695552000,1,0.02465514,1660.7400
1625591717838000,1,0.06250000,1659.4900
1625591719484000,1,2.24730000,1657.4000
1625591773374000,1,0.02521685,1659.3700
1625591773374000,1,0.60000000,1658.9600
1625591773374000,1,0.37478315,1658.7300
1625591834258000,1,0.02598018,1663.8900
1625591835712000,1,0.06000000,1663.8900
1625591835799000,1,0.00250000,1663.8900
1625592041338000,0,4.24872659,1668.9900
1625592071783000,0,1.46643538,1677.1300
1625592071784000,0,0.53356462,1677.1300
1625592148148000,1,0.30000000,1672.5500
1625592229075000,1,0.06250000,1672.7000
1625592229111000,1,0.07000000,1672.7000
1625593195797000,0,0.11000000,1673.5200
1625593195829000,0,0.00255400,1673.5200
1625593196626000,0,1.99990000,1673.9100
1625593196701000,0,0.07000000,1673.9100
1625593196971000,0,0.51000000,1673.9100
1625593197630000,0,0.07059300,1673.9000
1625593197630000,0,1.84940700,1673.9100
1625593198287000,0,0.01873760,1673.9100
1625593198921000,0,0.11346479,1673.9100
1625593198973000,0,5.43152822,1673.9100
1625593848293000,0,0.82187164,1679.6000
1625593940368000,0,0.60000000,1686.0200
1625593940368000,0,0.02578814,1686.0300
1625593940368000,0,0.02464971,1686.3800
1625593940368000,0,0.02431018,1686.7700
1625593940368000,0,0.02538590,1687.1800
1625593940368000,0,0.48287323,1687.2200
1625593959465000,0,0.60000000,1685.8500
1625593959465000,0,0.86204066,1685.8600
1625593972047000,1,0.02551755,1685.8300
1625594016619000,1,0.06250000,1688.3000
1625594048527000,1,5.50000000,1685.0500
1625594048665000,1,0.02438899,1685.0400
1625594048665000,1,0.60000000,1684.6300
1625594048665000,1,0.02581708,1684.6000
1625594048665000,1,2.54599393,1684.5300
1625594304109000,0,0.02592463,1681.5500
1625594304109000,0,0.02549960,1681.9000
1625594304109000,0,1.13486453,1681.9000
1625594362289000,0,0.98000000,1681.3300
1625594455000000,0,4.06000000,1680.3200
1625595168843000,0,0.60000000,1681.7300
1625595505374000,0,0.21457877,1687.3400
1625595505385000,0,0.38542123,1687.3400
1625595618933000,1,2.00000000,1686.1100
1625595765824000,0,0.06250000,1690.1400
1625595766251000,0,0.13125034,1690.0700
1625595766258000,0,0.56874966,1690.0700
1625595788431000,1,0.07000000,1689.7100
1625595788447000,1,0.05037465,1689.7100
1625595788447000,1,0.30094731,1689.4400
1625595789198000,1,0.27000000,1688.8300
1625595956205000,0,0.02537198,1686.3200
1625595956205000,0,2.00000000,1686.5900
1625595956205000,0,0.02490779,1686.6900
1625595956205000,0,2.00000000,1686.7200
1625595956580000,0,0.06200000,1686.4500
1625596086066000,0,1.28359268,1690.1000
1625596135755000,0,0.02472827,1688.7500
1625596135755000,0,0.06364807,1688.8200
1625596278369000,1,0.02495485,1687.7200
1625596278392000,1,0.00050928,1687.7200
1625596361149000,0,0.60000000,1691.3600
1625596361149000,0,2.41760000,1691.4600
1625596361421000,0,0.07563054,1691.3100
1625597096290000,0,6.50000000,1682.3700
1625597114008000,1,0.14000000,1680.1400
1625597195336000,1,0.02309762,1680.6000
1625597305466000,1,1.29363802,1679.2100
1625597765584000,0,0.71343614,1677.0700
1625597866723000,1,0.06250000,1674.2400
1625597868311000,1,0.27880407,1674.2400
1625597868318000,1,0.39720593,1674.2400
1625597891813000,1,0.15068345,1673.2800
1625597892133000,1,0.15000000,1672.8000
1625597892217000,1,0.00068345,1672.8000
1625598310539000,1,0.02440665,1675.9100
1625598310539000,1,1.27486678,1675.5400
1625598310551000,1,0.72513322,1675.5400
1625598310551000,1,0.02439086,1675.4600
1625598310551000,1,0.02577314,1675.1000
1625598310551000,1,0.52390112,1674.9200
1625598310551000,1,0.07609888,1674.9200
1625598310551000,1,1.22320922,1674.8200
1625598339564000,1,0.60000000,1675.4500
1625598339564000,1,0.02460498,1675.2700
1625598339564000,1,0.67199502,1675.1600
1625598584776000,1,1.71000000,1678.5100
1625600072258000,0,0.55983271,1680.6100
1625600072277000,0,0.06250000,1680.6100
1625600665284000,1,0.04888721,1682.2600
1625600677365000,0,0.02564138,1683.8900
1625600677365000,0,0.26976928,1684.1900
1625600825527000,0,6.20000000,1681.7700
1625600829623000,0,1.12000000,1684.4300
1625601025616000,1,2.28880000,1683.9300
1625601127969000,1,1.28970000,1684.2500
1625601494357000,0,0.02569160,1686.7600
1625601494357000,0,0.63977380,1686.9000
1625601604150000,1,1.28879631,1685.9300
1625603239154000,1,0.35000000,1682.8100
1625603245223000,1,0.00693869,1682.8100
1625603594981000,1,0.18000000,1676.0400
1625603680153000,1,0.00261400,1676.0400
1625603758880000,1,0.07000000,1674.2900
1625603889711000,1,0.04000000,1673.3700
1625604205059000,1,0.00023400,1673.3700
1625604721511000,1,0.06475099,1668.7800
1625604721514000,1,0.00000001,1668.7800
1625605134217000,0,0.03000000,1672.3200
1625605134278000,0,0.10000000,1672.3200
1625605134443000,0,0.17158639,1672.3200
1625605134528000,0,0.60157376,1672.3200
1625605134589000,0,0.73135561,1672.3200
1625605134644000,0,0.55589708,1672.3200
1625605134682000,0,0.06250000,1672.3200
1625605134719000,0,0.22644327,1672.3200
1625605134801000,0,5.32064389,1672.3200
1625605236438000,1,0.27935971,1669.7000
1625605258642000,1,1.30000000,1669.6200
1625605293141000,1,0.00099075,1669.6200
1625605293141000,1,1.30082883,1669.2300
1625605293141000,1,0.16924538,1669.0200
1625605293147000,1,1.13236273,1669.0200
1625605293151000,1,1.30163939,1668.7000
1625605293667000,1,0.14280103,1668.2900
1625605294403000,0,0.06250000,1668.2400
1625605298459000,1,0.13000000,1667.9300
1625605320841000,1,0.07000000,1667.3400
1625605320886000,1,0.00055900,1667.3400
1625605400423000,1,0.04456000,1666.7900
1625605400423000,1,1.66844000,1666.4100
1625605487380000,1,0.03000000,1667.3500
1625605621949000,1,1.30272721,1667.7900
1625605640116000,1,1.30000000,1667.4200
1625606096442000,0,0.31577416,1664.4100
1625606096522000,0,1.47648173,1664.4100
1625606096529000,0,0.20774411,1664.4100
1625606349816000,0,0.08000000,1666.5900
1625606350950000,0,0.17000000,1666.5900
1625606351001000,0,0.40000000,1666.5900
1625606352693000,0,3.38000000,1666.5900
1625606352720000,0,0.00963167,1666.5900
1625606663677000,0,1.30000000,1670.2900
1625606691355000,0,0.07979799,1672.3500
1625606691357000,0,0.00000001,1672.3500
1625606804387000,1,1.72050000,1670.2100
1625606960562000,1,0.05690762,1665.9500
1625606960775000,1,0.00116138,1665.9500
1625606975230000,1,0.02447740,1664.8100
1625607055466000,1,4.13231109,1664.3200
1625607195569000,0,3.96245004,1666.0600
1625608305558000,1,0.12000000,1660.8100
1625608305563000,1,0.00300969,1660.8100
1625608392189000,1,0.12211594,1653.4200
1625608392189000,1,0.12204664,1653.4200
1625608404102000,0,0.02507978,1650.9400
1625608442558000,0,0.02442023,1652.7600
1625608460019000,1,0.02554986,1650.5200
1625608460019000,1,0.02503548,1650.1500
1625608460019000,1,0.32330876,1649.7700
1625608809921000,1,4.04000000,1654.2500
1625608880743000,0,4.11849417,1661.9900
1625608880758000,0,0.08405090,1661.9900
1625608913601000,1,0.53016216,1660.6600
1625611331878000,1,0.02513389,1676.5000
1625611331878000,1,0.02579938,1676.1200
1625611331878000,1,0.12559611,1675.7800
1625611331878000,1,1.29630741,1675.7700
1625611331878000,1,0.02467409,1675.7300
1625611331878000,1,0.53479467,1675.3800
1625613169811000,0,0.02422017,1675.8800
1625613426014000,0,0.02479933,1678.2000
1625613470459000,0,0.79000000,1679.2800
1625613524611000,1,1.29490000,1677.8800
1625613739495000,0,1.90000000,1680.2400
1625613739495000,0,0.11869405,1680.3200
1625614254843000,0,0.02960974,1680.1900
1625615880717000,0,0.02594405,1688.5500
