timestamp ms,type,amount,price
1625962439411000,1,3.11800000,1536.4000
1625962439547000,1,0.07000000,1536.4000
1625962446813000,1,0.02000000,1536.4000
1625964706929000,0,4.38000000,1526.4500
1625964707009000,0,2.12000000,1526.4500
1625965467711000,0,2.87000000,1522.5400
1625965467879000,0,0.14000000,1522.5400
1625965467942000,0,0.14000000,1522.5400
1625965468028000,1,0.80000000,1521.5700
1625965468955000,0,0.58000000,1522.5400
1625965496699000,0,0.34000000,1522.7500
1625965496762000,0,6.46000000,1522.7500
1625965563322000,0,0.15000000,1521.4000
1625965563342000,0,2.60000000,1521.4000
1625965585893000,0,0.70000000,1519.5600
1625965767201000,0,6.25000000,1521.3400
1625965767204000,0,0.12000000,1521.3400
1625965767245000,0,0.32000000,1521.3400
1625965826298000,0,0.54000000,1520.9100
1625965826323000,0,0.17836000,1520.9100
1625965826452000,0,0.54000000,1520.9100
1625965826647000,0,1.26000000,1520.9100
1625965826670000,0,0.45000000,1520.9100
1625965826681000,0,0.02904533,1520.9100
1625965827397000,0,0.39000000,1520.9100
1625965827727000,0,0.81000000,1520.9100
1625965829097000,0,1.00000000,1520.9100
1625965829150000,0,0.45000000,1520.9100
1625965883033000,0,5.30000000,1522.0100
1625965981519000,0,8.50000000,1522.4200
1625966413036000,0,4.70000000,1522.2100
1625967006059000,0,0.07000000,1527.3000
1625967006092000,0,7.93000000,1527.3000
1625967313673000,0,8.20000000,1527.3500
1625967403434000,0,7.90000000,1529.4200
1625968715199000,1,0.06250000,1524.9500
1625968715251000,1,0.06844244,1524.9500
1625969779822000,1,0.03676944,1518.5400
1625969779825000,1,0.59999999,1518.5400
1625969918562000,0,6.00000000,1520.3500
1625970277894000,1,0.06250000,1514.5600
1625970467782000,0,0.06250000,1514.9200
1625970467877000,0,0.06800000,1514.9200
1625971039530000,0,8.10000000,1515.8200
1625972238325000,1,0.07000000,1511.1800
1625972617196000,1,0.14109066,1511.9900
1625972617200000,1,0.45890934,1511.9900
1625972643321000,0,7.90000000,1511.3300
1625973172378000,1,0.02000000,1506.5500
1625974258389000,1,0.02413938,1509.1500
1625974258404000,1,0.00049264,1509.1500
1625975052722000,1,1.00000000,1505.6500
1625975052743000,1,0.00841803,1505.6500
1625975350802000,0,0.06250000,1506.0800
1625975350887000,0,0.07000000,1506.0800
1625975352727000,0,5.56000000,1506.0800
1625976902610000,1,0.04000000,1500.5100
1625977875264000,1,0.48000000,1500.3500
1625978046224000,0,1.83000000,1504.5300
1625978046899000,0,1.04000000,1504.5300
1625978046940000,0,1.30532771,1504.5300
1625978047051000,0,0.06250000,1504.5300
1625978730361000,1,0.03000000,1505.1000
1625978818656000,1,1.40736666,1503.4900
1625979179108000,1,0.07000000,1508.9000
1625981972892000,0,4.80000000,1511.8400
1625982043406000,0,0.07000000,1511.8500
1625982044398000,0,3.37000000,1511.8500
1625982044427000,0,0.73000000,1511.8500
1625982044449000,0,3.53000000,1511.8500
1625982319533000,0,0.05633378,1514.1700
1625982465489000,0,5.60000000,1513.2800
1625982598970000,1,0.02700000,1511.8400
1625982652954000,0,2.88000000,1512.8400
1625983030622000,0,1.30000000,1513.7400
1625983034817000,0,5.90000000,1513.9000
1625984012543000,1,0.29000000,1516.3200
1625984012590000,1,0.00966650,1516.3200
1625984410194000,0,0.88000000,1513.1400
1625984410248000,0,3.59000000,1513.1400
1625984410255000,0,0.78000000,1513.1400
1625984614875000,0,0.68000000,1511.9200
1625984615078000,0,0.10000000,1511.9200
1625984615272000,0,0.13000000,1511.9200
1625984659423000,0,0.40000000,1510.6300
1625984767792000,1,0.06250000,1508.1900
1625984802379000,0,4.31000000,1509.7200
1625985329367000,1,1.43108350,1506.3000
1625985564420000,1,4.60000000,1510.5900
1625986057128000,0,5.80000000,1506.4300
1625988361156000,1,0.07000000,1505.7100
1625988832905000,0,0.04393523,1509.9000
1625989815619000,0,0.07000000,1512.3100
1625990231701000,1,0.03469333,1511.5400
1625990538377000,1,0.07000000,1509.8800
1625990538378000,1,0.06354658,1509.8800
1625990539702000,1,0.06250000,1509.5300
1625990539796000,1,0.27139295,1509.5300
1625990827918000,1,0.19000000,1507.2700
1625991007968000,1,0.02516189,1505.2900
1625991007968000,1,1.34000159,1505.2500
1625991850415000,0,0.06300000,1516.0600
1625991851492000,0,0.00062700,1516.0600
1625991878015000,1,0.02494745,1515.9900
1625991878015000,1,0.00686655,1515.9900
1625992528998000,0,0.02424763,1517.2100
1625992528998000,0,0.06919722,1517.4200
1625992547174000,1,0.10000000,1515.4300
1625992547201000,1,0.00373400,1515.4300
1625992798815000,0,0.01308599,1520.7100
1625995489190000,0,0.17361432,1533.5700
1625995489271000,0,0.06250000,1533.5700
1625995666739000,0,0.02578373,1529.9900
1625995666739000,0,0.02405718,1530.3900
1625995666739000,0,0.65015909,1530.7200
1625995874897000,1,0.02100000,1527.0000
1625995880153000,1,0.67899999,1527.0000
1625995880154000,1,0.00000001,1527.0000
1625995881217000,1,0.01600000,1525.8800
1625995927633000,1,0.09443969,1525.3300
1625995927633000,1,0.02412586,1525.3200
1625995927633000,1,0.90000000,1525.2300
1625995927633000,1,1.41560265,1525.1300
1625995927633000,1,0.15582444,1524.9900
1625997145263000,0,0.16732097,1528.3200
1625998687581000,0,18.47643192,1534.5900
1625998687581000,0,9.23356808,1534.5900
1625998687613000,0,0.00579306,1534.5900
1625998689899000,0,0.06250000,1536.6700
1625998690273000,0,0.74494235,1537.0000
1625998690290000,0,0.07313328,1537.0000
1625998690299000,0,0.68262677,1537.0000
1625998695592000,0,0.09873882,1537.0000
1625998700828000,0,1.40207511,1537.0000
1625998717055000,1,0.12000000,1534.6200
1625998849395000,1,0.70000000,1530.3600
1625999450392000,1,0.08934037,1525.0300
1625999450426000,1,0.00182327,1525.0300
1625999574159000,1,0.06300000,1524.9500
1625999574233000,1,0.00539064,1524.9500
1625999880634000,1,1.41826470,1522.6300
1626000027380000,1,0.05364190,1522.5500
1626000046739000,1,1.41867785,1522.1000
1626000046739000,1,0.17230866,1521.9100
1626000046740000,1,0.27705897,1521.9100
1626000046859000,1,0.04132540,1521.9000
1626001624794000,0,0.02462043,1525.6900
1626001624794000,0,0.00635467,1525.9400
1626002497453000,0,0.06250000,1528.8300
1626002497507000,0,0.07000000,1528.8300
1626004848351000,0,0.21868459,1537.7500
1626005242553000,0,0.02457990,1531.1800
1626005242553000,0,0.02450018,1531.4200
1626005242553000,0,0.25091992,1531.9400
1626005300570000,1,1.41192762,1529.7600
1626005300691000,1,0.07000000,1529.5400
1626005408374000,0,0.20000000,1530.1100
1626005649511000,1,0.20000000,1529.0000
1626006228493000,0,0.05000000,1528.0400
1626007553474000,0,1.69181772,1529.1600
1626008724019000,1,0.20000000,1526.5500
1626009377845000,1,0.03000000,1524.3600
1626009378123000,1,0.00326639,1524.3600
1626010446991000,1,0.50000000,1529.9300
1626010446994000,1,1.58916357,1529.6100
1626011636739000,0,0.16252427,1534.5400
1626011802928000,1,2.00000000,1535.4100
1626014679335000,0,0.60000000,1543.9400
1626014681288000,0,0.06250000,1544.6600
1626014682398000,0,0.32137784,1544.6600
1626014682456000,0,0.07000000,1544.6600
1626014682515000,0,0.62283575,1544.6600
1626014682525000,0,2.22505635,1544.6600
1626015692423000,1,0.07000000,1544.2500
1626015954540000,1,1.40000000,1542.6400
1626016830338000,1,1.39000000,1543.1300
1626017191425000,1,1.40321234,1539.0000
1626017613533000,1,1.40000000,1540.6900
1626017614413000,1,1.37406562,1540.4600
1626018913854000,1,1.05410000,1542.0700
1626019251285000,1,0.12627104,1542.3500
1626019402603000,0,0.32322656,1543.1900
1626019736044000,0,0.02444936,1542.6600
1626019736044000,0,0.47555064,1543.0000
1626019782298000,0,0.50000000,1541.4400
1626020336078000,1,1.40000000,1533.4100
1626020336308000,1,1.00000000,1532.7700
1626020516175000,0,0.02566329,1537.1700
1626020516175000,0,0.97433671,1537.1700
1626024590434000,0,1.39926708,1546.0000
1626024590434000,0,0.18236587,1546.2000
1626024590435000,0,1.21620227,1546.2000
1626024676716000,0,0.15282780,1546.2500
1626027128267000,1,0.06250000,1537.8900
1626029042473000,0,0.02473700,1545.1600
1626029042473000,0,1.39941981,1545.1700
1626029042473000,0,0.58953508,1545.3700
1626029907293000,1,1.40071735,1542.0700
1626029907293000,1,0.61297454,1541.9600
1626030004427000,0,1.90240000,1544.2600
1626030368396000,1,0.79000000,1542.5300
1626030989149000,1,0.03000000,1540.5700
1626030989386000,1,0.54509092,1540.5700
1626031166432000,1,1.40000000,1539.2400
1626031168079000,1,0.40237420,1539.0800
1626031621134000,1,1.40000000,1538.4600
1626031623150000,1,0.28000000,1538.3600
1626031929487000,1,1.40000000,1538.6000
1626032225993000,1,1.39915632,1539.8700
1626032620483000,1,0.82000000,1538.4700
1626032660553000,1,0.58000000,1538.4700
1626032952442000,1,1.40000000,1540.2400
1626033002551000,1,0.23000000,1538.6200
1626033261844000,1,0.02472091,1536.6000
1626033261844000,1,1.40527909,1536.5100
1626033273990000,0,0.15371455,1537.3300
1626033716493000,1,1.96000000,1537.2500
1626033718507000,1,0.03920000,1537.2500
1626033727488000,1,0.00015587,1536.5100
1626033727488000,1,0.02508948,1536.2000
1626033727488000,1,1.40532027,1536.1800
1626033727488000,1,0.48000000,1535.9900
1626033727488000,1,0.09642854,1535.9800
1626033728480000,1,2.00000000,1536.2700
1626033728480000,1,0.00699416,1536.1800
1626033823371000,1,0.06917869,1539.2800
1626033823371000,1,1.40294631,1539.2000
1626033823371000,1,0.02414289,1539.0700
1626033823371000,1,1.40309055,1539.0000
1626033823371000,1,1.40322767,1538.7800
1626033823371000,1,0.02554366,1538.6900
1626033823371000,1,1.40306074,1538.5400
1626033823371000,1,0.02566408,1538.3800
1626033825546000,1,2.00000000,1539.0700
1626033825546000,1,1.40309055,1539.0000
1626033825546000,1,0.06250000,1538.9600
1626033825546000,1,1.40322767,1538.7800
1626033825546000,1,1.40118178,1538.5400
1626033826894000,0,0.02508647,1540.0800
1626033826894000,0,1.40317873,1540.4900
1626033826894000,0,0.57795323,1540.5300
1626033837221000,1,1.40322767,1538.7800
1626033837221000,1,1.99677233,1538.7800
1626033844542000,1,1.40322767,1538.7800
1626033844542000,1,0.00187896,1538.5400
1626033844542000,1,1.40318998,1538.4200
1626033877520000,1,1.40373495,1537.3000
1626033877520000,1,0.60248348,1537.3000
1626033918490000,1,1.40313824,1538.5200
1626033918490000,1,0.17448654,1538.4900
1626033923980000,1,1.40313824,1538.5200
1626033923980000,1,1.22864208,1538.4900
1626033923980000,1,1.39821968,1538.2300
1626033926572000,1,1.40313824,1538.5200
1626033926572000,1,1.39686176,1538.4900
1626033936951000,1,1.40316772,1538.7300
1626033936951000,1,1.40313824,1538.5200
1626033936951000,1,0.00369404,1538.4900
1626034027948000,1,0.03979990,1539.2100
1626034027948000,1,1.40020010,1538.8900
1626034071923000,1,0.00234869,1538.8900
1626034071923000,1,1.39765131,1538.8200
1626034087468000,1,1.40268854,1539.1000
1626034087468000,1,1.39731146,1538.8900
1626034105737000,1,1.40000000,1539.3200
1626034202199000,1,1.02000000,1541.1100
1626034202218000,1,0.38067323,1541.1100
1626034224004000,1,0.05000000,1539.3400
1626034293899000,1,1.40000000,1540.1200
1626034298734000,1,1.40000000,1539.8600
1626034299183000,1,0.25000000,1539.6100
1626034299193000,1,0.39000000,1539.6100
1626034828651000,1,0.18522000,1538.8700
1626034839362000,1,0.05695956,1537.7200
1626034961503000,1,0.04000000,1537.4600
1626035061612000,1,3.00000000,1537.6500
1626035201020000,1,0.03388199,1537.4400
1626035202687000,1,0.02541100,1537.4500
1626035204337000,1,0.01905799,1537.4500
1626035223995000,1,0.00000001,1537.4500
1626035223995000,1,0.00000001,1537.4400
1626035446646000,1,1.40580252,1535.2000
1626035446646000,1,1.40601842,1535.1300
1626035621870000,1,1.40000000,1534.7400
1626035708779000,1,0.47922000,1537.1100
1626035716224000,1,1.40000000,1537.3100
1626036010627000,0,0.01959357,1536.4700
1626036845743000,1,0.19000000,1535.9200
1626036990301000,1,1.40571063,1535.6400
1626036990301000,1,1.40540676,1535.4800
1626036990301000,1,0.02562665,1535.1100
1626036990301000,1,1.38005596,1535.0600
1626037127494000,1,1.16585844,1531.6700
1626037399027000,1,1.40000000,1531.4400
1626037468011000,1,1.40000000,1532.1600
1626037517360000,1,0.06250000,1530.7400
1626037518241000,1,0.05000000,1530.0000
1626037607533000,1,0.02541913,1530.8000
1626039141337000,0,0.02579711,1545.6000
1626039141337000,0,0.02402958,1545.9600
1626039141337000,0,0.02115608,1546.0900
1626039335361000,0,1.02379847,1555.7400
1626041155928000,0,0.02548298,1562.2900
1626041155928000,0,1.38301014,1562.5000
1626042054631000,0,0.07000000,1555.7500
1626042348987000,0,1.20485183,1557.7600
1626042418907000,1,0.29999999,1555.0000
1626042418930000,1,0.00000001,1555.0000
1626042690591000,1,0.02600000,1551.7600
1626042787266000,1,0.04257549,1549.9800
1626043878370000,1,0.03400000,1548.2900
1626044488513000,0,0.12871825,1546.0900
1626045195250000,1,0.02460578,1539.9000
1626045195266000,1,0.88093947,1539.7900
1626045611492000,0,1.62670000,1544.5700
1626048008367000,1,0.25925043,1538.4200
1626048101458000,1,0.06000000,1537.7500
1626048101463000,1,0.00779800,1537.7500
1626048101783000,1,0.01426785,1535.9900
1626048431471000,1,0.13000000,1535.0000
1626049692225000,0,0.36281653,1535.7900
1626049929518000,0,4.64940000,1538.8000
1626051825334000,1,0.06250000,1531.1200
1626051907616000,0,0.03780467,1532.3500
1626053331387000,0,0.20901647,1537.6300
1626053539430000,0,0.19469291,1537.1900
1626056141478000,0,0.07363800,1542.0700
1626056177541000,0,1.39910000,1543.0900
1626056177552000,0,0.00007231,1543.0900
1626056177552000,0,1.39912769,1543.2500
1626056287507000,0,0.00015560,1543.2500
1626056334743000,1,0.02555778,1543.6300
1626056334743000,1,0.02967022,1543.6300
1626060777792000,1,0.12000000,1553.8400
1626063077997000,0,1.38580000,1559.3600
1626063784092000,1,1.37000000,1557.3500
1626064832530000,1,0.12000000,1548.9400
1626064832605000,1,0.00402182,1548.9400
1626064833091000,1,0.12402662,1548.6800
1626066004602000,0,0.06000000,1547.4400
1626068111131000,0,0.05000000,1544.9000
1626068314786000,0,1.39930000,1545.3200
1626068314939000,0,4.60000000,1545.4100
1626070766907000,0,0.03218439,1545.7800
1626071443694000,1,0.02450319,1549.4100
1626071664387000,0,0.03484536,1550.2000
1626072370683000,0,2.00000000,1552.8200
1626072396786000,1,0.33100000,1552.6200
1626073571107000,1,0.32000000,1550.5300
1626073571736000,1,0.32000000,1550.5300
1626073571856000,1,0.00172895,1550.5300
1626074496538000,0,0.02554737,1552.3300
1626074496538000,0,0.41000000,1552.4900
1626076000552000,1,0.07000000,1546.7800
1626076269565000,0,0.40000000,1548.0200
1626076637802000,1,0.01600000,1546.2000
1626076840415000,1,0.10000000,1545.2200
1626076877341000,0,0.30897070,1545.8100
1626076956745000,0,0.79000000,1545.2500
1626076990112000,0,0.60000000,1545.7600
1626076990112000,0,0.40000000,1545.8600
1626076990122000,0,0.02501498,1545.9400
1626076990122000,0,0.55395640,1546.0700
1626076990122000,0,4.76692862,1546.0900
1626077056889000,0,0.40000000,1544.9800
1626077111586000,0,0.40000000,1545.5000
1626077893050000,0,1.30000000,1554.2300
1626078053902000,0,0.06250000,1553.7200
1626078053923000,0,0.07000000,1553.7200
1626079715196000,1,2.00000000,1545.1800
1626079715196000,1,0.50000000,1545.1300
1626080024464000,1,0.07000000,1545.6900
1626080285005000,1,0.13307123,1544.1800
1626082768097000,1,0.01954144,1539.2800
1626083120839000,0,0.02149100,1542.7400
1626083291008000,0,0.01939452,1544.2500
1626084125088000,0,1.32859245,1528.7000
1626084129888000,0,0.57252018,1528.7000
1626084129888000,0,1.59888736,1528.7000
1626084129986000,0,0.00000001,1528.7000
1626084234797000,1,1.41009750,1530.0700
1626085850043000,1,0.52586127,1527.6200
1626085850046000,1,0.59141320,1527.6200
1626085850055000,1,0.30063423,1527.6200
1626085853824000,1,0.12664060,1526.1000
1626085853824000,1,0.57335940,1526.0900
1626085894549000,0,0.02574318,1524.3700
1626086255144000,0,0.60000000,1529.1600
1626086328653000,0,0.09673871,1527.6200
1626086369621000,0,0.02580175,1526.4000
1626086369621000,0,0.85279825,1526.4200
1626086712402000,1,0.01719000,1520.7500
1626086714523000,1,0.01700000,1520.7500
1626086715236000,1,0.01719000,1520.8400
1626086771690000,0,0.06250000,1524.0000
1626086771832000,0,0.07000000,1524.0000
1626086772006000,0,0.56750000,1524.0000
1626087046364000,1,0.07000000,1520.0000
1626087046686000,1,0.75400000,1520.0000
1626087046686000,1,0.17135935,1518.9800
1626087069081000,1,0.02426310,1517.9400
1626087069081000,1,0.02464941,1517.7300
1626087069081000,1,0.02566433,1517.3800
1626087069081000,1,1.13027499,1517.1900
1626087069741000,1,1.20000000,1518.3600
1626087120897000,1,1.42680000,1516.7300
1626087142074000,0,0.02451733,1518.1000
1626087158370000,1,0.21549201,1517.8900
1626087158373000,1,0.59444992,1517.8900
1626087158373000,1,0.54544507,1517.8900
1626087158376000,1,0.54544156,1517.8900
1626087158440000,1,0.06250000,1517.8900
1626088086899000,1,0.58000000,1522.3200
1626088087043000,1,0.00718358,1522.3200
1626088087486000,1,6.82000000,1521.2400
1626088088010000,1,0.06250000,1521.2400
1626088088893000,1,0.51750000,1521.2400
1626088101380000,0,0.02435141,1521.7300
1626088101383000,0,1.90000000,1522.0000
1626088105329000,1,0.02430131,1520.1300
1626088105329000,1,0.11237533,1519.8200
1626088105329000,1,0.28414800,1519.8200
1626088105329000,1,0.02408553,1519.8100
1626088105329000,1,0.55508983,1519.5700
1626088296278000,0,0.02560546,1519.6200
1626088298654000,1,0.16734650,1518.0900
1626088298682000,1,0.00341523,1518.0900
1626088505905000,1,0.06000000,1519.9500
1626088505987000,1,0.00632122,1519.9500
1626088742503000,0,0.02470489,1525.8700
1626088742503000,0,0.97529511,1525.8700
1626089384905000,0,0.37000000,1522.8400
1626089445213000,0,2.00000000,1522.5900
1626089445213000,0,0.01600735,1523.0500
1626090548844000,1,0.50000000,1519.0000
1626090588685000,0,1.10000000,1522.3900
1626090686257000,0,1.16695893,1522.5900
1626090687868000,0,1.00000000,1522.7900
1626090783261000,1,0.02860816,1520.4500
1626091505220000,0,1.68290000,1518.9300
1626091570178000,1,2.00000000,1518.3800
1626091619792000,1,0.02523889,1518.4200
1626091624750000,1,2.00000000,1518.8900
1626091624750000,1,0.02000000,1518.8500
1626091835009000,1,4.00000000,1519.7700
1626092079898000,0,0.33600546,1521.8800
1626092482896000,1,0.28000000,1520.1700
1626092792988000,1,0.06250000,1518.0600
1626092797135000,0,0.02563412,1518.5000
1626092797135000,0,0.00548837,1518.5900
1626092845347000,1,0.06000000,1516.7700
1626093048318000,1,0.02491816,1514.9500
1626093249611000,0,0.06250000,1516.6200
1626093249686000,0,0.07000000,1516.6200
1626093293142000,1,0.67000000,1517.0100
1626093362452000,1,0.65000000,1519.0100
1626093362756000,1,1.35000000,1519.0100
1626093362756000,1,0.02000000,1518.8600
1626093364647000,1,0.60000000,1518.9300
1626093364714000,1,0.24000000,1518.9300
1626093367401000,1,1.16000000,1518.9300
1626093368843000,0,0.02539978,1520.1000
1626093368843000,0,1.40050022,1520.1600
1626094439002000,0,0.02528669,1524.3400
1626094439002000,0,0.47471331,1524.6600
1626094909659000,1,0.96319323,1520.3400
1626094909660000,1,0.46177369,1520.3400
1626094909660000,1,1.12945356,1520.1100
1626094924562000,1,2.66460000,1518.4200
1626094924602000,1,0.06250000,1518.4200
1626094924875000,1,1.66517850,1518.4200
1626094934985000,0,2.00000000,1518.2200
1626095113512000,1,0.02491395,1521.4300
1626095124520000,1,0.32000000,1521.5400
1626095124582000,1,0.32000000,1521.5400
1626095124940000,1,0.68000000,1521.5400
1626095125015000,1,0.10411004,1521.5400
1626095134328000,0,3.50000000,1523.0100
1626095136164000,1,0.23324000,1522.2400
1626095138779000,1,0.56000000,1522.2400
1626095138941000,1,0.63031475,1522.2400
1626095166390000,1,0.02527638,1522.5600
1626095166390000,1,0.54472362,1522.5600
1626095166411000,1,0.69000000,1522.5600
1626095166428000,1,0.02477085,1522.5600
1626095166700000,1,0.16368515,1522.5600
1626095166700000,1,0.03631485,1522.5600
1626095166720000,1,0.24000000,1522.5600
1626095166730000,1,0.23324000,1522.5600
1626095168363000,1,1.42317962,1522.5600
1626095168363000,1,1.19682038,1522.5600
1626095168410000,1,0.80317962,1522.5600
1626095170873000,1,1.42000000,1522.5600
1626095170945000,1,0.00317962,1522.5600
1626095172414000,1,1.42000000,1522.5600
1626095172482000,1,0.00317962,1522.5600
1626095174172000,1,1.15000000,1522.5600
1626095174200000,1,0.27317962,1522.5600
1626095176179000,1,1.42000000,1522.5600
1626095176249000,1,0.00317962,1522.5600
1626095177749000,1,0.06000000,1522.6600
1626095184508000,1,0.09000000,1522.9800
1626095184625000,1,0.11000000,1522.9800
1626095190555000,1,2.00000000,1522.8800
1626095203572000,1,1.42000000,1523.3200
1626095203620000,1,0.00235328,1523.3200
1626095205417000,1,0.20000000,1523.3200
1626095205417000,1,1.22235328,1523.3200
1626095207182000,1,1.42000000,1523.0900
1626095207962000,1,0.00253850,1523.0900
1626095209190000,1,1.42000000,1523.0900
1626095220559000,1,0.00253850,1523.0900
1626095220559000,1,1.42279026,1522.8700
1626095226497000,0,0.70000000,1524.0400
1626095226497000,0,0.40000000,1524.1400
1626095226497000,0,0.02436336,1524.1500
1626095226497000,0,1.42285910,1524.4400
1626095226497000,0,0.02596295,1524.5500
1626095226497000,0,0.00590139,1524.6300
1626095231302000,1,4.42469965,1522.5800
1626095231302000,1,1.41530035,1522.5600
1626095282889000,1,1.42000000,1522.1000
1626095282949000,1,0.00337385,1522.1000
1626095283206000,1,0.47000000,1521.8700
1626095283553000,1,0.95000000,1521.8700
1626095317229000,1,1.42000000,1521.1900
1626095317274000,1,0.00428827,1521.1900
1626095319580000,1,0.28000000,1521.1900
1626095319780000,1,1.14000000,1521.1900
1626095369241000,1,0.50000000,1521.0000
1626095397995000,1,1.42484697,1519.9900
1626095462652000,1,1.42000000,1519.0800
1626095822181000,1,1.96000000,1522.0100
1626095851567000,1,2.00000000,1522.4100
1626095858551000,1,2.00000000,1522.2000
1626095871202000,1,1.42000000,1521.9400
1626095996256000,1,1.42521618,1519.2000
1626095996256000,1,0.16415324,1519.1800
1626095996263000,1,1.26043813,1519.1800
1626097110860000,0,0.02622942,1517.3800
1626098874999000,0,0.02000000,1514.9200
1626098875448000,0,0.02878000,1514.9200
1626098877896000,0,0.02890922,1514.9200
1626099039051000,1,0.02550123,1514.0100
1626099039051000,1,0.29992435,1513.8900
1626099101028000,0,1.42652351,1515.3600
1626099101028000,0,0.02474246,1515.4400
1626099101028000,0,1.42618411,1515.6200
1626099101028000,0,0.70000000,1515.6900
1626099101028000,0,0.02410549,1515.7600
1626099101028000,0,1.42633127,1515.7900
1626099101028000,0,0.68941316,1515.8900
1626099101063000,0,1.42650000,1515.8900
1626099282853000,1,2.00000000,1513.0300
1626099282853000,1,0.02412561,1512.9600
1626099282853000,1,0.60000000,1512.7800
1626099282853000,1,2.00000000,1512.7500
1626099282853000,1,1.37587439,1512.6800
1626100235847000,0,0.60000000,1509.2500
1626100236158000,1,0.02593186,1507.7900
1626100236158000,1,1.43110935,1507.5300
1626100236158000,1,0.02511458,1507.4100
1626100236158000,1,0.53385156,1507.4100
1626101167686000,0,0.19000000,1512.8000
1626101308326000,0,2.00000000,1512.3400
1626101426010000,0,0.03290822,1511.7800
1626101461763000,0,0.02563053,1511.5400
1626101461763000,0,0.30434995,1511.6100
1626102096900000,1,1.43130000,1507.4400
1626102099348000,1,0.09079154,1506.3900
1626102099348000,1,1.33990846,1506.3400
1626102099411000,1,0.60000000,1506.2500
1626102099411000,1,0.09076384,1506.1300
1626102099411000,1,1.43210849,1506.0800
1626102100492000,0,1.10000000,1507.3300
1626102108411000,1,1.43340000,1505.7100
1626102117952000,1,6.44790000,1505.0000
1626102158256000,1,0.07000000,1505.0000
1626102158314000,1,0.06250000,1505.0000
1626102158354000,1,0.04820465,1505.0000
1626102160307000,1,9.47000000,1502.1200
1626102160342000,1,0.00093206,1502.1200
1626102191240000,1,0.76534287,1500.6000
1626102731795000,1,0.02437663,1505.5900
1626103135459000,1,1.96000000,1510.8800
1626103315190000,0,0.13297801,1511.9100
1626103409428000,1,1.00000000,1507.6800
1626103409573000,1,0.80000000,1507.6800
1626103440862000,1,0.70000000,1507.6100
1626103648309000,0,0.03694568,1508.1600
1626104732545000,0,0.07000000,1508.1700
1626104748331000,0,0.06250000,1508.1700
1626104748585000,0,2.36750000,1508.1700
1626104749354000,0,0.02487741,1509.7800
1626104749354000,0,1.70000000,1510.0400
1626104749354000,0,0.40000000,1510.1900
1626104749354000,0,4.11742259,1510.2000
1626104749354000,0,0.42487877,1510.2000
1626104749354000,0,0.02473002,1510.2100
1626104749354000,0,0.98389121,1510.4300
1626104749356000,0,0.45024636,1510.4300
1626104749368000,0,1.23000000,1510.7800
1626104749368000,0,0.02511029,1510.7800
1626104749368000,0,1.43368971,1510.7900
1626104870300000,1,3.76000000,1509.2200
1626105604637000,1,0.02435032,1502.9200
1626105664179000,0,0.70000000,1504.9400
1626105664179000,0,0.89329860,1505.0400
1626105664181000,0,1.09500958,1505.0400
1626105664775000,0,0.06250000,1505.0400
1626105664819000,0,1.58000000,1505.0400
1626105665390000,0,0.47322700,1505.0400
1626105665409000,0,0.47308557,1505.0400
1626105665466000,0,0.32366535,1505.0400
1626105665907000,0,0.79000000,1505.0400
1626105665977000,0,0.00921390,1505.0400
1626106238699000,1,0.14999999,1501.7900
1626106238703000,1,0.00000001,1501.7900
1626106240027000,1,0.05451728,1499.8700
1626106240483000,1,5.70000000,1498.9700
1626106241338000,1,0.28426968,1498.1900
1626106246388000,1,0.07000000,1493.0000
1626106246618000,1,0.16999999,1493.0000
1626106246645000,1,0.00000001,1493.0000
1626106247721000,1,0.02779252,1490.7900
1626106247722000,1,0.00000001,1490.7900
1626106249408000,1,1.00000000,1490.0000
1626106252394000,1,0.02428635,1485.8100
1626106252394000,1,0.02526583,1485.4600
1626106252515000,1,0.02426429,1485.8100
1626106252515000,1,0.02607604,1485.4000
1626106257905000,0,0.02400000,1488.6400
1626106370692000,0,0.01700000,1490.8300
1626106400809000,0,0.30891831,1490.2500
1626106401094000,0,0.04600000,1490.2500
1626106422150000,1,0.06250000,1489.7900
1626106598707000,1,0.06250000,1485.0000
1626106598925000,1,0.16037777,1485.0000
1626106598927000,1,0.65761681,1485.0000
1626106599301000,1,1.11289248,1485.0000
1626106599304000,1,0.17776543,1485.0000
1626106599319000,1,0.64363617,1485.0000
1626106599340000,1,0.12960083,1485.0000
1626106599388000,1,1.37904523,1485.0000
1626106599418000,1,1.13598605,1485.0000
1626106599419000,1,0.20706378,1485.0000
1626106599765000,1,0.06250000,1485.0000
1626106629226000,1,0.02502056,1485.9400
1626106629226000,1,0.47497944,1485.8500
1626106731033000,1,0.01850091,1492.0800
1626106742206000,1,0.58000000,1492.0000
1626106786953000,1,2.00000000,1489.9700
1626106790565000,1,0.14021943,1488.6200
1626106790565000,1,0.35058153,1488.2300
1626106790565000,1,0.91145050,1488.2300
1626106790565000,1,0.20234340,1487.5900
1626106791339000,1,0.06250000,1486.9100
1626106816262000,1,1.72000000,1485.0000
1626106816287000,1,0.04000000,1485.0000
1626106816355000,1,1.48000000,1485.0000
1626106949872000,1,1.12000000,1488.5400
1626106956259000,1,1.30000000,1488.5400
1626106956505000,1,0.07000000,1488.5400
1626107089587000,1,3.07340000,1485.0000
1626107090904000,1,0.06250000,1485.0000
1626107093569000,1,1.16919273,1485.0000
1626107095561000,1,2.80860427,1485.0000
1626107099422000,1,0.05731845,1485.0000
1626107135605000,0,0.70000000,1485.3600
1626107377652000,0,0.60000000,1485.8000
1626107377653000,0,1.45573777,1485.9000
1626107377659000,0,1.30000000,1485.7900
1626107377659000,0,0.15550000,1486.0700
1626107377685000,0,0.26450000,1486.0700
1626107377685000,0,0.57477758,1486.1400
1626107377685000,0,0.59772242,1486.1500
1626107377688000,0,0.85785916,1486.1500
1626107377688000,0,0.02515570,1486.4100
1626107377688000,0,1.43708187,1486.4300
1626107377688000,0,0.15500327,1486.4400
1626107424831000,1,0.02541727,1486.2900
1626107426151000,1,0.96000000,1486.0500
1626107426899000,1,0.38000000,1486.0500
1626107561254000,0,0.07000000,1487.4800
1626107581188000,1,0.02493963,1487.4900
1626107581188000,1,0.09618498,1487.0500
1626107678190000,0,0.10000000,1490.0000
1626107701280000,1,0.12112109,1489.1900
1626107921033000,1,0.02400000,1486.8500
1626107937090000,1,0.04600000,1485.5900
1626107963897000,1,0.06250000,1484.3600
1626108224854000,1,3.37116866,1481.2400
1626108271484000,1,0.14109657,1476.2200
1626108271484000,1,0.35284641,1476.1700
1626108271486000,1,0.91736333,1475.6300
1626108271486000,1,0.02494645,1475.6100
1626108272955000,1,4.80823687,1473.1400
1626108273821000,1,1.55720000,1472.9500
1626108276741000,1,0.10000000,1472.0000
1626108279577000,1,0.01666972,1471.5300
1626108279577000,1,0.10000000,1471.0000
1626108279577000,1,0.16113464,1470.7400
1626108279577000,1,0.15224132,1470.5600
1626108279577000,1,0.02571331,1470.0200
1626108279577000,1,0.02469640,1469.5500
1626108279577000,1,0.12585193,1467.4300
1626108279577000,1,0.31470823,1467.4300
1626108279577000,1,0.81839550,1467.4300
1626108279577000,1,0.24000000,1467.4200
1626108279577000,1,0.02058895,1467.4100
1626108286934000,0,0.02400000,1468.5100
1626108287442000,0,0.24000000,1469.2300
1626108287442000,0,2.00000000,1469.2400
1626108287442000,0,0.02000000,1469.3200
1626108293469000,0,2.00000000,1471.9800
1626108296104000,0,0.02407359,1472.3500
1626108299109000,0,2.00000000,1472.5300
1626108308285000,1,0.02421302,1473.0200
1626108308285000,1,0.02540222,1472.9100
1626108494532000,0,0.57846881,1477.0400
1626108494653000,0,0.70000000,1477.2100
1626108494653000,0,0.76450000,1477.3200
1626108733793000,1,0.97453159,1477.9900
1626108733803000,1,0.48726580,1477.9900
1626108733824000,1,0.48724692,1477.9900
1626108740238000,0,0.33714320,1479.4900
1626108745382000,0,0.02591337,1479.5000
1626108745382000,0,0.00602736,1480.1100
1626108916695000,0,0.04600000,1480.3000
1626108947937000,1,0.06000000,1480.3000
1626108947961000,1,0.00250000,1480.3000
1626109366408000,1,2.00000000,1477.5100
1626109498056000,1,1.46373025,1475.6600
1626109792156000,1,2.00000000,1474.9500
1626109792156000,1,0.02000000,1474.8800
1626110224434000,1,1.46830000,1470.2300
1626110230780000,0,0.70000000,1470.3800
1626110230782000,0,0.02431495,1470.5500
1626110230782000,0,0.02506315,1470.9800
1626110230782000,0,8.05062190,1471.1800
1626110469663000,0,0.70000000,1474.8700
1626110469663000,0,0.02534070,1474.9100
1626110469663000,0,0.61882779,1475.0400
1626110723993000,1,0.02389757,1472.7800
1626111172493000,1,0.02500000,1470.0700
1626111324656000,0,0.02490746,1466.3900
1626111324656000,0,0.02448354,1466.4900
1626111324656000,0,0.02451275,1466.8300
1626111324656000,0,0.42000000,1467.1200
1626111324656000,0,0.02566051,1467.1300
1626111324656000,0,0.26769492,1467.2200
1626111343409000,1,0.02323691,1460.7500
1626111471997000,0,0.01359531,1463.7400
1626111558769000,1,0.02523920,1462.9700
1626111558769000,1,0.12747409,1462.7600
1626111973931000,1,0.04500000,1468.8800
1626112764651000,1,0.30325676,1461.7400
1626112764663000,1,0.56537283,1461.7400
1626112764664000,1,0.56543452,1461.7400
1626112764664000,1,0.04362693,1461.7400
1626113338108000,0,0.01354976,1468.6600
1626113363873000,1,4.58463974,1466.2800
1626113878795000,1,0.36667180,1461.4400
1626114246894000,0,0.10221832,1460.1100
1626114725121000,1,1.98409461,1462.7800
1626114820691000,1,1.60000000,1462.0600
1626114820691000,1,2.00000000,1462.0600
1626114820691000,1,0.02545558,1462.0200
1626114820691000,1,0.70000000,1461.8100
1626114820691000,1,0.02586850,1461.6900
1626114820788000,0,0.07000000,1461.6900
1626114820803000,0,0.06250000,1461.6900
1626114821200000,0,5.73000000,1461.6900
1626114857319000,0,0.00946242,1461.6900
1626114877193000,0,0.02408539,1460.5500
1626114879087000,0,0.02523950,1461.2000
1626114879087000,0,4.57997597,1461.6200
1626114904053000,0,0.02407922,1461.4000
1626114904053000,0,0.00791706,1461.4800
1626115567876000,0,0.06795088,1464.4400
1626115612128000,1,1.47680903,1463.1100
1626115612128000,1,0.00019097,1462.9000
1626115612128000,1,0.06250000,1462.9000
1626116148631000,1,0.02421450,1454.7700
1626116148631000,1,0.02469728,1454.4700
1626116148923000,1,0.02605732,1454.0200
1626116148923000,1,1.53094268,1453.7300
1626116148932000,1,1.43450000,1453.7300
1626116180280000,1,0.07000000,1448.7100
1626116224174000,1,0.02554307,1451.7700
1626116224174000,1,0.00645321,1451.2800
1626116371950000,1,2.00000000,1458.9500
1626116403049000,1,3.45429399,1458.4200
1626116581225000,0,0.07000000,1469.4000
1626116581916000,0,0.19000000,1469.4000
1626116581917000,0,1.19473048,1469.4000
1626116699402000,1,0.01937300,1470.7000
1626116916452000,0,3.74000000,1471.8500
1626117045525000,0,0.02524745,1471.8400
1626117045525000,0,0.02493099,1471.8500
1626117045525000,0,0.02537592,1472.5700
1626117045525000,0,2.00000000,1472.5700
1626117045525000,0,1.30294595,1472.6300
1626117574627000,0,4.82068663,1463.6400
1626118402683000,0,0.02300000,1451.6500
1626118452892000,0,0.01700000,1451.5200
1626118905429000,1,2.00000000,1457.8700
1626118906300000,0,0.02468788,1459.2100
1626118906300000,0,0.86169446,1459.3400
1626118944891000,1,0.02505499,1457.7400
1626119000337000,0,0.02489570,1455.2200
1626119000337000,0,0.02403810,1455.5400
1626119000337000,0,0.05359988,1455.8400
1626119002671000,1,0.02375541,1453.8400
1626119178167000,0,0.70000000,1452.6500
1626119178167000,0,1.97138677,1452.6500
1626119404457000,1,0.64000000,1452.2000
1626119404459000,1,0.36000000,1452.2000
1626119404512000,1,1.00000000,1452.2000
1626119441118000,1,0.86000000,1453.1400
1626119441199000,1,0.97000000,1453.1400
1626119544200000,1,2.00000000,1456.7900
1626119676379000,0,0.12321406,1455.7900
1626119799919000,0,0.42000000,1456.1900
1626119799919000,0,0.58598971,1456.6300
1626119892701000,0,0.39059721,1456.5900
1626120223394000,1,0.14000000,1450.5000
1626120223454000,1,0.00042146,1450.5000
1626121002400000,1,0.02365417,1463.5100
1626121380958000,1,0.07000000,1456.2200
1626121382262000,1,0.14046569,1456.2200
1626121382283000,1,0.43346978,1456.2200
1626121382293000,1,0.05606453,1456.2200
1626121876124000,1,2.00000000,1460.6800
1626122186889000,0,3.24000000,1457.0200
1626122837898000,0,0.02721535,1462.4100
1626122868284000,0,0.64396965,1461.9500
1626122868361000,0,0.06250000,1461.9500
1626122868469000,0,0.15400295,1461.9500
1626123107566000,0,0.02450219,1460.4800
1626123107566000,0,0.70000000,1460.5900
1626123107566000,0,3.07549781,1460.7600
1626123107643000,0,2.72450000,1460.7600
1626123905183000,1,1.47000000,1463.4500
1626124075001000,1,0.07268461,1465.0400
1626124075017000,1,0.07269140,1465.0400
1626124075034000,1,0.07268461,1465.0400
1626124075882000,1,0.36372042,1465.0400
1626124085473000,1,0.69025377,1464.4000
1626124085478000,1,0.69025320,1464.4000
1626124085497000,1,0.09470911,1464.4000
1626124105972000,1,0.85000000,1464.4000
1626124426675000,0,0.45000000,1462.6400
1626124454198000,0,0.21171971,1464.2000
1626124583936000,1,1.00000000,1465.0000
1626124969005000,0,0.34045690,1465.0900
1626125025133000,1,0.10000000,1462.5000
1626125127895000,1,0.90000000,1461.4200
1626125407283000,1,0.02416142,1462.7200
1626125695086000,1,0.05880000,1461.2200
1626126040523000,0,0.02545346,1461.1700
1626126040523000,0,0.13624233,1461.5000
1626127176221000,1,0.02544477,1461.3000
1626127176221000,1,0.48797313,1461.3000
1626127475925000,0,0.02483476,1464.9600
1626127475925000,0,0.58326423,1464.9900
1626127475925000,0,0.02554272,1465.0000
1626127475925000,0,0.02473461,1465.3600
1626127475925000,0,0.42000000,1465.6900
1626127475925000,0,0.02557242,1465.7100
1626127475925000,0,0.95988174,1465.7900
1626127483762000,0,1.16685470,1464.5600
1626127483877000,0,0.06250000,1464.5600
1626127484208000,0,0.47456330,1464.5600
1626127484228000,0,0.38390756,1464.5600
1626127484270000,0,0.30710567,1464.5600
1626127484385000,0,0.66533346,1464.5600
1626127484416000,0,0.61325531,1464.5600
1626127484420000,0,1.05799336,1464.5600
1626127484494000,0,0.58827064,1464.5600
1626127484531000,0,0.28091280,1464.5600
1626127484591000,0,0.79584172,1464.5600
1626127484919000,0,0.06250000,1464.5600
1626127485875000,0,0.02000000,1466.4900
1626127581310000,0,0.02532629,1467.4700
1626127581310000,0,0.02509773,1467.4800
1626127581310000,0,0.02547933,1467.5900
1626127581310000,0,0.56796131,1468.2000
1626127982008000,0,0.07000000,1467.3900
1626129669904000,0,0.47445538,1468.0200
1626130932103000,0,0.02373729,1466.8900
1626131333175000,1,0.30000000,1463.4900
1626131392813000,0,0.80000000,1463.4900
1626131392813000,0,1.30000000,1463.5800
1626131392824000,0,3.09866549,1463.5800
1626131392878000,0,1.92350000,1464.1700
1626131392970000,0,2.97650000,1464.1700
1626131688722000,1,1.00000000,1462.7400
1626132339331000,1,1.47605636,1463.5800
1626132339331000,1,1.47355471,1463.3500
1626132956120000,1,1.47000000,1463.2700
1626132985492000,1,0.07000000,1462.8000
1626133671099000,1,0.70000000,1461.3400
1626133671099000,1,1.47763125,1461.2400
1626133671099000,1,0.02553833,1461.1600
1626133671099000,1,1.04349884,1460.9800
