timestamp ms,type,amount,price
1626048101458000,1,0.06000000,1537.7500
1626048101463000,1,0.00779800,1537.7500
1626048101783000,1,0.01426785,1535.9900
1626048431471000,1,0.13000000,1535.0000
1626049692225000,0,0.36281653,1535.7900
1626049929518000,0,4.64940000,1538.8000
1626051825334000,1,0.06250000,1531.1200
1626051907616000,0,0.03780467,1532.3500
1626053331387000,0,0.20901647,1537.6300
1626053539430000,0,0.19469291,1537.1900
1626056141478000,0,0.07363800,1542.0700
1626056177541000,0,1.39910000,1543.0900
1626056177552000,0,0.00007231,1543.0900
1626056177552000,0,1.39912769,1543.2500
1626056287507000,0,0.00015560,1543.2500
1626056334743000,1,0.02555778,1543.6300
1626056334743000,1,0.02967022,1543.6300
1626060777792000,1,0.12000000,1553.8400
1626063077997000,0,1.38580000,1559.3600
1626063784092000,1,1.37000000,1557.3500
1626064832530000,1,0.12000000,1548.9400
1626064832605000,1,0.00402182,1548.9400
1626064833091000,1,0.12402662,1548.6800
1626066004602000,0,0.06000000,1547.4400
1626068111131000,0,0.05000000,1544.9000
1626068314786000,0,1.39930000,1545.3200
1626068314939000,0,4.60000000,1545.4100
1626070766907000,0,0.03218439,1545.7800
1626071443694000,1,0.02450319,1549.4100
1626071664387000,0,0.03484536,1550.2000
1626072370683000,0,2.00000000,1552.8200
1626072396786000,1,0.33100000,1552.6200
1626073571107000,1,0.32000000,1550.5300
1626073571736000,1,0.32000000,1550.5300
1626073571856000,1,0.00172895,1550.5300
1626074496538000,0,0.02554737,1552.3300
1626074496538000,0,0.41000000,1552.4900
1626076000552000,1,0.07000000,1546.7800
1626076269565000,0,0.40000000,1548.0200
1626076637802000,1,0.01600000,1546.2000
1626076840415000,1,0.10000000,1545.2200
1626076877341000,0,0.30897070,1545.8100
1626076956745000,0,0.79000000,1545.2500
1626076990112000,0,0.60000000,1545.7600
1626076990112000,0,0.40000000,1545.8600
1626076990122000,0,0.02501498,1545.9400
1626076990122000,0,0.55395640,1546.0700
1626076990122000,0,4.76692862,1546.0900
1626077056889000,0,0.40000000,1544.9800
1626077111586000,0,0.40000000,1545.5000
1626077893050000,0,1.30000000,1554.2300
1626078053902000,0,0.06250000,1553.7200
1626078053923000,0,0.07000000,1553.7200
1626079715196000,1,2.00000000,1545.1800
1626079715196000,1,0.50000000,1545.1300
1626080024464000,1,0.07000000,1545.6900
1626080285005000,1,0.13307123,1544.1800
1626082768097000,1,0.01954144,1539.2800
1626083120839000,0,0.02149100,1542.7400
1626083291008000,0,0.01939452,1544.2500
1626084125088000,0,1.32859245,1528.7000
1626084129888000,0,0.57252018,1528.7000
1626084129888000,0,1.59888736,1528.7000
1626084129986000,0,0.00000001,1528.7000
1626084234797000,1,1.41009750,1530.0700
1626085850043000,1,0.52586127,1527.6200
1626085850046000,1,0.59141320,1527.6200
1626085850055000,1,0.30063423,1527.6200
1626085853824000,1,0.12664060,1526.1000
1626085853824000,1,0.57335940,1526.0900
1626085894549000,0,0.02574318,1524.3700
1626086255144000,0,0.60000000,1529.1600
1626086328653000,0,0.09673871,1527.6200
1626086369621000,0,0.02580175,1526.4000
1626086369621000,0,0.85279825,1526.4200
1626086712402000,1,0.01719000,1520.7500
1626086714523000,1,0.01700000,1520.7500
1626086715236000,1,0.01719000,1520.8400
1626086771690000,0,0.06250000,1524.0000
1626086771832000,0,0.07000000,1524.0000
1626086772006000,0,0.56750000,1524.0000
1626087046364000,1,0.07000000,1520.0000
1626087046686000,1,0.75400000,1520.0000
1626087046686000,1,0.17135935,1518.9800
1626087069081000,1,0.02426310,1517.9400
1626087069081000,1,0.02464941,1517.7300
1626087069081000,1,0.02566433,1517.3800
1626087069081000,1,1.13027499,1517.1900
1626087069741000,1,1.20000000,1518.3600
1626087120897000,1,1.42680000,1516.7300
1626087142074000,0,0.02451733,1518.1000
1626087158370000,1,0.21549201,1517.8900
1626087158373000,1,0.59444992,1517.8900
1626087158373000,1,0.54544507,1517.8900
1626087158376000,1,0.54544156,1517.8900
1626087158440000,1,0.06250000,1517.8900
1626088086899000,1,0.58000000,1522.3200
1626088087043000,1,0.00718358,1522.3200
1626088087486000,1,6.82000000,1521.2400
1626088088010000,1,0.06250000,1521.2400
1626088088893000,1,0.51750000,1521.2400
1626088101380000,0,0.02435141,1521.7300
1626088101383000,0,1.90000000,1522.0000
1626088105329000,1,0.02430131,1520.1300
1626088105329000,1,0.11237533,1519.8200
1626088105329000,1,0.28414800,1519.8200
1626088105329000,1,0.02408553,1519.8100
1626088105329000,1,0.55508983,1519.5700
1626088296278000,0,0.02560546,1519.6200
1626088298654000,1,0.16734650,1518.0900
1626088298682000,1,0.00341523,1518.0900
1626088505905000,1,0.06000000,1519.9500
1626088505987000,1,0.00632122,1519.9500
1626088742503000,0,0.02470489,1525.8700
1626088742503000,0,0.97529511,1525.8700
1626089384905000,0,0.37000000,1522.8400
1626089445213000,0,2.00000000,1522.5900
1626089445213000,0,0.01600735,1523.0500
1626090548844000,1,0.50000000,1519.0000
1626090588685000,0,1.10000000,1522.3900
1626090686257000,0,1.16695893,1522.5900
1626090687868000,0,1.00000000,1522.7900
1626090783261000,1,0.02860816,1520.4500
1626091505220000,0,1.68290000,1518.9300
1626091570178000,1,2.00000000,1518.3800
1626091619792000,1,0.02523889,1518.4200
1626091624750000,1,2.00000000,1518.8900
1626091624750000,1,0.02000000,1518.8500
1626091835009000,1,4.00000000,1519.7700
1626092079898000,0,0.33600546,1521.8800
1626092482896000,1,0.28000000,1520.1700
1626092792988000,1,0.06250000,1518.0600
1626092797135000,0,0.02563412,1518.5000
1626092797135000,0,0.00548837,1518.5900
1626092845347000,1,0.06000000,1516.7700
1626093048318000,1,0.02491816,1514.9500
1626093249611000,0,0.06250000,1516.6200
1626093249686000,0,0.07000000,1516.6200
1626093293142000,1,0.67000000,1517.0100
1626093362452000,1,0.65000000,1519.0100
1626093362756000,1,1.35000000,1519.0100
1626093362756000,1,0.02000000,1518.8600
1626093364647000,1,0.60000000,1518.9300
1626093364714000,1,0.24000000,1518.9300
1626093367401000,1,1.16000000,1518.9300
1626093368843000,0,0.02539978,1520.1000
1626093368843000,0,1.40050022,1520.1600
1626094439002000,0,0.02528669,1524.3400
1626094439002000,0,0.47471331,1524.6600
1626094909659000,1,0.96319323,1520.3400
1626094909660000,1,0.46177369,1520.3400
1626094909660000,1,1.12945356,1520.1100
1626094924562000,1,2.66460000,1518.4200
1626094924602000,1,0.06250000,1518.4200
1626094924875000,1,1.66517850,1518.4200
1626094934985000,0,2.00000000,1518.2200
1626095113512000,1,0.02491395,1521.4300
1626095124520000,1,0.32000000,1521.5400
1626095124582000,1,0.32000000,1521.5400
1626095124940000,1,0.68000000,1521.5400
1626095125015000,1,0.10411004,1521.5400
1626095134328000,0,3.50000000,1523.0100
1626095136164000,1,0.23324000,1522.2400
1626095138779000,1,0.56000000,1522.2400
1626095138941000,1,0.63031475,1522.2400
1626095166390000,1,0.02527638,1522.5600
1626095166390000,1,0.54472362,1522.5600
1626095166411000,1,0.69000000,1522.5600
1626095166428000,1,0.02477085,1522.5600
1626095166700000,1,0.16368515,1522.5600
1626095166700000,1,0.03631485,1522.5600
1626095166720000,1,0.24000000,1522.5600
1626095166730000,1,0.23324000,1522.5600
1626095168363000,1,1.42317962,1522.5600
1626095168363000,1,1.19682038,1522.5600
1626095168410000,1,0.80317962,1522.5600
1626095170873000,1,1.42000000,1522.5600
1626095170945000,1,0.00317962,1522.5600
1626095172414000,1,1.42000000,1522.5600
1626095172482000,1,0.00317962,1522.5600
1626095174172000,1,1.15000000,1522.5600
1626095174200000,1,0.27317962,1522.5600
1626095176179000,1,1.42000000,1522.5600
1626095176249000,1,0.00317962,1522.5600
1626095177749000,1,0.06000000,1522.6600
1626095184508000,1,0.09000000,1522.9800
1626095184625000,1,0.11000000,1522.9800
1626095190555000,1,2.00000000,1522.8800
1626095203572000,1,1.42000000,1523.3200
1626095203620000,1,0.00235328,1523.3200
1626095205417000,1,0.20000000,1523.3200
1626095205417000,1,1.22235328,1523.3200
1626095207182000,1,1.42000000,1523.0900
1626095207962000,1,0.00253850,1523.0900
1626095209190000,1,1.42000000,1523.0900
1626095220559000,1,0.00253850,1523.0900
1626095220559000,1,1.42279026,1522.8700
1626095226497000,0,0.70000000,1524.0400
1626095226497000,0,0.40000000,1524.1400
1626095226497000,0,0.02436336,1524.1500
1626095226497000,0,1.42285910,1524.4400
1626095226497000,0,0.02596295,1524.5500
1626095226497000,0,0.00590139,1524.6300
1626095231302000,1,4.42469965,1522.5800
1626095231302000,1,1.41530035,1522.5600
1626095282889000,1,1.42000000,1522.1000
1626095282949000,1,0.00337385,1522.1000
1626095283206000,1,0.47000000,1521.8700
1626095283553000,1,0.95000000,1521.8700
1626095317229000,1,1.42000000,1521.1900
1626095317274000,1,0.00428827,1521.1900
1626095319580000,1,0.28000000,1521.1900
1626095319780000,1,1.14000000,1521.1900
1626095369241000,1,0.50000000,1521.0000
1626095397995000,1,1.42484697,1519.9900
1626095462652000,1,1.42000000,1519.0800
1626095822181000,1,1.96000000,1522.0100
1626095851567000,1,2.00000000,1522.4100
1626095858551000,1,2.00000000,1522.2000
1626095871202000,1,1.42000000,1521.9400
1626095996256000,1,1.42521618,1519.2000
1626095996256000,1,0.16415324,1519.1800
1626095996263000,1,1.26043813,1519.1800
1626097110860000,0,0.02622942,1517.3800
1626098874999000,0,0.02000000,1514.9200
1626098875448000,0,0.02878000,1514.9200
1626098877896000,0,0.02890922,1514.9200
1626099039051000,1,0.02550123,1514.0100
1626099039051000,1,0.29992435,1513.8900
1626099101028000,0,1.42652351,1515.3600
1626099101028000,0,0.02474246,1515.4400
1626099101028000,0,1.42618411,1515.6200
1626099101028000,0,0.70000000,1515.6900
1626099101028000,0,0.02410549,1515.7600
1626099101028000,0,1.42633127,1515.7900
1626099101028000,0,0.68941316,1515.8900
1626099101063000,0,1.42650000,1515.8900
1626099282853000,1,2.00000000,1513.0300
1626099282853000,1,0.02412561,1512.9600
1626099282853000,1,0.60000000,1512.7800
1626099282853000,1,2.00000000,1512.7500
1626099282853000,1,1.37587439,1512.6800
1626100235847000,0,0.60000000,1509.2500
1626100236158000,1,0.02593186,1507.7900
1626100236158000,1,1.43110935,1507.5300
1626100236158000,1,0.02511458,1507.4100
1626100236158000,1,0.53385156,1507.4100
1626101167686000,0,0.19000000,1512.8000
1626101308326000,0,2.00000000,1512.3400
1626101426010000,0,0.03290822,1511.7800
1626101461763000,0,0.02563053,1511.5400
1626101461763000,0,0.30434995,1511.6100
1626102096900000,1,1.43130000,1507.4400
1626102099348000,1,0.09079154,1506.3900
1626102099348000,1,1.33990846,1506.3400
1626102099411000,1,0.60000000,1506.2500
1626102099411000,1,0.09076384,1506.1300
1626102099411000,1,1.43210849,1506.0800
1626102100492000,0,1.10000000,1507.3300
1626102108411000,1,1.43340000,1505.7100
1626102117952000,1,6.44790000,1505.0000
1626102158256000,1,0.07000000,1505.0000
1626102158314000,1,0.06250000,1505.0000
1626102158354000,1,0.04820465,1505.0000
1626102160307000,1,9.47000000,1502.1200
1626102160342000,1,0.00093206,1502.1200
1626102191240000,1,0.76534287,1500.6000
1626102731795000,1,0.02437663,1505.5900
1626103135459000,1,1.96000000,1510.8800
1626103315190000,0,0.13297801,1511.9100
1626103409428000,1,1.00000000,1507.6800
1626103409573000,1,0.80000000,1507.6800
1626103440862000,1,0.70000000,1507.6100
1626103648309000,0,0.03694568,1508.1600
1626104732545000,0,0.07000000,1508.1700
1626104748331000,0,0.06250000,1508.1700
1626104748585000,0,2.36750000,1508.1700
1626104749354000,0,0.02487741,1509.7800
1626104749354000,0,1.70000000,1510.0400
1626104749354000,0,0.40000000,1510.1900
1626104749354000,0,4.11742259,1510.2000
1626104749354000,0,0.42487877,1510.2000
1626104749354000,0,0.02473002,1510.2100
1626104749354000,0,0.98389121,1510.4300
1626104749356000,0,0.45024636,1510.4300
1626104749368000,0,1.23000000,1510.7800
1626104749368000,0,0.02511029,1510.7800
1626104749368000,0,1.43368971,1510.7900
1626104870300000,1,3.76000000,1509.2200
1626105604637000,1,0.02435032,1502.9200
1626105664179000,0,0.70000000,1504.9400
1626105664179000,0,0.89329860,1505.0400
1626105664181000,0,1.09500958,1505.0400
1626105664775000,0,0.06250000,1505.0400
1626105664819000,0,1.58000000,1505.0400
1626105665390000,0,0.47322700,1505.0400
1626105665409000,0,0.47308557,1505.0400
1626105665466000,0,0.32366535,1505.0400
1626105665907000,0,0.79000000,1505.0400
1626105665977000,0,0.00921390,1505.0400
1626106238699000,1,0.14999999,1501.7900
1626106238703000,1,0.00000001,1501.7900
1626106240027000,1,0.05451728,1499.8700
1626106240483000,1,5.70000000,1498.9700
1626106241338000,1,0.28426968,1498.1900
1626106246388000,1,0.07000000,1493.0000
1626106246618000,1,0.16999999,1493.0000
1626106246645000,1,0.00000001,1493.0000
1626106247721000,1,0.02779252,1490.7900
1626106247722000,1,0.00000001,1490.7900
1626106249408000,1,1.00000000,1490.0000
1626106252394000,1,0.02428635,1485.8100
1626106252394000,1,0.02526583,1485.4600
1626106252515000,1,0.02426429,1485.8100
1626106252515000,1,0.02607604,1485.4000
1626106257905000,0,0.02400000,1488.6400
1626106370692000,0,0.01700000,1490.8300
1626106400809000,0,0.30891831,1490.2500
1626106401094000,0,0.04600000,1490.2500
1626106422150000,1,0.06250000,1489.7900
1626106598707000,1,0.06250000,1485.0000
1626106598925000,1,0.16037777,1485.0000
1626106598927000,1,0.65761681,1485.0000
1626106599301000,1,1.11289248,1485.0000
1626106599304000,1,0.17776543,1485.0000
1626106599319000,1,0.64363617,1485.0000
1626106599340000,1,0.12960083,1485.0000
1626106599388000,1,1.37904523,1485.0000
1626106599418000,1,1.13598605,1485.0000
1626106599419000,1,0.20706378,1485.0000
1626106599765000,1,0.06250000,1485.0000
1626106629226000,1,0.02502056,1485.9400
1626106629226000,1,0.47497944,1485.8500
1626106731033000,1,0.01850091,1492.0800
1626106742206000,1,0.58000000,1492.0000
1626106786953000,1,2.00000000,1489.9700
1626106790565000,1,0.14021943,1488.6200
1626106790565000,1,0.35058153,1488.2300
1626106790565000,1,0.91145050,1488.2300
1626106790565000,1,0.20234340,1487.5900
1626106791339000,1,0.06250000,1486.9100
1626106816262000,1,1.72000000,1485.0000
1626106816287000,1,0.04000000,1485.0000
1626106816355000,1,1.48000000,1485.0000
1626106949872000,1,1.12000000,1488.5400
1626106956259000,1,1.30000000,1488.5400
1626106956505000,1,0.07000000,1488.5400
1626107089587000,1,3.07340000,1485.0000
1626107090904000,1,0.06250000,1485.0000
1626107093569000,1,1.16919273,1485.0000
1626107095561000,1,2.80860427,1485.0000
1626107099422000,1,0.05731845,1485.0000
1626107135605000,0,0.70000000,1485.3600
1626107377652000,0,0.60000000,1485.8000
1626107377653000,0,1.45573777,1485.9000
1626107377659000,0,1.30000000,1485.7900
1626107377659000,0,0.15550000,1486.0700
1626107377685000,0,0.26450000,1486.0700
1626107377685000,0,0.57477758,1486.1400
1626107377685000,0,0.59772242,1486.1500
1626107377688000,0,0.85785916,1486.1500
1626107377688000,0,0.02515570,1486.4100
1626107377688000,0,1.43708187,1486.4300
1626107377688000,0,0.15500327,1486.4400
1626107424831000,1,0.02541727,1486.2900
1626107426151000,1,0.96000000,1486.0500
1626107426899000,1,0.38000000,1486.0500
1626107561254000,0,0.07000000,1487.4800
1626107581188000,1,0.02493963,1487.4900
1626107581188000,1,0.09618498,1487.0500
1626107678190000,0,0.10000000,1490.0000
1626107701280000,1,0.12112109,1489.1900
1626107921033000,1,0.02400000,1486.8500
1626107937090000,1,0.04600000,1485.5900
1626107963897000,1,0.06250000,1484.3600
1626108224854000,1,3.37116866,1481.2400
1626108271484000,1,0.14109657,1476.2200
1626108271484000,1,0.35284641,1476.1700
1626108271486000,1,0.91736333,1475.6300
1626108271486000,1,0.02494645,1475.6100
1626108272955000,1,4.80823687,1473.1400
1626108273821000,1,1.55720000,1472.9500
1626108276741000,1,0.10000000,1472.0000
1626108279577000,1,0.01666972,1471.5300
1626108279577000,1,0.10000000,1471.0000
1626108279577000,1,0.16113464,1470.7400
1626108279577000,1,0.15224132,1470.5600
1626108279577000,1,0.02571331,1470.0200
1626108279577000,1,0.02469640,1469.5500
1626108279577000,1,0.12585193,1467.4300
1626108279577000,1,0.31470823,1467.4300
1626108279577000,1,0.81839550,1467.4300
1626108279577000,1,0.24000000,1467.4200
1626108279577000,1,0.02058895,1467.4100
1626108286934000,0,0.02400000,1468.5100
1626108287442000,0,0.24000000,1469.2300
1626108287442000,0,2.00000000,1469.2400
1626108287442000,0,0.02000000,1469.3200
1626108293469000,0,2.00000000,1471.9800
1626108296104000,0,0.02407359,1472.3500
1626108299109000,0,2.00000000,1472.5300
1626108308285000,1,0.02421302,1473.0200
1626108308285000,1,0.02540222,1472.9100
1626108494532000,0,0.57846881,1477.0400
1626108494653000,0,0.70000000,1477.2100
1626108494653000,0,0.76450000,1477.3200
1626108733793000,1,0.97453159,1477.9900
1626108733803000,1,0.48726580,1477.9900
1626108733824000,1,0.48724692,1477.9900
1626108740238000,0,0.33714320,1479.4900
1626108745382000,0,0.02591337,1479.5000
1626108745382000,0,0.00602736,1480.1100
1626108916695000,0,0.04600000,1480.3000
1626108947937000,1,0.06000000,1480.3000
1626108947961000,1,0.00250000,1480.3000
1626109366408000,1,2.00000000,1477.5100
1626109498056000,1,1.46373025,1475.6600
1626109792156000,1,2.00000000,1474.9500
1626109792156000,1,0.02000000,1474.8800
1626110224434000,1,1.46830000,1470.2300
1626110230780000,0,0.70000000,1470.3800
1626110230782000,0,0.02431495,1470.5500
1626110230782000,0,0.02506315,1470.9800
1626110230782000,0,8.05062190,1471.1800
1626110469663000,0,0.70000000,1474.8700
1626110469663000,0,0.02534070,1474.9100
1626110469663000,0,0.61882779,1475.0400
1626110723993000,1,0.02389757,1472.7800
1626111172493000,1,0.02500000,1470.0700
1626111324656000,0,0.02490746,1466.3900
1626111324656000,0,0.02448354,1466.4900
1626111324656000,0,0.02451275,1466.8300
1626111324656000,0,0.42000000,1467.1200
1626111324656000,0,0.02566051,1467.1300
1626111324656000,0,0.26769492,1467.2200
1626111343409000,1,0.02323691,1460.7500
1626111471997000,0,0.01359531,1463.7400
1626111558769000,1,0.02523920,1462.9700
1626111558769000,1,0.12747409,1462.7600
1626111973931000,1,0.04500000,1468.8800
1626112764651000,1,0.30325676,1461.7400
1626112764663000,1,0.56537283,1461.7400
1626112764664000,1,0.56543452,1461.7400
1626112764664000,1,0.04362693,1461.7400
1626113338108000,0,0.01354976,1468.6600
1626113363873000,1,4.58463974,1466.2800
1626113878795000,1,0.36667180,1461.4400
1626114246894000,0,0.10221832,1460.1100
1626114725121000,1,1.98409461,1462.7800
1626114820691000,1,1.60000000,1462.0600
1626114820691000,1,2.00000000,1462.0600
1626114820691000,1,0.02545558,1462.0200
1626114820691000,1,0.70000000,1461.8100
1626114820691000,1,0.02586850,1461.6900
1626114820788000,0,0.07000000,1461.6900
1626114820803000,0,0.06250000,1461.6900
1626114821200000,0,5.73000000,1461.6900
1626114857319000,0,0.00946242,1461.6900
1626114877193000,0,0.02408539,1460.5500
1626114879087000,0,0.02523950,1461.2000
1626114879087000,0,4.57997597,1461.6200
1626114904053000,0,0.02407922,1461.4000
1626114904053000,0,0.00791706,1461.4800
1626115567876000,0,0.06795088,1464.4400
1626115612128000,1,1.47680903,1463.1100
1626115612128000,1,0.00019097,1462.9000
1626115612128000,1,0.06250000,1462.9000
1626116148631000,1,0.02421450,1454.7700
1626116148631000,1,0.02469728,1454.4700
1626116148923000,1,0.02605732,1454.0200
1626116148923000,1,1.53094268,1453.7300
1626116148932000,1,1.43450000,1453.7300
1626116180280000,1,0.07000000,1448.7100
1626116224174000,1,0.02554307,1451.7700
1626116224174000,1,0.00645321,1451.2800
1626116371950000,1,2.00000000,1458.9500
1626116403049000,1,3.45429399,1458.4200
1626116581225000,0,0.07000000,1469.4000
1626116581916000,0,0.19000000,1469.4000
1626116581917000,0,1.19473048,1469.4000
1626116699402000,1,0.01937300,1470.7000
1626116916452000,0,3.74000000,1471.8500
1626117045525000,0,0.02524745,1471.8400
1626117045525000,0,0.02493099,1471.8500
1626117045525000,0,0.02537592,1472.5700
1626117045525000,0,2.00000000,1472.5700
1626117045525000,0,1.30294595,1472.6300
1626117574627000,0,4.82068663,1463.6400
1626118402683000,0,0.02300000,1451.6500
1626118452892000,0,0.01700000,1451.5200
1626118905429000,1,2.00000000,1457.8700
1626118906300000,0,0.02468788,1459.2100
1626118906300000,0,0.86169446,1459.3400
1626118944891000,1,0.02505499,1457.7400
1626119000337000,0,0.02489570,1455.2200
1626119000337000,0,0.02403810,1455.5400
1626119000337000,0,0.05359988,1455.8400
1626119002671000,1,0.02375541,1453.8400
1626119178167000,0,0.70000000,1452.6500
1626119178167000,0,1.97138677,1452.6500
1626119404457000,1,0.64000000,1452.2000
1626119404459000,1,0.36000000,1452.2000
1626119404512000,1,1.00000000,1452.2000
1626119441118000,1,0.86000000,1453.1400
1626119441199000,1,0.97000000,1453.1400
1626119544200000,1,2.00000000,1456.7900
1626119676379000,0,0.12321406,1455.7900
1626119799919000,0,0.42000000,1456.1900
1626119799919000,0,0.58598971,1456.6300
1626119892701000,0,0.39059721,1456.5900
1626120223394000,1,0.14000000,1450.5000
1626120223454000,1,0.00042146,1450.5000
1626121002400000,1,0.02365417,1463.5100
1626121380958000,1,0.07000000,1456.2200
1626121382262000,1,0.14046569,1456.2200
1626121382283000,1,0.43346978,1456.2200
1626121382293000,1,0.05606453,1456.2200
1626121876124000,1,2.00000000,1460.6800
1626122186889000,0,3.24000000,1457.0200
1626122837898000,0,0.02721535,1462.4100
1626122868284000,0,0.64396965,1461.9500
1626122868361000,0,0.06250000,1461.9500
1626122868469000,0,0.15400295,1461.9500
1626123107566000,0,0.02450219,1460.4800
1626123107566000,0,0.70000000,1460.5900
1626123107566000,0,3.07549781,1460.7600
1626123107643000,0,2.72450000,1460.7600
1626123905183000,1,1.47000000,1463.4500
1626124075001000,1,0.07268461,1465.0400
1626124075017000,1,0.07269140,1465.0400
1626124075034000,1,0.07268461,1465.0400
1626124075882000,1,0.36372042,1465.0400
1626124085473000,1,0.69025377,1464.4000
1626124085478000,1,0.69025320,1464.4000
1626124085497000,1,0.09470911,1464.4000
1626124105972000,1,0.85000000,1464.4000
1626124426675000,0,0.45000000,1462.6400
1626124454198000,0,0.21171971,1464.2000
1626124583936000,1,1.00000000,1465.0000
1626124969005000,0,0.34045690,1465.0900
1626125025133000,1,0.10000000,1462.5000
1626125127895000,1,0.90000000,1461.4200
1626125407283000,1,0.02416142,1462.7200
1626125695086000,1,0.05880000,1461.2200
1626126040523000,0,0.02545346,1461.1700
1626126040523000,0,0.13624233,1461.5000
1626127176221000,1,0.02544477,1461.3000
1626127176221000,1,0.48797313,1461.3000
1626127475925000,0,0.02483476,1464.9600
1626127475925000,0,0.58326423,1464.9900
1626127475925000,0,0.02554272,1465.0000
1626127475925000,0,0.02473461,1465.3600
1626127475925000,0,0.42000000,1465.6900
1626127475925000,0,0.02557242,1465.7100
1626127475925000,0,0.95988174,1465.7900
1626127483762000,0,1.16685470,1464.5600
1626127483877000,0,0.06250000,1464.5600
1626127484208000,0,0.47456330,1464.5600
1626127484228000,0,0.38390756,1464.5600
1626127484270000,0,0.30710567,1464.5600
1626127484385000,0,0.66533346,1464.5600
1626127484416000,0,0.61325531,1464.5600
1626127484420000,0,1.05799336,1464.5600
1626127484494000,0,0.58827064,1464.5600
1626127484531000,0,0.28091280,1464.5600
1626127484591000,0,0.79584172,1464.5600
1626127484919000,0,0.06250000,1464.5600
1626127485875000,0,0.02000000,1466.4900
1626127581310000,0,0.02532629,1467.4700
1626127581310000,0,0.02509773,1467.4800
1626127581310000,0,0.02547933,1467.5900
1626127581310000,0,0.56796131,1468.2000
1626127982008000,0,0.07000000,1467.3900
1626129669904000,0,0.47445538,1468.0200
1626130932103000,0,0.02373729,1466.8900
1626131333175000,1,0.30000000,1463.4900
1626131392813000,0,0.80000000,1463.4900
1626131392813000,0,1.30000000,1463.5800
1626131392824000,0,3.09866549,1463.5800
1626131392878000,0,1.92350000,1464.1700
1626131392970000,0,2.97650000,1464.1700
1626131688722000,1,1.00000000,1462.7400
1626132339331000,1,1.47605636,1463.5800
1626132339331000,1,1.47355471,1463.3500
1626132956120000,1,1.47000000,1463.2700
1626132985492000,1,0.07000000,1462.8000
1626133671099000,1,0.70000000,1461.3400
1626133671099000,1,1.47763125,1461.2400
1626133671099000,1,0.02553833,1461.1600
1626133671099000,1,1.04349884,1460.9800
1626134144034000,1,0.02445595,1465.1200
1626134422964000,1,0.06272099,1463.4800
1626134423025000,1,0.00000001,1463.4800
1626134687441000,1,0.34684068,1454.3200
1626134687443000,1,0.35315932,1454.3200
1626134687595000,1,1.48445394,1453.7700
1626134687595000,1,0.11456309,1453.3000
1626134687595000,1,0.28638018,1453.3000
1626134687595000,1,0.17843327,1453.2900
1626134750380000,0,4.64770000,1453.5000
1626135148558000,1,4.68270772,1458.3700
1626135392501000,1,5.00000000,1458.4200
1626135516765000,1,2.00130211,1454.5700
1626138507806000,0,6.00000000,1458.9400
1626138759631000,0,5.00000000,1456.2500
1626138994593000,0,0.07000000,1456.5300
1626139128526000,0,0.07424165,1456.1400
1626139131828000,0,6.56600000,1456.9900
1626139434375000,1,0.49999999,1454.0000
1626139434375000,1,0.00000001,1454.0000
1626141727019000,1,0.16000000,1460.3900
1626143605146000,1,0.08000000,1459.3000
1626143606259000,1,0.01502452,1458.0500
1626144786021000,1,1.32000000,1463.0100
1626144786078000,1,0.00809953,1463.0100
1626144862702000,1,0.27619772,1462.4500
1626144889616000,1,0.14000000,1462.2700
1626144892529000,1,0.10000000,1462.2700
1626144893512000,1,0.00107283,1462.2700
1626144981482000,1,0.04000000,1462.2000
1626144981578000,1,0.00957044,1462.2000
1626145987169000,1,0.83000000,1463.5600
1626147057897000,0,0.70000000,1463.4100
1626148024512000,1,1.33184376,1464.4200
1626149479861000,1,1.44582227,1463.2300
1626149551144000,0,0.02421066,1464.3400
1626149551144000,0,0.70000000,1464.5300
1626149551144000,0,0.75108934,1464.6300
1626149551145000,0,0.72442103,1464.6300
1626149551145000,0,0.02561572,1464.6800
1626149551145000,0,0.72496325,1464.8400
1626149551146000,0,0.75021354,1464.8400
1626149551175000,0,0.02516673,1465.0000
1626149551175000,0,1.47500451,1465.0200
1626149551175000,0,0.93902876,1465.1900
1626149583903000,1,0.02401419,1462.8800
1626149583903000,1,1.44566375,1462.8600
1626149583919000,1,0.02999343,1462.8600
1626149616240000,1,0.24294200,1462.4100
1626150779323000,1,0.01556579,1458.7500
1626150779822000,1,0.00031767,1458.7500
1626151577349000,1,1.48030000,1457.5500
1626151676848000,1,0.01700000,1460.0200
1626151676928000,1,0.00068400,1460.0200
1626151942249000,1,0.00000777,1457.5500
1626151942249000,1,5.11999223,1457.3000
1626151942282000,1,0.00123195,1457.3000
1626151942363000,1,0.05300000,1457.2300
1626151942508000,1,0.06250000,1457.2300
1626151942842000,1,4.99000000,1457.2300
1626151943487000,1,0.00195050,1457.2300
1626151957109000,0,1.00000000,1457.3600
1626152846045000,1,1.48201020,1453.0700
1626152939224000,1,0.91457601,1450.5100
1626152939301000,1,0.44104909,1450.5100
1626152950071000,1,0.15247745,1449.6200
1626152950393000,1,0.70000000,1448.7400
1626152950393000,1,0.30000000,1448.6900
1626152950437000,1,0.38114678,1448.7500
1626152950437000,1,0.02380490,1448.6900
1626153163213000,1,0.51848916,1446.0100
1626153163318000,1,1.48151084,1446.0100
1626153230847000,0,1.64194440,1442.9600
1626153230917000,0,0.07000000,1442.9600
1626153327545000,1,0.65654719,1439.3200
1626153327558000,1,0.02533457,1439.1400
1626153327559000,1,0.14736578,1438.5000
1626153327559000,1,0.02563110,1438.4900
1626153328696000,1,2.10000000,1438.5700
1626153400340000,1,3.21540000,1434.5100
1626153400560000,1,0.07000000,1434.5100
1626153409175000,1,0.05323551,1432.8100
1626153431653000,1,0.02513463,1433.2700
1626153452680000,1,0.66000000,1434.4400
1626153453657000,1,0.84000000,1434.4400
1626153454327000,1,0.30000000,1433.8600
1626153455018000,1,0.32000000,1433.8600
1626153464502000,1,0.02525113,1433.3100
1626153744925000,1,0.02585475,1436.8800
1626153748529000,1,2.93000000,1436.3600
1626154083318000,1,2.10000000,1430.9100
1626154083318000,1,1.50881107,1430.8400
1626154083318000,1,0.02421610,1430.7400
1626154083318000,1,0.70000000,1430.7200
1626154083318000,1,2.10000000,1430.7200
1626154083318000,1,1.50718678,1430.5400
1626154083318000,1,0.02757584,1430.4300
1626154083318000,1,0.17741599,1430.1500
1626154083318000,1,1.50820935,1430.1400
1626154083318000,1,0.02265191,1430.0400
1626154083318000,1,0.44356810,1429.9200
1626154083318000,1,1.50826395,1429.9100
1626154083318000,1,1.50886632,1429.7700
1626154083318000,1,1.15318780,1429.5600
1626154083318000,1,4.81785983,1429.5500
1626154083318000,1,0.41000000,1429.1300
1626154083318000,1,1.50849836,1429.1200
1626154083318000,1,6.90000000,1428.9900
1626154083390000,0,0.07000000,1428.0000
1626154083408000,0,0.06250000,1428.0000
1626154083418000,0,0.02832988,1428.0000
1626154083491000,0,0.55214171,1428.0000
1626154083524000,0,351.00000000,1428.0000
1626154083543000,0,25.15160207,1428.0000
1626154083573000,0,49.64000000,1428.0000
1626154083573000,0,14.82210025,1428.0000
1626154085788000,0,0.02547190,1431.3700
1626154085788000,0,0.02442094,1431.4700
1626154085788000,0,0.02598839,1431.7500
1626154085788000,0,0.70000000,1432.0800
1626154085788000,0,2.83321877,1432.1800
1626154095845000,0,0.02570822,1429.6400
1626154116012000,0,0.02542873,1430.3700
1626154116012000,0,2.10007127,1430.5100
1626154294178000,1,0.02461612,1430.1200
1626154294178000,1,0.02456512,1429.8000
1626154294178000,1,0.11018487,1429.6800
1626154331299000,0,0.02584098,1429.5900
1626154495189000,1,0.60000000,1426.9200
1626154501064000,0,0.02531075,1427.6400
1626154501064000,0,0.70000000,1427.6700
1626154553043000,0,0.70000000,1430.9900
1626154553043000,0,0.85880000,1430.9900
1626154770944000,0,1.48000000,1429.4000
1626155210426000,0,0.02459073,1429.4000
1626155305743000,1,0.88000000,1429.2900
1626155305790000,1,0.63078613,1429.2900
1626155382084000,1,1.51000000,1426.4200
1626155382228000,1,0.00406248,1426.4200
1626155621251000,1,0.07000000,1427.5600
1626155669591000,1,1.51410389,1425.9900
1626156655978000,1,1.50461928,1435.4300
1626156663382000,0,0.41557148,1436.6000
1626156672986000,1,0.02555447,1435.4600
1626156672986000,1,1.50467259,1435.1800
1626156672986000,1,0.02451475,1435.1500
1626156672986000,1,0.09487389,1434.9300
1626156672990000,1,1.41014644,1434.9300
1626156672990000,1,0.02540973,1434.8100
1626156672990000,1,0.21405954,1434.6800
1626156672996000,1,1.29121846,1434.6800
1626156672996000,1,0.35839724,1434.5600
1626156673076000,1,1.50424517,1435.5800
1626156782280000,0,0.02595020,1434.1000
1626156782280000,0,0.04341857,1434.5200
1626157032981000,0,0.02505324,1434.6500
1626157032981000,0,0.07925736,1434.6600
1626158229038000,0,1.50005813,1441.5300
1626158229038000,0,0.14822195,1441.8400
1626158229043000,0,1.35152398,1441.8400
1626158229043000,0,0.29675611,1441.9400
1626158229052000,0,0.11324389,1441.9400
1626158229052000,0,1.49997312,1442.0000
1626158229052000,0,0.03527875,1442.0000
1626158256893000,1,0.13896700,1444.6400
1626158259534000,1,0.02515776,1445.3200
1626158259534000,1,0.02574649,1445.0100
1626158259534000,1,0.03247575,1444.6400
1626158291517000,0,0.13914100,1446.6100
1626158983245000,0,0.02483842,1442.1900
1626158983245000,0,0.41000000,1442.4800
1626158983245000,0,0.25702880,1442.4900
1626159244835000,0,0.41261602,1446.8900
1626159446251000,1,0.70000000,1443.1300
1626159446251000,1,0.79710000,1442.9200
1626159453733000,0,0.02476301,1443.8700
1626159453733000,0,0.02444625,1444.1800
1626159453733000,0,0.78467410,1444.1800
1626159462236000,1,0.01539100,1442.4100
1626159462236000,1,1.48220900,1442.2100
1626159605005000,0,0.08000000,1445.3300
1626159605011000,0,0.17000000,1445.3300
1626159605023000,0,5.35000000,1445.3300
1626159947021000,0,0.02501516,1454.3300
1626159947021000,0,0.02488597,1454.6500
1626159947021000,0,0.13004132,1454.8400
1626160234935000,0,0.06250000,1458.5900
1626160302018000,0,0.07000000,1457.5100
1626160302053000,0,0.06250000,1457.5100
1626160323270000,0,0.06697299,1460.8500
1626160323274000,0,0.00000001,1460.8500
1626160539489000,1,0.02419400,1460.3900
1626160550637000,1,0.02360000,1460.3900
1626160604611000,0,0.02495989,1461.6000
1626160604664000,1,0.07000000,1461.6000
1626160604951000,1,0.58581459,1461.6000
1626160604954000,1,0.00000001,1461.6000
1626161192479000,1,0.19000000,1456.8200
1626161193791000,1,0.19000000,1456.5000
1626161734047000,0,0.08546199,1466.2700
1626161734063000,0,0.00000001,1466.2700
1626161753820000,1,2.10000000,1464.9600
1626162009653000,0,0.02446195,1463.4500
1626162009653000,0,0.97553805,1463.6100
1626162081609000,0,1.00000000,1463.8400
1626162171697000,0,0.02432303,1463.4600
1626162171697000,0,0.37567697,1463.7300
1626163760728000,0,1.01867988,1468.9600
1626163970964000,1,1.47000000,1466.0700
1626165264138000,1,0.20000000,1465.1700
1626165387641000,0,0.13580558,1465.3300
1626165893933000,1,0.02680800,1462.4000
1626165954568000,1,0.05262872,1464.0800
1626166147528000,1,0.02010600,1462.3700
1626166158249000,1,0.01477742,1462.0200
1626166158536000,1,0.01501410,1462.0000
1626166167976000,1,0.08328618,1462.0000
1626166168257000,1,0.00169972,1462.0000
1626166186560000,1,0.01507900,1461.6200
1626166186560000,1,0.01492100,1461.3800
1626167347689000,1,0.20884400,1462.0400
1626167592232000,1,0.09999999,1458.0000
1626167600522000,1,0.00000001,1458.0000
1626168005595000,1,2.00130210,1460.0600
1626168484413000,1,3.76510000,1461.5800
1626170106254000,1,0.02596215,1456.5300
1626170106254000,1,0.67403785,1456.4500
1626170269989000,0,0.02590160,1461.1500
1626170269989000,0,0.09667308,1461.1500
1626170275653000,0,0.02483470,1461.3300
1626170275653000,0,0.00935333,1461.3300
1626170299045000,0,1.64254438,1462.3400
1626170299048000,0,0.45745562,1462.3400
1626170299048000,0,1.18508876,1462.4100
1626170299227000,0,2.10000000,1462.4900
1626170318947000,0,0.02483177,1464.9400
1626170318947000,0,0.17516823,1465.0700
1626170405430000,0,0.07000000,1466.9700
1626170429973000,0,0.22566079,1474.9000
1626170429974000,0,0.01433921,1474.9000
1626170433262000,0,0.02779253,1477.0700
1626170433262000,0,0.02520397,1477.5500
1626170433262000,0,1.47331944,1478.0000
1626170433262000,0,0.02524588,1478.1900
1626170433262000,0,0.02546915,1478.6300
1626170433262000,0,4.69053474,1478.9900
1626170433262000,0,0.44813876,1479.6100
1626170437788000,1,0.02470590,1474.0500
1626170437788000,1,0.01529410,1473.9500
1626170441351000,0,0.02506487,1475.7200
1626170441351000,0,0.47493513,1476.1500
1626170443939000,1,2.10000000,1474.0000
1626170446899000,0,0.50000000,1474.7700
1626170458077000,1,0.02409326,1472.6600
1626170458095000,1,0.00049170,1472.6600
1626170584049000,1,0.02456501,1472.8500
1626170584049000,1,0.00962302,1472.5100
1626170785402000,1,0.19000000,1468.5300
1626170798491000,0,0.02539643,1469.5000
1626170798491000,0,0.07460357,1469.5000
1626170823345000,1,0.05000000,1468.0400
1626170911035000,1,0.06000000,1467.5500
1626170911044000,1,0.00331500,1467.5500
1626170921089000,1,0.03622900,1466.2900
1626170928159000,1,0.10000000,1465.0000
1626171104586000,1,0.02381604,1463.6000
1626171110099000,1,0.40000000,1463.1100
1626171189087000,1,0.02444616,1462.5200
1626171208310000,1,2.10000000,1463.6700
1626171208310000,1,0.02000000,1463.6400
1626171216984000,1,0.02614153,1462.5400
1626171216984000,1,2.05747717,1462.5400
1626171740145000,1,0.02546186,1463.7800
1626172083614000,1,0.28754866,1463.9200
1626172083631000,1,0.00586834,1463.9200
1626172182667000,1,0.15000000,1463.7100
1626172182738000,1,0.00032700,1463.7100
1626172277103000,1,0.08000000,1463.8000
1626172277134000,1,0.00671700,1463.8000
1626172740335000,0,0.02549350,1464.8100
1626172740335000,0,1.47926388,1464.9200
1626172740335000,0,1.47900512,1465.1400
1626172740335000,0,0.02434577,1465.2100
1626172740335000,0,1.47877434,1465.3500
1626172740335000,0,0.02504950,1465.5100
1626172740335000,0,2.10000000,1465.5700
1626172740335000,0,0.41000000,1465.6100
1626172740335000,0,0.02485786,1465.8300
1626172740335000,0,4.87126341,1466.0000
1626172740335000,0,1.47853102,1466.0200
1626172740335000,0,1.47902431,1466.1700
1626172740335000,0,4.99448783,1466.8500
1626172740757000,0,0.06249999,1465.2200
1626172740759000,0,0.00000001,1465.2200
1626172779749000,1,0.02377186,1466.9400
1626172918411000,1,4.74810203,1464.3500
1626173498424000,1,0.10000000,1462.0000
1626173516029000,1,2.05800000,1461.2300
1626173560295000,1,0.10000000,1460.0000
1626173586510000,1,0.19600000,1459.0000
1626173588554000,1,0.00400000,1459.0000
1626173608555000,1,0.02516204,1457.0700
1626173622498000,1,0.10000000,1457.0000
1626174457389000,1,0.02469672,1451.1300
1626174457389000,1,0.02464929,1450.8200
1626174457389000,1,0.70000000,1450.7400
1626174457389000,1,0.25065399,1450.6400
1626174459463000,1,0.06000000,1450.9100
1626174459473000,1,0.00250000,1450.9100
1626174459804000,1,0.06250000,1450.0000
1626174459805000,1,0.13000000,1450.0000
1626174459882000,1,0.00750000,1450.0000
1626174466472000,0,0.69999999,1451.1000
1626174466473000,0,0.00000001,1451.1000
1626174474483000,1,0.02429481,1448.7200
1626174474483000,1,0.70000000,1448.4000
1626174474483000,1,1.49370121,1448.2900
1626174474483000,1,0.11828436,1448.0900
1626174474483000,1,0.02502932,1448.0800
1626174474483000,1,0.76980186,1447.6800
1626174474483000,1,0.29569054,1447.6800
1626174474483000,1,0.41000000,1447.6800
1626174474483000,1,1.49416287,1447.6700
1626174474483000,1,0.56408727,1447.5400
1626174511779000,1,0.70000000,1449.1100
1626174563941000,1,0.02563191,1448.4700
1626174563941000,1,0.97436809,1448.3600
1626174629374000,1,0.06250000,1450.0600
1626175596715000,0,0.02441849,1454.1700
1626175596715000,0,0.01520444,1454.2700
1626175866738000,0,0.30000000,1455.1300
1626176932298000,1,0.11311583,1458.6500
1626176932401000,1,0.11311583,1458.3900
1626176933404000,1,0.06944500,1457.0200
1626176933404000,1,2.69015500,1456.6400
1626176935029000,1,4.30000000,1456.6400
1626177083441000,1,0.11099959,1452.8400
1626177088751000,1,0.06250000,1450.3200
1626177095370000,1,0.02546327,1445.5300
1626177095370000,1,0.00000001,1445.5300
1626177117498000,1,0.10840761,1443.9700
1626177117498000,1,0.10844661,1443.9700
1626177117498000,1,0.70491103,1443.6100
1626177117498000,1,2.10000000,1443.6000
1626177117972000,1,0.10840761,1443.1700
1626177117972000,1,0.70491103,1443.1700
1626177301210000,1,0.70000000,1442.6100
1626177301210000,1,0.30000000,1442.6000
1626177503794000,1,0.08822009,1445.8000
1626177503794000,1,0.08822739,1445.7600
1626177701999000,1,0.10000000,1437.6200
1626177925388000,1,0.78223516,1438.4300
1626177925394000,1,0.41965676,1438.4300
1626177925438000,1,0.26221356,1438.4300
1626177977345000,1,0.63000000,1438.4300
1626177978456000,1,0.00589452,1438.4300
1626178082082000,0,0.06250000,1440.8000
1626178156362000,0,1.30213980,1443.6700
1626178156365000,0,0.18012599,1443.6700
1626178158519000,0,0.06250000,1444.2200
1626178162216000,0,0.12568348,1444.2200
1626178162369000,0,1.05181652,1444.2200
1626178162369000,0,2.80818348,1444.2300
1626178162928000,0,1.27181652,1444.2300
1626178162928000,0,3.85276759,1444.2800
1626178209532000,1,4.67000000,1440.5200
1626178230970000,1,0.00346329,1440.5200
1626178484822000,0,0.45000000,1439.8100
1626178627676000,0,0.18000000,1437.1900
1626178650420000,0,0.25000000,1438.0400
1626178699898000,0,2.52000000,1438.2700
1626179200463000,1,1.50340000,1437.8100
1626179326800000,0,0.02568281,1437.9200
1626179344910000,0,2.10000000,1437.9100
1626179401549000,0,0.02588348,1438.6900
1626179401549000,0,4.57129095,1438.9000
1626179401549000,0,2.10000000,1438.9000
1626179401549000,0,0.02572736,1439.0200
1626179401549000,0,0.02629955,1439.5100
1626179401549000,0,1.50581582,1439.7600
1626179401580000,1,0.02442773,1439.8800
1626179401639000,1,0.06250000,1439.8800
1626179401660000,1,0.03600000,1439.8800
1626179401675000,1,0.90000000,1439.8800
1626179401776000,1,8.72205511,1439.8800
1626179431172000,1,0.03400000,1437.6500
1626179477093000,0,0.61456864,1439.9600
1626179478851000,0,0.05379936,1439.9600
1626179507787000,0,2.05800000,1440.5500
1626179507815000,0,0.04200000,1440.5500
1626179516503000,0,0.09502516,1440.8700
1626179517786000,0,1.96487534,1440.8700
1626179520407000,0,0.60914060,1440.3600
1626179520742000,0,1.49085940,1440.3600
1626179534388000,0,2.10000000,1439.9900
1626179534388000,0,0.79605680,1440.0600
1626179534409000,0,0.05910320,1440.0600
1626179720303000,1,0.02476949,1439.8400
1626179753563000,1,0.02374426,1437.6200
1626179753595000,1,0.00048458,1437.6200
1626179764237000,1,0.39000000,1437.4600
1626179768506000,1,0.02450768,1437.3100
1626179768506000,1,0.02434093,1436.9800
1626179771570000,1,0.86000000,1434.8300
1626179788594000,0,0.06580248,1436.4200
1626179790221000,1,0.02550907,1434.6200
1626179790221000,1,0.01449093,1434.5400
1626179802148000,0,0.02445214,1435.6600
1626179802148000,0,0.02508448,1435.9800
1626179840642000,1,0.06585838,1427.8900
1626179840657000,1,0.83414162,1427.8900
1626179841254000,1,1.00000000,1426.6400
1626179841279000,1,1.10000000,1426.6400
1626179841279000,1,0.02355195,1426.5700
1626179841279000,1,4.47294856,1426.5200
1626180073371000,1,0.02495793,1425.8900
1626180073371000,1,0.02453743,1425.5700
1626180073371000,1,1.59050464,1425.5700
1626180078023000,1,0.02335701,1424.8200
1626180080079000,1,2.10000000,1424.5300
1626180080079000,1,4.59000000,1424.4600
1626180205974000,1,0.30000000,1429.0400
1626180227726000,1,1.51769919,1430.1000
1626180246529000,0,0.01395098,1431.4400
1626180524381000,1,1.51000000,1431.8600
1626180524512000,1,1.51658295,1431.6300
1626180877801000,0,0.01738115,1430.8600
1626180904353000,0,0.03600000,1431.2600
1626181009277000,1,1.51921448,1429.3600
1626181067541000,1,1.00000000,1427.9000
1626181110437000,1,3.95000000,1424.2100
1626181110448000,1,1.25000000,1424.2100
1626181268129000,1,1.64545243,1420.0900
1626181268131000,1,1.64545244,1420.0900
1626181268132000,1,1.06256525,1420.0900
1626181268136000,1,1.64545243,1420.0900
1626181361401000,1,0.02542819,1428.7400
1626181361421000,1,0.00051894,1428.7400
1626181382078000,1,3.00000000,1426.9100
1626181427926000,1,2.10000000,1429.4600
1626181437708000,1,0.62000000,1428.0200
1626181455352000,1,2.10000000,1428.4000
1626181458790000,1,1.59000000,1428.1100
1626181813442000,0,0.34896492,1429.3700
1626181918208000,0,0.02552712,1431.6700
1626181918208000,0,0.07563627,1431.9000
1626182033810000,1,0.20000000,1430.3900
1626182033847000,1,0.27000000,1430.3900
1626182054639000,1,1.51000000,1430.8800
1626182054690000,1,0.00759500,1430.8800
1626182063120000,0,1.00000000,1431.5100
1626182144250000,0,0.07816699,1435.1500
1626182144251000,0,0.00000001,1435.1500
1626182256712000,1,2.08335180,1436.8400
1626182256733000,1,0.01664820,1436.8400
1626182718098000,1,0.02536697,1432.3000
1626182718145000,1,0.00051769,1432.3000
1626182773615000,1,2.10000000,1430.7900
1626182995337000,0,0.02445609,1434.0900
1626182995337000,0,0.00849706,1434.3500
1626183013193000,1,0.02466083,1433.8400
1626183538895000,1,1.48686057,1430.5700
1626183982781000,1,2.10000000,1431.5600
1626184062920000,1,0.86000000,1424.3700
1626184251229000,1,0.02382688,1423.6500
1626184266073000,1,0.86000000,1424.1800
1626184266110000,1,0.00255000,1424.1800
1626184331287000,1,0.63000000,1426.1700
1626184391914000,1,0.08000000,1427.8900
1626184577545000,0,0.07823999,1435.0700
1626184577589000,0,0.00000001,1435.0700
1626184584381000,0,0.08334299,1436.4000
1626184584427000,0,0.00000001,1436.4000
1626184798737000,1,1.51540000,1430.1100
1626184801220000,1,0.00005182,1430.1100
1626184910698000,1,1.51560000,1429.9100
1626184918352000,1,0.00001515,1429.9100
1626184918352000,1,1.51398485,1429.5600
1626184954387000,1,0.93000000,1427.7400
1626185344361000,0,0.02426702,1427.0400
1626185344361000,0,0.22573298,1427.2600
1626185370870000,0,1.83678168,1427.2600
1626185370942000,0,0.03748534,1427.2600
1626185439955000,0,0.13700000,1428.9800
1626185449977000,0,0.69642694,1428.7500
1626185973499000,0,2.10000000,1429.2900
1626185973499000,0,1.51772602,1429.3600
1626185973499000,0,0.02513220,1429.4200
1626185973499000,0,2.10000000,1429.4300
1626185973499000,0,0.70000000,1429.4400
1626185973499000,0,0.51836161,1429.5400
1626186031289000,0,0.01394221,1427.3200
1626186373491000,0,0.01393420,1428.1400
1626186698428000,1,0.52852664,1424.8100
1626186698431000,1,0.88116155,1424.8100
1626186698432000,1,0.11048663,1424.8100
1626186905195000,1,2.10000000,1426.1800
1626186966072000,1,2.10000000,1428.8700
1626187083984000,0,1.39220103,1429.4200
1626187084087000,0,0.03487428,1429.4200
1626187177740000,0,0.06959355,1429.7300
1626187180474000,1,1.00000000,1428.4100
1626188205267000,1,0.15000000,1426.7300
1626188205666000,1,0.21000000,1426.7300
1626188205812000,1,0.10094000,1426.7300
1626188206206000,1,0.21000000,1426.7300
1626188206550000,1,0.03000000,1426.7300
1626188206836000,1,0.01960000,1426.7300
1626188254772000,1,0.83000000,1427.1800
1626188334319000,0,0.25000000,1428.0000
1626189130835000,0,0.07192000,1429.8100
1626189708714000,0,0.80000000,1434.2400
1626189708714000,0,0.20000000,1434.2500
1626189937106000,0,1.19550000,1434.8200
1626189968947000,1,2.10000000,1435.7200
1626189968947000,1,0.02000000,1435.6900
1626189976007000,1,1.05000000,1436.4600
1626189976733000,1,0.10000000,1436.4600
1626190051691000,0,1.64265886,1437.6300
1626190051693000,0,0.45734114,1437.6300
1626190051693000,0,0.47936223,1437.7000
1626190308671000,0,0.02522742,1437.3100
1626190308671000,0,0.04398993,1437.6100
1626190438173000,0,0.02519431,1436.1100
1626190438173000,0,0.66766347,1436.1100
1626191134923000,0,0.52157312,1442.0400
1626191134925000,0,0.45651524,1442.0400
1626191134925000,0,0.13038511,1442.0400
1626191144006000,1,1.25000000,1442.3800
1626191145678000,1,0.06000000,1444.3000
1626191146306000,1,2.10000000,1444.3700
1626191201403000,0,0.59000000,1445.7200
1626191201417000,0,0.00075978,1445.7200
1626191205662000,0,0.06250000,1446.6600
1626191205759000,0,1.41423897,1446.6600
1626191205759000,0,1.47673897,1446.6600
1626191210338000,0,0.11271000,1449.1400
1626191210338000,0,0.65492620,1449.1500
1626191210345000,0,0.52507380,1449.1500
1626191261167000,0,0.02500848,1446.8100
1626191261167000,0,0.02420381,1447.1200
1626191806798000,1,1.50143491,1442.6300
1626191817172000,0,2.10000000,1443.0300
1626191910184000,1,1.50235249,1441.8200
1626191910184000,1,0.18624751,1441.8200
1626192022998000,1,0.59000000,1441.9500
1626192139050000,1,0.16000000,1442.8700
1626192175574000,1,0.05000000,1441.8700
1626192175588000,1,0.00690400,1441.8700
1626192186311000,1,0.03000000,1441.3900
1626192186313000,1,0.00017800,1441.3900
1626192194885000,1,0.02263300,1441.3800
1626192225452000,1,0.03000000,1440.4700
1626192225495000,1,0.00301800,1440.4700
1626192640534000,0,0.62957556,1438.6200
1626193114101000,0,0.01728904,1439.6400
1626193130259000,1,0.85391000,1438.5900
1626193315464000,1,0.54000000,1441.8000
1626194107400000,0,0.20000000,1446.7000
1626194207446000,1,0.10000000,1443.0000
1626194624674000,1,0.05000000,1438.0000
1626194624708000,1,0.03000000,1438.0000
1626194629395000,1,0.01960000,1438.0000
1626194629965000,1,0.00040000,1438.0000
1626195241320000,0,0.02572322,1441.4800
1626195241320000,0,0.00706110,1441.7700
1626195475721000,1,1.50000000,1439.6500
1626195475762000,1,0.00475414,1439.6500
1626195479072000,1,1.50000000,1439.6500
1626195479110000,1,0.00475414,1439.6500
1626195479262000,1,1.50000000,1439.4300
1626195492180000,1,1.50000000,1438.7400
1626195500583000,1,0.06000000,1438.5700
1626195500901000,1,0.35000000,1438.5700
1626195514598000,1,0.38000000,1439.0700
1626195514636000,1,0.50000000,1439.0700
1626195517579000,1,0.62548850,1439.0700
1626195519684000,1,1.50000000,1438.8100
1626196088757000,1,0.75000000,1442.9200
1626196088758000,1,7.75000000,1442.9200
1626196670097000,1,1.50000000,1439.9000
1626196670106000,1,0.00615035,1439.9000
1626197134984000,0,4.09982307,1439.4100
1626197279406000,1,1.47762922,1437.7800
1626197855276000,1,0.02506877,1439.3600
1626197855276000,1,0.37665973,1439.2800
1626197913959000,1,2.05800000,1439.4400
1626198090970000,0,0.13130934,1439.7300
1626198103238000,1,1.50670000,1438.7800
1626199269918000,1,1.51000000,1436.1500
1626199663719000,1,1.27000000,1435.9000
1626199663801000,1,0.24125587,1435.9000
1626199665137000,1,1.51000000,1435.9000
1626199665183000,1,0.00125587,1435.9000
1626199670901000,1,0.15000000,1435.6600
1626199670902000,1,0.85000000,1435.6600
1626199670915000,1,0.51125587,1435.6600
1626199684654000,1,1.51000000,1435.6600
1626199688719000,1,0.00125587,1435.6600
1626199688719000,1,1.50874413,1435.6600
1626199688749000,1,0.00251174,1435.6600
1626199689102000,1,0.68000000,1435.4700
1626199791244000,1,1.51000000,1435.7600
1626199791342000,1,0.00058958,1435.7600
1626200008121000,1,0.41000000,1431.2600
1626200066635000,0,0.05042864,1431.0000
1626200092663000,1,1.51589082,1430.3400
1626200256485000,0,0.39200000,1433.0000
1626200256543000,0,0.00800000,1433.0000
1626200401115000,1,1.51612185,1430.9900
1626200466917000,1,1.51554634,1431.5100
1626200466917000,1,1.51445366,1431.5000
1626200491570000,1,0.62000000,1432.1100
1626200491588000,1,0.89524935,1432.1100
1626200493603000,1,0.28000000,1432.1100
1626200493656000,1,0.28000000,1432.1100
1626200493690000,1,0.02156000,1432.1100
1626200493838000,1,0.93368935,1432.1100
1626200520998000,1,1.51000000,1432.1100
1626200645601000,1,0.52741939,1433.5400
1626200645603000,1,0.47382684,1433.5400
1626200645605000,1,0.51206117,1433.5400
1626200645675000,1,2.10000000,1433.6100
1626200645675000,1,1.51365309,1433.2800
1626200645675000,1,1.51398979,1432.9600
1626200645955000,1,0.39927815,1432.3000
1626200645955000,1,0.99822180,1432.0800
1626200646925000,1,2.43060000,1431.2100
1626200647590000,1,4.38000000,1431.2100
1626200858929000,0,0.83777821,1432.3600
1626200878635000,1,1.51000000,1430.9600
1626200919842000,1,1.51000000,1429.3800
1626201129687000,0,0.03478242,1430.3200
1626201199260000,1,1.05000000,1429.9300
1626201199265000,1,0.46690942,1429.9300
1626201243647000,1,1.51887448,1427.4700
1626201318775000,1,0.41000000,1424.6700
1626201327911000,1,0.02514491,1424.5200
1626201327911000,1,0.02530882,1424.2300
1626201327911000,1,0.44954627,1424.2000
1626201479475000,1,1.52000000,1423.7800
1626201479519000,1,0.00301896,1423.7800
1626202587543000,1,0.11691511,1420.0200
1626202658894000,1,0.00238602,1420.0200
1626202658894000,1,1.52761398,1419.6700
1626202808244000,1,1.65609491,1416.4200
1626202808365000,1,0.03300000,1416.4200
1626202808443000,1,0.52950204,1416.4200
1626202808458000,1,0.53300624,1416.4200
1626202809377000,1,0.36523249,1414.3700
1626202811541000,1,0.97000000,1413.2000
1626202813944000,1,0.01500000,1411.5800
1626202813945000,1,3.53966145,1410.7300
1626202813945000,1,0.01500000,1410.7100
1626202813945000,1,0.01411000,1410.3500
1626202815589000,0,0.02500000,1411.9800
1626202859746000,1,0.50000000,1412.7700
1626202881516000,1,0.36176713,1414.8100
1626202881951000,1,0.36177224,1414.3800
1626203062281000,0,0.02577255,1423.1000
1626203062281000,0,0.47422745,1423.3200
1626203119847000,1,0.02594301,1419.2900
1626203119847000,1,0.02449736,1418.9800
1626203119847000,1,0.44955963,1418.6600
1626203197525000,1,2.76000000,1418.2400
1626203197543000,1,2.11175759,1418.2400
1626203452520000,1,1.53000000,1414.6100
1626203452604000,1,0.00352442,1414.6100
1626203553344000,1,0.41000000,1409.5400
1626203553716000,1,0.34000000,1408.7000
1626203631291000,1,0.69999999,1401.8400
1626203631292000,1,0.00000001,1401.8400
1626203631292000,1,0.87633712,1401.7200
1626203631313000,1,0.86056909,1401.7200
1626203631475000,1,1.23265825,1401.7200
1626203631489000,1,2.08263384,1401.7200
1626203631609000,1,0.06250000,1401.7200
1626203858049000,1,0.18000000,1409.9300
1626203858053000,1,0.03759236,1409.9300
1626203901220000,1,4.17000000,1407.1400
1626203901272000,1,0.81196951,1407.1400
1626203978065000,1,1.54262843,1406.5100
1626203978065000,1,0.56737157,1406.5000
1626204000556000,1,1.54000000,1406.3200
1626204000572000,1,0.00276163,1406.3200
1626204027321000,1,0.57000000,1406.0100
1626204043578000,1,1.54323553,1405.6900
1626204043578000,1,1.53676447,1405.6800
1626204051854000,1,0.49000000,1405.3600
1626204051864000,1,0.46000000,1405.3600
1626204051884000,1,0.19000000,1405.3600
1626204052051000,1,0.40307647,1405.3600
1626204060106000,1,0.78000000,1405.5900
1626204060106000,1,0.76382111,1405.5900
1626204062581000,1,0.74000000,1405.1000
1626204063709000,1,0.55000000,1405.1000
1626204063829000,1,0.25401823,1405.1000
1626204173345000,0,0.03362552,1405.4800
1626204275285000,1,0.12086208,1400.7700
1626204275287000,1,0.00000001,1400.7700
1626204278828000,1,0.06250000,1400.0000
1626204278907000,1,0.00850000,1400.0000
1626204278907000,1,0.08565000,1400.0000
1626204278907000,1,0.48861302,1400.0000
1626204278999000,1,0.51138698,1400.0000
1626204278999000,1,0.05999999,1400.0000
1626204279007000,1,0.00000001,1400.0000
1626204279125000,1,0.30065949,1398.7300
1626204279125000,1,0.14934051,1398.5000
1626204443361000,1,0.01500000,1396.5400
1626204621395000,1,0.02532418,1399.0100
1626204621400000,1,0.00016855,1399.0100
1626204621400000,1,0.02515563,1398.6300
1626204621402000,1,0.00016856,1398.6300
1626204621403000,1,1.29414516,1398.3600
1626204621407000,1,0.68570548,1398.3600
1626204661201000,1,1.55000000,1398.0400
1626204661225000,1,0.00195888,1398.0400
1626204663691000,1,0.46000000,1397.2500
1626204663699000,1,1.17000000,1397.2500
1626204663748000,1,3.11669974,1397.2500
1626204709126000,1,1.55000000,1399.1300
1626204709319000,1,1.55052307,1398.8400
1626204784741000,1,1.55600000,1394.4500
1626204827888000,1,0.02401304,1390.2800
1626204843930000,0,7.90000000,1392.8200
1626204901950000,1,1.00000000,1392.8600
1626204945705000,0,8.60000000,1389.6600
1626204970873000,0,0.20435350,1389.3000
1626205307530000,1,1.55268357,1397.6500
1626205307530000,1,0.02468368,1397.4300
1626205307530000,1,1.49037946,1397.3800
1626205442999000,1,1.55000000,1392.6500
1626205719477000,1,1.55000000,1394.0700
1626205780758000,1,1.55090000,1390.8500
1626205842739000,1,0.16965428,1389.9700
1626206143143000,0,0.07144600,1392.6600
1626206311053000,0,0.02550568,1393.7800
1626206311053000,0,0.02527305,1394.0700
1626206311053000,0,0.05771467,1394.0700
1626206404222000,1,0.02586636,1390.4700
1626206404224000,1,0.00000001,1390.4700
1626206834464000,0,0.70000000,1402.8100
1626206834464000,0,0.02522328,1402.8200
1626206834464000,0,0.27477672,1402.9100
1626207131333000,1,0.02472459,1397.1200
1626207131333000,1,0.47527541,1397.0300
1626207380772000,0,0.10000000,1404.6000
1626207394325000,1,0.52000000,1404.9700
1626207619115000,1,0.20000000,1399.6200
1626207996936000,0,0.29392552,1402.0000
1626207997177000,0,0.00607448,1402.0000
1626208198432000,0,0.02504397,1408.4200
1626208198432000,0,0.02769597,1408.4200
1626208281047000,1,0.10000000,1404.2000
1626208757356000,0,0.02475566,1404.5400
1626208757356000,0,0.02421469,1404.8400
1626208757356000,0,0.70000000,1404.8800
1626208757356000,0,0.49368383,1404.9800
1626209590327000,0,1.19581666,1408.0500
1626209591319000,0,1.54322289,1408.0500
1626209706712000,1,0.10000000,1407.0000
1626209968514000,1,2.10000000,1410.8400
1626209968514000,1,0.02426347,1410.7700
1626209969837000,1,0.02573652,1410.9000
1626209969837000,1,0.01426348,1410.7800
1626210078990000,1,0.02407147,1411.8900
1626210078990000,1,1.51559811,1411.6600
1626210383663000,0,0.02464409,1413.6400
1626210383663000,0,0.02436019,1413.9800
1626210383663000,0,0.05099572,1414.0200
1626210442022000,0,0.20000000,1414.1900
1626210543964000,1,0.02500000,1410.0000
1626210544230000,1,0.07000000,1410.0000
1626210609972000,0,0.16200226,1411.4000
1626210645046000,1,0.00500000,1410.0000
1626210645046000,1,0.02500000,1409.4500
1626210793243000,1,0.02437239,1408.7000
1626210793243000,1,0.02507472,1408.4000
1626210793243000,1,0.02585269,1408.1000
1626210793805000,1,1.48000000,1407.8500
1626210793845000,1,0.03724000,1407.8500
1626210793892000,1,0.58276000,1407.8500
1626210793892000,1,0.89724000,1407.7800
1626210796562000,1,1.54000000,1407.8500
1626210797159000,1,0.00122762,1407.8500
1626210797188000,1,1.54000000,1407.4900
1626210797265000,1,0.00125388,1407.4900
1626210798603000,1,1.16000000,1407.2200
1626210799314000,1,0.03920000,1407.2200
1626210799930000,1,0.34000000,1407.2200
1626210800606000,1,0.00205388,1407.2200
1626210802378000,1,0.86000000,1407.2500
1626210802481000,1,0.83000000,1407.2500
1626210802842000,1,0.41000000,1407.2500
1626210803247000,1,0.46000000,1407.2200
1626210803953000,1,0.43000000,1407.2200
1626210804598000,1,0.42000000,1407.2200
1626210930903000,0,0.36260000,1407.8400
1626211095890000,1,1.54180000,1407.3800
1626211095974000,1,0.00004142,1407.3800
1626211102931000,0,0.02438140,1407.1200
1626211103898000,0,0.00049758,1407.1200
1626211165779000,0,0.02410917,1406.0500
1626211182693000,0,2.03437301,1406.0500
1626211182712000,0,0.04151782,1406.0500
1626211201540000,0,2.08184229,1406.0000
1626211201561000,0,0.01815771,1406.0000
1626211210768000,0,1.54928200,1406.1700
1626211210805000,0,0.03161800,1406.1700
1626211287996000,1,0.07294953,1403.4100
1626211408367000,0,0.03600000,1402.0900
1626211408815000,0,0.06400000,1402.0900
1626211465813000,1,0.30000000,1399.4000
1626211752183000,1,0.72224659,1405.6400
1626212320735000,0,0.02500283,1409.6700
1626212320735000,0,0.02490907,1409.9900
1626212320735000,0,0.70000000,1410.1800
1626212320735000,0,0.66126352,1410.2800
1626212354304000,0,0.13404283,1410.3700
1626212987262000,0,0.10000000,1409.5900
1626213002735000,1,0.02501328,1408.5700
1626213002735000,1,0.02540513,1408.3100
1626213002735000,1,0.46649097,1408.1400
1626213328615000,1,0.70000000,1407.2000
1626213328615000,1,1.22011957,1407.1900
1626214459903000,1,2.20000000,1407.8700
1626214459903000,1,1.30000000,1407.8000
1626215245538000,0,0.05000000,1410.8900
1626215298607000,0,0.04000000,1411.2800
1626215972903000,1,0.70000000,1403.3300
1626215972903000,1,0.97738589,1403.2300
1626215972904000,1,0.56887943,1403.2300
1626216198303000,1,0.06250000,1400.0000
1626216198327000,1,0.03750000,1400.0000
1626216489753000,1,1.55480000,1395.2900
1626218082975000,0,0.89411899,1403.5700
1626218082975000,0,0.13934891,1403.5700
1626218249703000,0,0.03359182,1406.8900
1626220126815000,0,0.14000000,1400.0500
1626220137883000,0,2.20000000,1399.8700
