timestamp ms,type,amount,price
1623542665704000,0,0.62755909,1674.5400
1623542665713000,0,0.05000000,1674.5400
1623542665717000,0,0.23251209,1674.5400
1623542665718000,0,0.02202122,1674.5400
1623542665757000,0,0.66790760,1674.5400
1623542666225000,0,0.08740981,1674.6200
1623543822623000,1,0.20000000,1670.7800
1623543845301000,1,0.77131970,1668.8700
1623543845360000,1,0.28000000,1668.8700
1623543845376000,1,1.42286851,1668.8700
1623545956728000,0,0.05000000,1698.3000
1623545956728000,0,1.25442236,1698.6500
1623545956728000,0,0.18901229,1698.9700
1623545956730000,0,1.21098771,1698.9700
1623545956730000,0,0.28244693,1699.0600
1623545956732000,0,1.31755307,1699.0600
1623545956732000,0,0.17588157,1699.1400
1623545956740000,0,1.22411843,1699.1400
1623545956740000,0,0.05000000,1699.1500
1623545956740000,0,0.21931621,1699.1700
1623545982678000,0,0.05000000,1697.8300
1623545982678000,0,0.05000000,1698.1800
1623545982678000,0,0.40000000,1698.4500
1623546021053000,0,2.69980000,1702.1600
1623546028698000,0,0.05000000,1703.7300
1623546031277000,0,0.05000000,1705.8300
1623546038775000,1,0.05000000,1704.2000
1623546038775000,1,0.05000000,1704.0200
1623546061712000,0,0.08571679,1704.7700
1623546080019000,0,1.24737576,1707.6000
1623546080019000,0,0.24296409,1707.7900
1623546162137000,0,0.05000000,1708.2800
1623546162173000,0,0.15000000,1708.2800
1623546180876000,1,0.15000000,1713.0500
1623546180897000,1,0.35382373,1713.0500
1623546180898000,1,0.37753173,1713.0500
1623546180908000,1,0.10352178,1713.0500
1623547778350000,0,0.28000000,1706.6900
1623552895618000,1,0.05000000,1690.5100
1623552897703000,1,0.23000000,1689.0800
1623552897722000,1,0.15935062,1689.0800
1623552897860000,1,1.48518867,1689.0800
1623553385000000,1,0.12881449,1683.5500
1623553385000000,1,1.26362295,1683.1400
1623553385000000,1,0.09591668,1682.8400
1623553385003000,1,1.16667692,1682.8400
1623553385056000,1,1.30000000,1682.7400
1623553385056000,1,0.18835412,1682.4800
1623553593568000,0,1.48901769,1679.8300
1623553593582000,0,1.48901769,1679.8300
1623553593582000,0,0.26552551,1679.8300
1623553593582000,0,1.48901769,1679.8300
1623553593763000,0,0.28000000,1679.8300
1623553682893000,1,0.05000000,1680.4000
1623553682926000,1,1.00760801,1680.4000
1623553684175000,1,0.28000000,1680.4000
1623553685161000,1,0.05000000,1680.4000
1623553686256000,1,0.11239198,1680.4000
1623553686257000,1,0.00000001,1680.4000
1623554044804000,1,1.26679710,1678.0000
1623554044804000,1,1.34878878,1677.9000
1623554641635000,1,1.03939042,1671.8800
1623554641773000,1,0.05000000,1671.8800
1623554645648000,1,0.11060958,1671.8800
1623554657242000,0,0.05000000,1665.4600
1623554691035000,0,0.23000000,1661.7200
1623554698570000,0,1.20000000,1662.1000
1623554704191000,0,0.05000000,1662.1200
1623554704206000,1,1.49165183,1661.6900
1623554704207000,1,0.10834817,1661.6900
1623554704213000,1,0.05000000,1661.6100
1623554704228000,1,0.05000000,1661.1000
1623554704249000,1,0.12773932,1660.3500
1623554704249000,1,1.36391251,1660.3400
1623554704254000,1,0.23608749,1660.3400
1623554704254000,1,0.31932063,1660.2500
1623554720766000,1,1.19999999,1658.1000
1623554720770000,1,0.00000001,1658.1000
1623554721131000,1,0.05000000,1657.9400
1623554733422000,0,0.05000000,1660.9100
1623554733422000,0,1.44171562,1660.9400
1623554733424000,0,0.15828437,1660.9400
1623554733424000,0,0.00000001,1660.9400
1623554733430000,0,0.05000000,1661.2700
1623555466657000,1,1.49308816,1658.7800
1623555466664000,1,0.10691184,1658.7800
1623555466664000,1,1.28241764,1658.7300
1623555466664000,1,0.10375868,1658.7200
1623555466851000,1,0.28000000,1658.7200
1623555467240000,1,1.21624132,1658.7200
1623555477255000,0,0.51657723,1657.9900
1623555494196000,1,0.05000000,1656.1200
1623555528570000,0,0.28000000,1652.6100
1623555654400000,0,1.45597431,1652.0600
1623555654540000,0,0.14402569,1652.0600
1623555723150000,0,0.95618596,1650.9800
1623555723259000,0,0.24381404,1650.9800
1623555918484000,0,0.95318806,1658.4300
1623555918508000,0,0.05000000,1658.4300
1623555928298000,1,0.05000000,1659.8500
1623555928298000,1,0.05000000,1659.5400
1623555928298000,1,1.28181978,1659.3700
1623555928298000,1,0.05000000,1659.1200
1623555928298000,1,0.16818022,1659.0300
1623555928481000,1,0.05000000,1660.0100
1623555928481000,1,1.11394615,1659.0300
1623555928481000,1,0.43605385,1658.7200
1623556138032000,0,1.60000000,1656.7100
1623556160309000,0,1.20000000,1657.5400
1623556358193000,1,0.28000000,1658.0600
1623556378041000,1,0.05000000,1658.0600
1623556820271000,0,0.04999999,1656.7200
1623556820321000,0,0.00000001,1656.7200
1623559956755000,0,0.05000000,1666.4300
1623559956755000,0,0.05000000,1666.8800
1623559956755000,0,0.10000000,1666.8800
1623560108678000,1,0.19999999,1663.0000
1623560108804000,1,0.00000001,1663.0000
1623560293246000,1,0.14700000,1662.8000
1623560305544000,1,0.00300000,1662.8000
1623560630127000,1,0.10000000,1659.0000
1623560638985000,1,0.10000000,1657.5000
1623560791065000,1,0.06843465,1656.8000
1623560791073000,1,0.03156535,1656.8000
1623561093253000,1,0.05000000,1648.0000
1623561311302000,1,0.05000000,1651.1400
1623561311302000,1,0.59512242,1650.7500
1623561347134000,1,0.05000000,1648.0000
1623561677270000,0,0.04999999,1653.8500
1623561677271000,0,0.00000001,1653.8500
1623561677271000,0,0.04999998,1653.8500
1623561677271000,0,1.50083767,1653.8500
1623561677273000,0,0.04916235,1653.8500
1623562106058000,0,2.09990000,1654.5800
1623562539632000,0,0.28000000,1651.2900
1623562539727000,0,0.22000000,1651.2900
1623562753508000,0,0.49999999,1656.0000
1623562753516000,0,0.00000001,1656.0000
1623563166018000,1,0.10000000,1647.0000
1623563592081000,0,1.50647665,1647.4300
1623563749849000,1,0.18000000,1645.4000
1623564290530000,0,1.29440000,1646.1400
1623564576726000,0,0.00005966,1646.1400
1623565872926000,0,0.30000000,1653.4200
1623565880085000,1,0.07467131,1653.0000
1623565880138000,1,0.05365277,1653.0000
1623565880169000,1,0.07167592,1653.0000
1623565999845000,0,0.28000000,1654.0800
1623566171574000,1,21.47783273,1653.0000
1623566171658000,1,0.28000000,1653.0000
1623566172083000,1,21.48114675,1653.0000
1623566383060000,0,0.28000000,1652.3100
1623566495711000,0,1.47700961,1653.3000
1623566831030000,1,0.04175650,1655.0000
1623566831081000,1,0.05824350,1655.0000
1623567002703000,0,0.15000000,1658.6900
1623567192984000,1,0.28000000,1655.0000
1623567193421000,1,17.88000000,1655.0000
1623567310871000,1,0.82037507,1657.6200
1623567432639000,0,0.28000000,1659.9800
1623567514956000,0,0.05000000,1664.2700
1623567527090000,0,0.10000000,1665.1500
1623567564431000,0,0.72819000,1664.2300
1623567564728000,0,1.01090000,1664.8900
1623567637363000,0,0.81337596,1663.8800
1623567984776000,1,0.28000000,1658.0800
1623568048286000,1,0.05000000,1657.0700
1623568048286000,1,1.42700961,1656.9900
1623568301208000,0,0.28000000,1657.5500
1623568302347000,0,1.82000000,1657.5500
1623568414613000,1,0.10000000,1656.5000
1623569233356000,1,1.28570000,1656.0300
1623569384711000,0,0.10000000,1657.5200
1623569385203000,0,1.30000000,1657.5200
1623569608825000,0,0.14993038,1659.1700
1623570291398000,0,1.60000000,1655.9700
1623570291398000,0,1.04283566,1656.0500
1623570567014000,1,1.28873887,1651.7000
1623570567014000,1,1.28898680,1651.5300
1623570567014000,1,1.60000000,1651.5200
1623570567014000,1,0.05000000,1651.4600
1623570567014000,1,0.77227433,1651.2200
1623570824996000,1,0.30000000,1654.2400
1623570824996000,1,0.33717905,1654.2400
1623571218440000,1,0.04857226,1649.5000
1623571218540000,1,0.05142774,1649.5000
1623572041050000,1,0.01883196,1653.2100
1623573169666000,0,1.13836431,1666.5000
1623573207021000,0,0.08030295,1666.6700
1623573207047000,0,0.02212544,1666.6700
1623573207073000,0,0.03168161,1666.6700
1623573210340000,0,0.04999999,1670.7700
1623573210343000,0,0.00000001,1670.7700
1623573210705000,0,0.05000000,1672.2800
1623573468524000,1,0.10000000,1677.0000
1623573836496000,1,0.09999999,1673.0100
1623573836506000,1,0.09999999,1673.0100
1623573943104000,1,0.09999999,1673.0000
1623573943112000,1,0.00000001,1673.0000
1623578276355000,0,0.04999999,1675.8100
1623578276355000,0,0.00000001,1675.8100
1623578429412000,0,0.05000000,1683.7600
1623579469487000,1,0.08200000,1675.9000
1623580125982000,1,0.19800000,1683.9400
1623580163168000,0,0.07499022,1688.4100
1623580163283000,0,0.31090625,1688.4100
1623580163307000,0,0.04410353,1688.4100
1623581340966000,0,0.05000000,1686.7800
1623581658830000,1,0.04400000,1684.0600
1623581949212000,0,0.04200000,1683.9500
1623582134233000,1,0.01243500,1681.2300
1623582315949000,0,0.01297952,1681.8800
1623583828946000,1,1.26578810,1679.3500
1623583831845000,0,0.28000000,1679.7200
1623583831945000,0,0.83766727,1679.7200
1623583831967000,0,0.42521540,1679.7200
1623583831972000,0,0.05711733,1679.7200
1623583841188000,1,0.05000000,1677.4300
1623583841188000,1,1.20360671,1677.1900
1623583841189000,1,0.39639329,1677.1900
1623583841189000,1,1.11766845,1677.0900
1623583954113000,1,1.73900000,1674.2800
1623584697274000,1,0.09999999,1672.0000
1623584697275000,1,0.00000001,1672.0000
1623585782441000,1,0.28000000,1689.7200
1623586035892000,0,0.04999999,1686.8300
1623586035893000,0,0.00000001,1686.8300
1623587771252000,1,0.01999999,1681.7000
1623587771266000,1,0.00000001,1681.7000
1623588435872000,1,0.04414030,1678.3400
1623589289248000,1,0.04437430,1667.2400
1623589289252000,1,1.06270271,1667.2400
1623589289264000,1,0.19726632,1667.2400
1623589289849000,1,0.18682017,1665.8800
1623589289849000,1,0.18659634,1665.8800
1623589289849000,1,0.22647579,1665.8300
1623590192361000,0,0.19999999,1674.9100
1623590192477000,0,0.00000001,1674.9100
1623590235190000,1,1.58420000,1674.0400
1623592405058000,0,0.05000000,1678.0800
1623592405090000,0,0.31342605,1678.0800
1623592405129000,0,0.46574647,1678.0800
1623594157888000,1,0.05000000,1655.5900
1623594157888000,1,0.05000000,1655.1900
1623594157888000,1,1.31537227,1654.8600
1623594157902000,1,0.28462773,1654.8600
1623594157902000,1,0.05000000,1654.7800
1623594157902000,1,1.19543064,1654.7300
1623594157908000,1,0.08989877,1654.7300
1623594157908000,1,1.28571908,1654.5500
1623594299815000,1,1.28520000,1656.0200
1623594300684000,1,0.00006192,1656.0200
1623594390147000,0,0.39999999,1657.0000
1623594390147000,0,0.00000001,1657.0000
1623594669275000,0,0.05000000,1662.8300
1623594669275000,0,0.05000000,1663.1400
1623595002018000,1,0.05000000,1663.0000
1623595002133000,1,0.10000000,1663.0000
1623595145645000,1,0.05000000,1661.0000
1623595177248000,1,0.05000000,1660.3400
1623595177450000,1,3.55000000,1660.3400
1623596098948000,1,0.20000000,1659.0400
1623596204044000,0,0.05000000,1661.0000
1623596204053000,0,0.05000000,1661.0000
1623596396863000,0,0.19999999,1657.0000
1623596405258000,0,0.00000001,1657.0000
1623596929812000,0,0.15000000,1665.5500
1623596955556000,0,0.05000000,1664.7200
1623597184724000,0,0.10000000,1668.0600
1623597734213000,0,0.20000000,1660.0800
1623598546493000,0,0.15000000,1664.1300
1623598625545000,0,0.05000000,1664.7500
1623599104594000,1,0.10000000,1662.2000
1623599513402000,0,1.27268821,1669.4600
1623599513403000,0,0.00457643,1669.4600
1623599587803000,1,1.60000000,1669.7600
1623599587803000,1,1.27523650,1669.7500
1623599587803000,1,1.60000000,1669.6600
1623599587803000,1,0.05000000,1669.5800
1623599587803000,1,1.27530714,1669.5700
1623599587803000,1,0.46411802,1669.2700
1623599822295000,0,0.02832263,1668.6300
1623600213301000,0,1.53414897,1666.5600
1623600213303000,0,0.06585103,1666.5600
1623600213303000,0,1.27858578,1666.6400
1623600213303000,0,0.18971216,1666.8700
1623600213305000,0,1.08876091,1666.8700
1623600213305000,0,0.44538806,1667.0100
1623600213503000,0,0.13000000,1667.0100
1623600803712000,0,0.44999999,1672.7200
1623600803724000,0,0.00000001,1672.7200
1623600825283000,0,0.41825537,1677.5800
1623600827728000,0,0.05000000,1679.9100
1623600827758000,0,0.40000000,1679.9100
1623601252831000,1,0.14000000,1691.5200
1623601276461000,1,0.13600000,1691.0500
1623601491937000,0,0.04900000,1693.7100
1623601492353000,0,0.01174902,1695.4600
1623601598762000,1,0.09999999,1699.0000
1623601598820000,1,0.00000001,1699.0000
1623601684572000,1,0.58975569,1704.1000
1623601684613000,1,0.06366845,1704.1000
1623601684614000,1,0.94657586,1704.1000
1623602294172000,1,0.04999999,1703.2600
1623602294190000,1,0.00000001,1703.2600
1623602549996000,1,1.25140000,1700.3400
1623602550030000,1,0.00005063,1700.3400
1623602550030000,1,1.18784937,1700.1900
1623602817551000,1,0.09809954,1703.0100
1623602817554000,1,1.18544535,1703.0100
1623602817556000,1,0.05954964,1703.0100
1623602817559000,1,0.25690547,1703.0100
1623604460887000,0,1.60000000,1698.5800
1623604460887000,0,1.19657225,1698.6600
1623605031420000,0,1.60000000,1703.2100
1623605031420000,0,0.60000000,1703.4700
1623605031420000,0,0.05000000,1703.6600
1623605031420000,0,0.43319149,1703.8400
1623605162229000,0,1.24930000,1705.1900
1623605204446000,0,0.05000000,1709.1700
1623605207974000,1,0.69656847,1708.6400
1623605527220000,1,1.15588694,1711.1800
1623606703252000,1,0.29858000,1709.3800
1623606796700000,0,7.85482601,1712.0000
1623606798425000,0,7.00227051,1712.0000
1623606800945000,0,0.14004541,1712.0000
1623606817444000,1,0.05000000,1711.4800
1623606817444000,1,1.24357522,1711.1600
1623606817444000,1,1.60000000,1711.1600
1623606817444000,1,0.05000000,1711.1000
1623606817526000,0,7.05642478,1711.0000
1623606843746000,0,0.00285807,1712.0000
1623606861530000,0,0.49827753,1723.6000
1623607091227000,0,0.05000000,1716.8700
1623607091227000,0,0.04131685,1716.8900
1623607236337000,0,0.27600000,1721.0000
1623607236517000,0,1.74644413,1721.0000
1623607237720000,0,7.40893429,1721.0000
1623607244372000,0,0.55724915,1721.0000
1623607260634000,0,0.01137243,1721.0000
1623607362438000,1,0.28000000,1719.8200
1623607967711000,0,0.49687280,1728.1200
1623607967711000,0,0.91368896,1728.1200
1623608205789000,1,0.04999999,1731.8100
1623608205833000,1,0.00000001,1731.8100
1623608768859000,1,2.24420000,1732.0100
1623608769106000,1,0.05000000,1732.0100
1623608786481000,1,0.05000000,1732.0100
1623608786545000,1,6.25580000,1732.0100
1623609067990000,1,0.05000000,1728.9200
1623609069011000,1,0.05000000,1728.9200
1623609069048000,1,1.40000000,1728.9200
1623610441471000,1,0.25971955,1726.1400
1623611959301000,1,0.09048920,1718.4800
1623611959310000,1,0.60186550,1718.4800
1623613000452000,1,1.15721391,1724.3000
1623613000454000,1,0.07636739,1724.3000
1623614415062000,0,0.99999999,1729.0000
1623614415063000,0,0.00000001,1729.0000
1623614434812000,0,0.45000000,1730.9100
1623614671323000,0,0.05000000,1729.2500
1623614672069000,0,0.05000000,1730.1100
1623614672069000,0,0.11741340,1730.4100
1623614672095000,0,0.53245385,1730.4100
1623614672099000,0,1.55327056,1730.4100
1623614672949000,0,0.29686219,1730.4100
1623614683984000,1,0.05000000,1735.3300
1623614703779000,1,0.05000000,1736.2000
1623614703779000,1,1.44012181,1735.8900
1623614704347000,1,0.15987819,1735.8900
1623614708983000,1,1.55377887,1734.1900
1623614708984000,1,0.04622113,1734.1900
1623614708984000,1,0.11931117,1734.1100
1623614708984000,1,0.19062518,1734.1100
1623614709080000,1,0.10765274,1734.1100
1623614709080000,1,0.01438946,1734.1100
1623614763037000,0,0.45000000,1740.2400
1623614765615000,1,0.04999999,1740.3000
1623614765663000,1,0.00000001,1740.3000
1623614780643000,0,0.04500000,1740.6300
1623614792497000,1,5.09530972,1736.8800
1623614812743000,0,0.02999999,1745.0000
1623614812744000,0,0.00000001,1745.0000
1623614827697000,1,0.04900000,1743.4000
1623614877498000,0,0.12681691,1744.6200
1623614894895000,0,0.05000000,1751.1500
1623614895455000,0,0.69036000,1751.1500
1623614895576000,0,0.15725282,1751.1500
1623614895677000,0,0.01108272,1751.1500
1623614898671000,0,0.42729521,1754.0000
1623614898675000,0,0.57270479,1754.0000
1623614908094000,1,0.05000000,1753.0300
1623615155730000,0,0.10000000,1761.0700
1623615194016000,0,0.22168388,1760.5700
1623615218001000,1,0.05000000,1759.1200
1623615228168000,1,1.21040000,1758.5600
1623615245532000,1,1.21000000,1758.7800
1623615407213000,1,0.00008217,1758.7800
1623616672221000,0,0.04232522,1767.7400
1623616756337000,0,0.05000000,1769.8400
1623616838199000,0,0.05000000,1779.0000
1623616838373000,0,0.17218801,1779.0000
1623616950609000,0,0.18410445,1779.0000
1623616950696000,0,0.59370754,1779.0000
1623618239174000,0,0.12474016,1800.0000
1623618239174000,0,0.31761999,1800.0000
1623618239182000,0,0.00000001,1800.0000
1623618239183000,0,0.05000000,1801.3100
1623618239189000,0,0.05000000,1801.7700
1623618386313000,1,0.32628713,1793.1200
1623618386313000,1,0.05000000,1793.1100
1623618386313000,1,0.62959825,1792.7000
1623618426346000,1,0.67652000,1788.1400
1623618426346000,1,0.05000000,1788.1200
1623618874789000,1,0.01174902,1791.7200
1623618974347000,1,0.05000000,1793.4900
1623619053193000,1,0.40041457,1796.9700
1623619053340000,1,1.16613794,1796.9700
1623619053369000,1,0.50902471,1796.9700
1623619861679000,1,0.05000000,1802.9100
1623619861679000,1,1.17943124,1802.6700
1623619861679000,1,0.05000000,1802.6000
1623619861679000,1,0.13113052,1802.3400
1623619977744000,0,1.00000000,1804.0000
1623621130610000,1,0.12009419,1788.0000
1623621130614000,1,0.00000001,1788.0000
1623621369895000,0,0.80000000,1787.6500
1623621931385000,1,1.18422007,1794.5000
1623621931385000,1,0.35594331,1794.0100
1623621931386000,1,0.31835669,1794.0100
1623621931386000,1,1.18516578,1793.9000
1623621931386000,1,0.03664091,1793.7200
1623621931389000,1,1.14794582,1793.7200
1623621961531000,1,0.04555800,1792.5200
1623622449140000,0,0.05000000,1784.4000
1623622449239000,1,1.50000000,1782.0300
1623622513749000,0,0.05000000,1785.6200
1623622513749000,0,0.08232399,1785.9800
1623622553908000,1,0.05000000,1786.2900
1623622553908000,1,0.05000000,1785.8600
1623622553908000,1,1.60000000,1785.8600
1623622553987000,0,0.23000000,1785.8600
1623622554027000,0,0.05000000,1785.8600
1623622555240000,0,0.57904124,1785.8600
1623622555240000,0,1.54017282,1785.8600
1623622555241000,0,1.54017281,1785.8600
1623622555343000,0,0.33487964,1785.8600
1623622555366000,0,0.61956471,1785.8600
1623622555407000,0,0.57819386,1785.8600
1623622555410000,0,3.21138306,1785.8600
1623622762547000,1,1.18989637,1786.1100
1623622762547000,1,1.18910363,1785.9700
1623622763097000,1,1.24182226,1785.9900
1623622763127000,1,0.35817774,1785.9900
1623622764032000,1,0.00018896,1785.9700
1623622820064000,1,1.19060000,1784.7000
1623622838017000,1,0.00004308,1784.7000
1623623078390000,1,1.19154650,1783.7300
1623623078390000,1,1.49164499,1783.4000
1623623294685000,1,2.19880000,1782.9500
1623623294839000,1,0.05000000,1782.9500
1623623333720000,1,1.19150000,1777.9300
1623623350435000,1,1.19585837,1774.5000
1623623350435000,1,0.34919993,1774.3000
1623623373161000,1,1.60000000,1773.4100
1623623373161000,1,0.05000000,1773.3600
1623623373161000,1,1.19754595,1773.3300
1623623373161000,1,1.60000000,1773.0600
1623623373161000,1,0.05000000,1772.9800
1623623373161000,1,1.19789005,1772.8100
1623623373236000,0,0.05000000,1772.6800
1623623373304000,0,1.13706110,1772.6800
1623623373348000,0,8.69261512,1772.6800
1623623375965000,0,2.00000000,1775.4800
1623623560561000,1,1.19410000,1779.6400
1623623563111000,1,0.00005023,1779.6400
1623623563111000,1,1.19414977,1779.6400
1623623643942000,1,0.05000000,1778.3100
1623623644013000,1,0.32044082,1778.3100
1623623644016000,1,1.28677753,1778.3100
1623624016322000,0,0.05000000,1785.9800
1623624016322000,0,0.04999999,1786.0400
1623624016378000,0,0.00000001,1786.0400
1623625345400000,1,0.05000000,1775.5500
1623625350440000,1,0.05000000,1775.5500
1623625350554000,1,0.28000000,1775.5500
1623625352469000,1,0.05000000,1775.5500
1623625353394000,1,0.16584109,1775.5500
1623625353482000,1,0.29177096,1775.5500
1623625353486000,1,0.05000000,1775.5500
1623625353546000,1,0.36238795,1775.5500
1623625364193000,0,0.02800000,1775.2800
1623625365715000,0,0.02200000,1775.4300
1623626125511000,0,0.20000000,1772.9800
1623627874354000,0,0.01843550,1769.5500
1623628465900000,0,1.19722421,1777.6000
1623628561437000,0,0.05000000,1780.7900
1623628932435000,1,0.20000000,1786.0700
1623629190538000,0,0.14974558,1775.2200
1623629190593000,0,0.45025442,1775.2200
1623630196249000,1,0.05000000,1771.9700
1623630196249000,1,5.28123495,1771.0900
1623630196249000,1,1.19883976,1771.0700
1623630196249000,1,0.05000000,1770.9800
1623630196249000,1,1.19936448,1770.7500
1623630196249000,1,0.11764718,1770.2300
1623630196249000,1,0.18559081,1770.2200
1623630410487000,1,0.82201220,1774.3200
1623630410488000,1,0.37504829,1774.3200
1623630410488000,1,1.18218164,1774.2100
1623630410490000,1,0.01496787,1774.2100
1623630410490000,1,0.05000000,1773.9400
1623630410493000,1,1.19729190,1774.6100
1623631654616000,0,1.19998305,1771.7300
1623631667884000,0,1.20002809,1771.7300
1623631669879000,0,1.20002882,1771.7300
1623631672016000,0,1.20002958,1771.7300
1623631673564000,0,1.20001105,1771.7300
1623631673670000,0,0.28000000,1771.7300
1623631679021000,0,1.19996880,1771.7300
1623631680863000,0,8.09506283,1771.7300
1623634132621000,1,0.04999999,1771.9600
1623634132752000,1,0.00000001,1771.9600
1623634313842000,0,0.44999999,1778.1900
1623634313893000,0,0.00000001,1778.1900
1623634332146000,1,0.28000000,1781.5100
1623634577217000,0,0.05000000,1789.3300
1623634577217000,0,0.05000000,1789.6600
1623634577217000,0,0.05000000,1790.1100
1623634577217000,0,1.42578343,1790.2200
1623634577219000,0,0.17421657,1790.2200
1623634577219000,0,1.19023726,1790.4500
1623634577234000,0,0.45000000,1790.5500
1623634577234000,0,1.12578342,1791.1900
1623634577234000,0,0.06428967,1791.1900
1623634577234000,0,1.18962539,1791.3300
1623634577234000,0,0.32186836,1791.9300
1623634577235000,0,0.35703164,1791.9300
1623634577235000,0,1.18999502,1792.1100
1623634577235000,0,0.17000498,1792.1100
1623634577235000,0,1.19081932,1792.1200
1623634577235000,0,0.21495912,1795.3200
1623634578536000,1,0.04999999,1786.5700
1623634578549000,1,0.00000001,1786.5700
1623634581320000,0,0.05000000,1790.5400
1623634582256000,0,0.05000000,1790.5400
1623634586476000,1,1.28500351,1788.5300
1623634785373000,1,1.00013121,1784.9400
1623634789205000,1,0.03641171,1784.9400
1623634789209000,1,0.15431811,1784.9400
1623635012968000,1,0.67988000,1779.0400
1623635012968000,1,0.11589602,1778.7100
1623635012968000,1,0.28974006,1778.7100
1623635013036000,1,0.75334735,1778.2800
1623635013038000,1,0.05000000,1778.2700
1623635053940000,1,1.51932067,1773.3900
1623635053940000,1,0.07772058,1773.3900
1623635053941000,1,0.00295875,1773.3900
1623635073830000,1,0.08404452,1770.4700
1623635073830000,1,0.20990146,1770.4700
1623635073830000,1,0.90435402,1770.4600
1623635114182000,1,0.09826292,1771.8300
1623635132059000,1,0.10279462,1768.3000
1623635132059000,1,0.10275745,1768.3000
1623635132059000,1,0.66815419,1768.3000
1623635590680000,0,0.28000000,1770.4400
1623635727236000,0,1.56920284,1772.0000
1623635727243000,0,0.03079716,1772.0000
1623635727243000,0,0.30422414,1772.3400
1623635727244000,0,0.23355499,1772.3400
1623635928867000,0,1.23340000,1772.0400
1623639536761000,1,0.31572552,1769.6000
1623639559347000,0,0.31373522,1771.9400
1623639827089000,0,2.01324467,1768.1800
1623640265244000,1,1.30462575,1768.9600
1623640266494000,1,1.30660000,1767.9700
1623641224548000,1,0.05000000,1763.1700
1623641224626000,1,0.28000000,1763.1700
1623641225542000,1,0.77000000,1763.1700
1623641932077000,1,0.47925057,1754.2800
1623641932079000,1,1.12074943,1754.2800
1623641932239000,1,0.58956847,1754.1700
1623641932243000,1,0.27611105,1754.1700
1623641937644000,0,0.28000000,1755.5000
1623641953195000,1,1.20000000,1754.2900
1623641975787000,1,0.05000000,1751.1600
1623641975820000,1,0.06638046,1751.1600
1623641975820000,1,0.29095116,1751.1200
1623642105555000,0,0.04900000,1755.5000
1623642120801000,1,1.21150000,1754.7200
1623642253253000,1,0.05000000,1752.0000
1623642253255000,1,0.15172300,1752.0000
1623642632572000,0,0.00100000,1755.5000
1623644014949000,1,0.28000000,1752.9000
1623644017172000,1,20.23226702,1752.9000
1623644017729000,1,0.48394280,1752.9000
1623644339396000,0,0.05000000,1760.3900
1623644500449000,1,2.10000000,1763.7600
1623644588368000,1,1.02444413,1763.7000
1623644588381000,1,0.60674370,1763.7000
1623644588411000,1,0.05000000,1763.7000
1623644588445000,1,19.16264048,1763.7000
1623646692096000,0,0.05000000,1763.8700
1623646707888000,0,0.28000000,1763.8700
1623646708025000,0,0.05000000,1763.8700
1623646708483000,0,1.01523207,1763.8700
1623646708644000,0,4.60476793,1763.8700
1623650425366000,0,1.56800000,1770.2900
1623650425377000,0,0.03200000,1770.2900
1623651215374000,1,0.19400000,1771.7700
1623651231143000,1,0.05000000,1769.6900
1623651332018000,0,1.54600000,1766.3500
1623651418914000,0,0.24400000,1766.3500
1623651419485000,0,0.33557721,1766.3500
1623651419490000,0,0.00000001,1766.3500
1623651683911000,0,0.01200000,1774.1300
1623652080207000,1,1.40000000,1768.5300
1623652276226000,1,0.16300000,1767.2700
1623652581325000,0,0.03292129,1768.4600
1623653085161000,0,0.10867516,1768.3700
1623653243661000,1,0.10071389,1765.8600
1623653267950000,1,0.99928611,1765.8600
1623654912789000,1,0.05000000,1774.0900
1623654912789000,1,1.60000000,1774.0900
1623654912789000,1,1.19973616,1773.7800
1623654912789000,1,0.05000000,1773.7000
1623654912789000,1,1.19990478,1773.5700
1623654912789000,1,1.60000000,1773.4100
1623654912789000,1,0.05000000,1773.3300
1623654912789000,1,1.19969705,1773.1800
1623654912789000,1,1.20000000,1773.0900
1623654912789000,1,5.47492041,1773.0800
1623654912789000,1,0.05219614,1772.5400
1623654912789000,1,1.19954128,1772.5300
1623654912789000,1,0.17860880,1771.9400
1623654912789000,1,0.44651466,1771.9400
1623654912789000,1,1.16110123,1771.9400
1623654912789000,1,1.19972190,1771.9300
1623654912789000,1,1.19969705,1771.6800
1623654912789000,1,0.45000000,1770.7400
1623654912789000,1,6.00000000,1770.6200
1623654912789000,1,1.36000000,1770.2800
1623654912789000,1,1.19972190,1770.0700
1623654912789000,1,0.24000000,1768.5200
1623654912789000,1,1.68863864,1768.5100
1623655323712000,1,0.04325380,1769.4900
1623655433019000,1,1.20160000,1770.2200
1623655841478000,1,0.01536820,1775.3500
1623655887500000,1,0.02800000,1774.9900
1623655887615000,1,0.00073444,1774.9900
1623656109160000,1,1.81630000,1774.6300
1623656152778000,0,1.32022437,1774.4600
1623656165797000,0,1.60000000,1774.8000
1623656165797000,0,5.31760973,1774.8500
1623656165797000,0,1.60000000,1774.8800
1623656165797000,0,1.19996403,1774.8900
1623656165797000,0,0.05000000,1774.9100
1623656165797000,0,1.19985166,1775.0900
1623656165797000,0,0.05000000,1775.2900
1623656165797000,0,1.19971874,1775.3100
1623656165797000,0,1.19963926,1775.5300
1623656165797000,0,0.45000000,1775.7000
1623656165797000,0,0.05000000,1775.7100
1623656165797000,0,1.19970044,1775.8800
1623656165797000,0,1.19957910,1776.4900
1623656165797000,0,1.80000000,1776.6000
1623656165797000,0,1.36000000,1777.2400
1623656165797000,0,1.20012174,1778.6100
1623656165797000,0,1.23298565,1779.4000
1623656165797000,0,4.56000000,1779.5100
1623656165797000,0,0.24000000,1786.6800
1623656165797000,0,3.29082965,1786.6900
1623656472185000,1,0.08900000,1772.6800
1623656487281000,0,0.05000000,1773.3200
1623656487281000,0,1.60000000,1773.7200
1623656487281000,0,1.20141501,1773.7700
1623656487281000,0,0.05000000,1773.8000
1623656487281000,0,0.33116208,1774.0500
1623656806552000,1,0.08566525,1772.8900
1623656806594000,1,0.00000001,1772.8900
1623657104946000,0,1.20180000,1772.4000
1623657419193000,0,0.00008670,1772.4000
1623657564417000,0,1.20020000,1775.2400
1623657730942000,1,0.45000000,1770.1000
1623657826383000,1,0.02830471,1765.9100
1623657826428000,1,0.71138697,1765.9100
1623657827110000,0,0.20409500,1766.5600
1623657835121000,0,0.17750200,1767.4500
1623658392165000,0,1.01275000,1764.2800
1623658403553000,0,0.17767500,1764.4600
1623658420492000,0,0.17769300,1763.9300
1623658430505000,0,0.98391700,1763.4000
1623658452303000,1,0.05000000,1761.7000
1623658452303000,1,0.05000000,1761.3300
1623658452303000,1,1.10000000,1761.2300
1623658452303000,1,1.05000000,1761.1400
1623658509010000,0,0.05000000,1761.5100
1623658509010000,0,0.05000000,1761.6500
1623658509010000,0,0.05000000,1762.1300
1623658509010000,0,0.02781200,1762.3900
1623658518144000,0,0.17783000,1761.2900
1623658525924000,0,0.17784800,1759.8000
1623658565860000,0,0.17786500,1760.7100
1623658616079000,0,1.21092150,1764.2800
1623658763984000,0,0.28000000,1765.0300
1623659816017000,0,0.39391574,1768.1700
1623659912248000,0,0.56304251,1767.2200
1623660326444000,0,1.21100000,1761.7500
1623660367263000,0,1.20950000,1763.9100
1623660367264000,0,0.00027505,1763.9100
1623660369072000,0,1.20970000,1763.9100
1623660384743000,0,0.00007505,1763.9100
1623660426536000,0,1.02300000,1763.3600
1623660472394000,0,0.17790100,1760.0900
1623660497138000,0,0.17791900,1758.5000
1623660502611000,0,0.17793600,1758.8100
1623660557923000,1,0.05000000,1758.2700
1623660557923000,1,1.60000000,1758.2000
1623660557923000,1,0.05000000,1758.1300
1623660557923000,1,0.05000000,1757.7100
1623660557923000,1,0.40167146,1757.2600
1623661799253000,1,0.27713275,1761.6300
1623661799254000,1,0.93245123,1761.6300
1623662225954000,0,0.05000000,1762.6900
1623662225954000,0,0.63555000,1766.0300
1623662233162000,1,0.04999999,1765.5700
1623662233179000,1,0.00000001,1765.5700
1623662752315000,1,1.20889934,1761.6400
1623662752315000,1,0.05000000,1761.4800
1623662752315000,1,0.22651863,1761.4700
1623663170888000,1,0.02500000,1760.9800
1623663393014000,0,0.05000000,1758.2300
1623663393014000,0,0.05000000,1758.5500
1623663393014000,0,0.07798400,1758.9300
1623663431545000,0,0.17800200,1758.0000
1623663441733000,0,0.17802000,1757.5500
1623663453372000,0,0.17803700,1757.3200
1623663466742000,1,0.17800000,1757.6400
1623663545594000,1,0.00005500,1757.6400
1623664153914000,0,0.05000000,1756.5200
1623664153914000,0,0.15266200,1757.0900
1623664192046000,0,0.17810900,1756.7100
1623664582799000,0,0.17814400,1755.4800
1623664600669000,1,0.21352209,1754.6800
1623664803690000,1,0.01900000,1754.3100
1623664816791000,1,20.30637160,1750.0000
1623664816994000,1,1.39303876,1750.0000
1623664817242000,1,1.58203051,1750.0000
1623664817243000,1,0.44501966,1750.0000
1623664817280000,1,0.05800000,1750.0000
1623664817294000,1,10.21553947,1750.0000
1623664819354000,0,0.04999999,1749.9900
1623664819406000,0,0.00000001,1749.9900
1623664867984000,0,0.99056265,1753.8400
1623664868057000,0,0.05000000,1753.8400
1623664868096000,0,0.55596949,1753.8400
1623664868234000,0,0.28000000,1753.8400
1623664868708000,0,0.60626172,1753.8400
1623664868709000,0,0.00000001,1753.8400
1623665267118000,1,0.05000000,1759.9100
1623665267118000,1,1.21027696,1759.5600
1623665267118000,1,1.60000000,1759.4400
1623665267118000,1,0.05000000,1759.3600
1623665267118000,1,1.21035597,1759.3600
1623665267118000,1,3.87936707,1759.0600
1623667553017000,0,1.42946644,1771.7100
1623669604945000,0,0.04010000,1764.1100
1623669784713000,0,0.17784300,1761.2000
1623670859433000,1,0.31373522,1761.1300
1623672990530000,0,0.17816300,1754.8500
1623674999729000,1,1.00480000,1765.3600
1623675067505000,1,1.20522422,1764.6700
1623675067741000,0,9.25478531,1764.4500
1623675188504000,1,1.12428478,1763.7300
1623675851201000,0,0.05000000,1780.7500
1623675851775000,0,0.63490999,1780.7500
1623675851849000,0,0.00000001,1780.7500
1623675852555000,0,0.05000000,1782.4100
1623675872882000,1,0.28000000,1781.1700
1623675874857000,1,0.84885583,1780.2800
1623675895943000,0,0.04999999,1786.2000
1623675895944000,0,0.00000001,1786.2000
1623675907488000,0,0.04999999,1788.1700
1623675907500000,0,0.00000001,1788.1700
1623675907896000,1,0.04999999,1788.6600
1623675968472000,1,0.00000001,1788.6600
1623676014493000,0,0.03115400,1789.8300
1623676165061000,0,0.05000000,1786.5300
1623676204788000,1,0.89353729,1790.6800
1623676284101000,0,0.05000000,1789.8600
1623676284101000,0,1.18913076,1790.2100
1623676284101000,0,0.05000000,1790.2700
1623676284101000,0,0.10524977,1790.5000
1623676450389000,0,0.05000000,1793.1600
1623676501369000,0,0.93740451,1798.2900
1623676598315000,0,0.01500000,1793.4500
1623677020570000,0,0.87102101,1800.0000
1623677021611000,0,0.00000001,1800.0000
1623677124712000,1,2.02230000,1799.8800
1623677146438000,1,0.78119983,1799.8800
1623677146443000,1,0.79650017,1799.8800
1623677475405000,1,0.71669104,1793.2000
1623677495508000,0,0.27683986,1797.1400
1623677708693000,1,1.56800000,1805.9200
1623677708963000,1,0.03200000,1805.9200
1623677860352000,0,0.01790543,1811.1100
1623677860360000,0,1.23254247,1811.1100
1623677860368000,0,0.49657997,1811.1100
1623677860378000,0,1.05735819,1811.1100
1623677860533000,0,0.28000000,1811.1100
1623677861344000,0,0.05000000,1811.1100
1623677861544000,0,0.34894003,1811.1100
1623677861675000,0,0.69118711,1811.1100
1623677861734000,0,0.06097673,1811.1100
1623677861739000,0,0.50816726,1811.1100
1623677861754000,0,1.03649521,1811.1100
1623677861755000,0,0.25414747,1811.1100
1623677861804000,0,0.16570013,1811.1100
1623677862790000,0,0.05000000,1812.4700
1623677867591000,1,0.28000000,1811.8000
1623677917498000,1,0.05000000,1815.1100
1623677917498000,1,0.71582592,1815.1100
1623677966050000,0,0.05000000,1814.9900
1623677966050000,0,0.05000000,1815.3700
1623677966050000,0,0.05000000,1815.4700
1623677966050000,0,1.17242317,1815.8400
1623677966050000,0,1.08878944,1816.2700
1623678216470000,0,0.28000000,1818.0600
1623678233888000,1,0.04999999,1819.0100
1623678233901000,1,0.00000001,1819.0100
1623678745670000,1,0.28000000,1816.9800
1623678784231000,1,0.07000000,1815.7000
1623679246679000,1,1.17280000,1810.8000
1623679246732000,1,0.00124007,1810.8000
1623679247099000,1,1.17286741,1810.5000
1623679247099000,1,0.05000000,1810.4400
1623679247099000,1,0.20659903,1810.1800
1623679254951000,1,0.05555100,1809.8600
1623679260254000,1,1.27399990,1809.3700
1623679260261000,1,0.17569175,1809.3700
1623679260262000,1,0.15030835,1809.3700
1623679340328000,1,1.17660000,1807.4400
1623680376282000,0,0.03283279,1824.7000
1623680457819000,1,0.02258150,1826.1900
1623680483808000,0,1.16445988,1828.8200
1623680483808000,0,1.16573694,1828.9500
1623680483808000,0,0.05000000,1829.0600
1623680483808000,0,0.22491727,1829.4500
1623680486986000,0,0.53546622,1828.5000
1623680834653000,1,1.32060362,1823.2600
1623681058215000,1,3.18330000,1825.7000
1623681116646000,1,2.26679585,1825.7000
1623681116646000,1,1.60000000,1825.7000
1623681116646000,1,0.05000000,1825.2600
1623681116646000,1,0.05000000,1824.7800
1623681116646000,1,1.03320415,1824.7500
1623681181709000,0,0.27239925,1825.9100
1623681242203000,0,1.18033944,1823.8100
1623681242204000,0,0.41966056,1823.8100
1623681242204000,0,1.16664813,1824.0400
1623681270298000,0,1.16650000,1825.1500
1623681433110000,1,0.20939907,1820.8100
1623681961228000,1,0.04304099,1818.7200
1623681961229000,1,0.00000001,1818.7200
1623682218329000,0,0.05000000,1820.4400
1623682218329000,0,1.14291150,1820.4400
1623682477226000,0,0.28000000,1822.1400
1623683757480000,1,0.71669104,1810.6100
1623684079507000,0,0.02609000,1813.0200
1623684950677000,1,0.04663000,1810.2700
1623684950677000,1,1.54388526,1810.2600
1623684950679000,1,0.05611474,1810.2600
1623684950679000,1,0.86203890,1810.1700
1623684950682000,1,0.31123622,1810.1700
1623684950684000,1,1.17343635,1809.8800
1623685207950000,1,0.28000000,1808.5700
1623685661716000,1,0.11407564,1813.9100
1623685693060000,0,0.28000000,1815.0000
1623685744292000,0,0.05000000,1815.0000
1623685744608000,0,9.67000000,1815.0000
1623686103131000,0,0.05000000,1818.0000
1623686103228000,0,0.27438523,1818.0000
1623686103253000,0,0.68384039,1818.0000
1623686103316000,0,0.63426980,1818.0000
1623686103343000,0,0.07905529,1818.0000
1623686103546000,0,3.27844929,1818.0000
1623686155583000,1,0.19000000,1819.4500
1623686398151000,0,0.05000000,1827.0000
1623686398212000,0,0.62321119,1827.0000
1623686398245000,0,0.02016912,1827.0000
1623686405141000,0,0.05000000,1827.0000
1623686405640000,0,4.25661969,1827.0000
1623686414228000,0,0.14423640,1830.0000
1623686414238000,0,0.56376227,1830.0000
1623686414245000,0,0.29200133,1830.0000
1623686472344000,1,0.28086493,1827.6600
1623686472344000,1,0.11235826,1827.6600
1623686519565000,1,1.16570000,1822.0000
1623686540277000,1,0.02417399,1817.0000
1623686540291000,1,0.00000001,1817.0000
1623686571846000,1,0.04442600,1816.8200
1623686674819000,0,0.05000000,1822.5800
1623686675372000,0,0.05000000,1823.4000
1623686766711000,0,1.16348535,1829.3500
1623686766711000,0,0.40994128,1829.9800
1623686781017000,0,0.05000000,1833.0000
1623686782140000,0,0.05000000,1833.0000
1623686829923000,0,4.80200000,1833.0000
1623686830503000,0,0.09000000,1833.0000
1623686831164000,0,0.00800000,1833.0000
1623687157470000,1,0.28000000,1827.6900
1623687157818000,1,0.09223489,1827.6900
1623687157862000,1,1.50281258,1827.6900
1623687157927000,1,0.05000000,1827.6900
1623687157927000,1,0.27498543,1827.6900
1623687158010000,1,0.38644762,1827.6900
1623687158050000,1,0.51351948,1827.6900
1623687159792000,1,0.05000000,1825.5500
1623687160094000,1,0.39000000,1825.5500
1623687281959000,0,0.28000000,1833.2200
1623687282002000,0,0.05000000,1833.2200
1623687668494000,0,0.05000000,1848.0000
1623687684666000,0,0.48423388,1848.0000
1623687684677000,0,1.11622008,1848.0000
1623687684679000,0,0.17937018,1848.0000
1623687684686000,0,0.05000000,1848.0000
1623687684695000,0,0.12017586,1848.0000
1623687768582000,1,1.15337244,1841.9400
1623687794714000,0,0.05000000,1839.7400
1623687794714000,0,0.00408279,1840.1600
1623687846437000,0,3.60000000,1841.0000
1623688061597000,0,0.04897027,1840.3000
1623688198172000,1,0.28000000,1836.0000
1623688198829000,1,0.05000000,1836.0000
1623688198910000,1,1.53470069,1836.0000
1623688199563000,1,0.20652678,1836.0000
1623688201052000,1,0.05000000,1836.0000
1623688201084000,1,0.13981742,1836.0000
1623688201107000,1,0.59344399,1836.0000
1623688201108000,1,0.09654858,1836.0000
1623688201673000,1,0.38452718,1836.0000
1623688201817000,1,0.06177670,1836.0000
1623688201863000,1,0.40211292,1836.0000
1623688201867000,1,0.52300896,1836.0000
1623688202023000,1,0.05000000,1836.0000
1623688421887000,1,1.00000000,1837.8400
1623688800592000,1,0.84153671,1820.0800
1623688800614000,1,0.05000000,1820.0800
1623688803548000,0,0.01689768,1820.0800
1623688868049000,0,0.28000000,1825.3800
1623688882554000,0,0.04155600,1826.2100
1623689062478000,0,0.17506400,1817.3600
1623689095921000,0,0.05000000,1814.6200
1623689095921000,0,0.12518100,1814.6600
1623689319065000,0,0.47293482,1817.2100
1623690336770000,1,0.04999999,1823.0000
1623690336779000,1,0.00000001,1823.0000
1623690359459000,0,0.09999999,1821.0000
1623690359459000,0,0.00000001,1821.0000
1623690478704000,0,0.04999999,1821.0000
1623690479099000,0,0.00000001,1821.0000
1623690827830000,1,0.05000000,1821.2400
1623690827830000,1,0.54000000,1820.9400
1623690850227000,0,0.01110000,1823.1700
1623690892268000,0,0.67283325,1823.5200
1623690892293000,0,0.05000000,1823.5200
1623691321420000,0,7.13162341,1823.5200
1623691321426000,0,0.14554334,1823.5200
1623691429136000,0,1.16512708,1826.9400
1623691429136000,0,0.24575706,1827.1000
1623691754300000,1,1.16680078,1823.9300
1623691754319000,1,4.23319922,1823.9300
1623691754644000,1,0.05000000,1822.7600
1623691754644000,1,1.36088414,1822.6000
1623692052184000,0,0.10113458,1820.0500
1623692383196000,0,0.02590270,1824.5200
1623692803335000,1,0.06000000,1824.0000
1623694618776000,1,0.30312158,1823.3100
1623694618777000,1,0.51193179,1823.3100
1623695188187000,0,1.60000000,1822.4100
1623695188187000,0,1.16802718,1822.5000
1623695188187000,0,1.60000000,1822.5500
1623695188187000,0,0.05000000,1822.6400
1623695188187000,0,0.67207008,1822.7600
1623695324806000,0,0.02771800,1820.6400
1623695334359000,0,0.02217900,1821.7800
1623695398023000,0,0.17499800,1818.9900
1623695600611000,0,0.41136669,1819.3500
1623695661237000,0,0.01774700,1815.5100
1623695693184000,0,0.17518600,1815.1000
1623696266309000,1,0.04999999,1804.7900
1623696266327000,1,0.00000001,1804.7900
1623696511223000,0,0.05000000,1802.6400
1623696511223000,0,0.05000000,1803.2000
1623696511223000,0,0.90220300,1803.5400
1623696522593000,1,0.22000000,1801.9500
1623696522715000,1,0.77418256,1801.9500
1623696522736000,1,0.11519404,1801.9500
1623696525415000,1,0.11412147,1797.4700
1623696525425000,1,1.24530820,1797.4700
1623696525468000,1,0.03580787,1797.4700
1623696525470000,1,0.20476246,1797.4700
1623696548712000,0,0.17594100,1799.3000
1623696611664000,0,1.63100000,1799.5000
1623696902810000,0,0.28000000,1801.1200
1623697203671000,1,1.60000000,1796.3500
1623697660808000,1,0.10000000,1795.0000
1623697902649000,0,0.39999999,1796.5800
1623697903437000,0,0.00000001,1796.5800
1623698030588000,1,1.11161171,1788.0800
1623698060084000,1,0.04999999,1792.4500
1623698335933000,1,0.05000000,1788.5200
1623699438463000,1,0.05000000,1800.6400
1623699438463000,1,0.05000000,1800.2500
1623699438463000,1,1.60000000,1799.8500
1623699438463000,1,0.90511409,1799.7700
1623700506117000,1,2.77000000,1798.3200
1623700531978000,1,0.10797895,1794.7600
1623700559839000,1,0.04245799,1794.8700
1623700559842000,1,0.00000001,1794.8700
1623700653578000,0,0.34300000,1797.0000
1623700653706000,0,0.00700000,1797.0000
1623700875859000,1,0.04999999,1798.0000
1623700875871000,1,0.00000001,1798.0000
1623701215777000,0,0.05000000,1805.1800
1623701299633000,0,0.05000000,1806.2800
1623701371707000,0,2.58443319,1806.2800
1623701760792000,1,1.18105663,1800.3400
1623701760793000,1,1.18124090,1800.0500
1623701760793000,1,0.38733027,1799.7500
1623701762389000,1,0.08600000,1799.7600
1623701767744000,1,0.00074800,1799.7600
1623702100072000,1,0.04099800,1799.6400
1623702322189000,1,0.04431200,1799.5000
1623702427169000,1,0.36300000,1800.4700
1623702751278000,1,0.19400000,1799.4500
1623702780146000,1,1.10600000,1799.4500
1623703767984000,1,0.10000000,1805.0000
1623704526665000,0,0.05000000,1810.0600
1623704544723000,0,0.36178177,1810.0600
1623704544772000,0,0.28000000,1810.0600
1623704544877000,0,1.12886061,1810.0600
1623704544886000,0,0.43999900,1810.0600
1623704550429000,0,0.13935861,1810.0600
1623704550440000,0,0.00000001,1810.0600
1623704560768000,1,0.05000000,1812.1700
1623704560768000,1,0.05000000,1812.1600
1623704560768000,1,0.12253736,1811.2700
1623704560768000,1,1.34752546,1811.2600
1623704560771000,1,0.25247454,1811.2600
1623704560771000,1,0.05000000,1811.1700
1623704560771000,1,0.05000000,1811.1500
1623704560771000,1,0.12253736,1810.4900
1623704560771000,1,1.09514362,1810.4800
1623704560777000,1,0.86572089,1811.1800
1623704560777000,1,0.07744747,1810.4800
1623704560777000,1,0.62698715,1810.2700
1623704568353000,0,0.02848882,1813.8300
1623704568354000,0,0.20288483,1813.8300
1623704568357000,0,1.36862635,1813.8300
1623704568357000,0,0.05000000,1813.9400
1623704568357000,0,0.05000000,1814.0100
1623704568357000,0,0.10288482,1814.1000
1623704568360000,0,1.57151118,1814.1000
1623704580752000,0,1.60000000,1814.8400
1623704600415000,1,0.28000000,1817.4600
1623704618126000,0,0.05000000,1818.1500
1623706030512000,0,0.66812000,1813.5200
1623706030512000,0,0.05000000,1813.5300
1623706030512000,0,0.69406085,1813.8100
1623707642221000,0,0.95266017,1820.0700
1623707642222000,0,0.29232944,1820.0700
1623707642257000,0,0.97438206,1820.0700
1623707642301000,0,0.77945093,1820.0700
1623707642304000,0,0.28000000,1820.0700
1623707642677000,0,0.85059231,1820.0700
1623707642686000,0,0.20584186,1820.0700
1623707644230000,0,0.21502336,1820.0700
1623708224689000,1,0.10000000,1821.9000
1623709048438000,1,0.04700000,1817.3300
1623709048524000,1,0.00067000,1817.3300
1623709356134000,0,0.01922664,1817.7900
1623710202851000,1,0.04800000,1821.1900
