timestamp ms,type,amount,price
1623975483300000,1,0.10700000,1703.8800
1623975483784000,1,0.00098020,1703.8800
1623975484584000,0,0.04999999,1703.8200
1623975484584000,0,0.00000001,1703.8200
1623975692389000,1,0.06136114,1700.5300
1623975692392000,1,0.04439278,1700.5300
1623977751185000,1,0.17300000,1692.7200
1623977778606000,0,0.01470492,1691.2700
1623977886143000,0,0.02397400,1686.4800
1623979675161000,1,0.12338193,1679.3700
1623979943931000,1,0.04999999,1674.9700
1623979943938000,1,0.00000001,1674.9700
1623979943957000,1,0.19447654,1674.4400
1623979943957000,1,1.09048655,1674.4400
1623979943957000,1,0.52130292,1674.4400
1623979943958000,1,1.17869708,1674.4400
1623979943958000,1,0.05000000,1674.2500
1623979943958000,1,0.11175381,1674.1600
1623979943958000,1,0.27133858,1674.1500
1623979943959000,1,1.01377801,1674.1500
1623979943959000,1,0.05000000,1673.8800
1623979943959000,1,0.27938452,1673.8600
1623979943959000,1,0.26862694,1673.8500
1623979957293000,1,1.67600000,1672.1600
1623980103883000,1,5.09009726,1669.6700
1623982051246000,1,0.06496831,1664.1200
1623982051265000,1,0.03920740,1664.1200
1623982051265000,1,0.23056954,1664.1200
1623982051460000,1,0.02975090,1664.1200
1623982051491000,1,0.00000001,1664.1200
1623982052849000,1,0.04999999,1662.9500
1623982052901000,1,0.00000001,1662.9500
1623982100630000,1,0.05000000,1663.5500
1623983502190000,0,0.73802000,1674.4500
1623983502190000,0,0.51088491,1674.4600
1623983502190000,0,0.35652095,1674.4600
1623983502190000,0,0.92066195,1674.4600
1623983502190000,0,0.05000000,1674.4700
1623983502190000,0,0.63476391,1674.5800
1623983775672000,0,0.05000000,1675.2800
1623984490257000,0,5.46000000,1680.7600
1623985498905000,0,0.04000000,1681.8400
1623985948124000,1,1.27822503,1683.8300
1623985948178000,1,0.11260314,1683.5500
1623985948178000,1,1.27847430,1683.5400
1623985948178000,1,0.22323206,1683.2600
1623985948474000,1,0.05827578,1683.2600
1623987480165000,1,0.10689214,1679.4500
1623990222731000,0,0.23000000,1685.1600
1623990896182000,0,0.02000000,1686.9600
1623991929740000,1,0.05000000,1696.5700
1623991929740000,1,0.05000000,1696.2200
1623991929740000,1,0.94032400,1696.1900
1623991978312000,0,0.65452857,1698.4700
1623991978318000,0,0.61749695,1698.4700
1623991978965000,1,0.05000000,1697.5300
1623991978965000,1,0.13239000,1696.8600
1623991980210000,1,1.03962700,1698.4500
1623991994065000,1,0.18226800,1699.1200
1623992004708000,0,0.04999999,1700.6700
1623992004708000,0,0.00000001,1700.6700
1623992326353000,1,1.29410000,1694.9700
1623992415321000,1,0.18224200,1699.7700
1623992616120000,1,0.12300000,1695.4200
1623993603813000,1,0.15700000,1697.2000
1623993629863000,0,0.04405304,1698.1800
1623993848365000,0,1.00000000,1697.9100
1623993880675000,1,0.50000000,1696.5000
1623994643099000,1,0.05000000,1703.4400
1623994643099000,1,0.13206900,1702.7700
1623994658638000,1,0.05000000,1704.1400
1623994658638000,1,0.13205000,1703.8700
1623994670509000,1,0.18203200,1703.8700
1623994688923000,0,0.18201399,1703.6200
1623994688924000,0,0.00000001,1703.6200
1623994943722000,0,0.11747732,1698.2000
1623995372730000,1,0.05000000,1688.9800
1623995520984000,0,0.05000000,1685.1200
1623995520984000,0,0.15000000,1685.4200
1623996213773000,1,0.09999999,1682.0200
1623996213787000,1,0.00000001,1682.0200
1623997118659000,1,6.00183850,1683.0000
1623997120938000,1,0.12248650,1683.0000
1623997120938000,1,0.04655027,1681.9500
1623997178107000,0,0.04815900,1677.2400
1623997240544000,0,0.05000000,1676.0300
1623997240544000,0,0.05000000,1676.3900
1623997240544000,0,0.08228400,1676.4400
1623997658692000,0,0.05000000,1678.7300
1623997658692000,0,0.09854388,1678.7800
1623999325159000,1,0.05000000,1677.7300
1623999325159000,1,0.05000000,1677.3900
1623999325159000,1,0.03874518,1677.3900
1624000507419000,1,0.05000000,1683.8300
1624001444825000,0,1.28099207,1690.5100
1624001444825000,0,0.00000001,1690.5100
1624002460974000,1,0.05000000,1690.5300
1624002460974000,1,1.70000000,1690.4000
1624002460974000,1,1.27891560,1690.3300
1624002460974000,1,0.60000000,1690.2400
1624002460974000,1,0.05000000,1690.1800
1624002460974000,1,4.32108440,1690.0200
1624002658806000,0,0.28000000,1691.3200
1624003361894000,1,0.08865161,1685.2800
1624003361906000,1,0.00000001,1685.2800
1624003383405000,1,0.21900000,1682.8100
1624003403577000,0,0.05000000,1683.8100
1624003408689000,0,1.70000000,1684.9200
1624003432534000,1,0.08441106,1682.9300
1624003432534000,1,0.00000001,1682.9300
1624003448246000,0,0.05000000,1683.0400
1624003569818000,0,0.03600000,1689.8800
1624003573866000,0,0.00010300,1689.8800
1624003763575000,0,0.05000000,1696.4700
1624003918439000,0,0.18300000,1695.2900
1624004030517000,1,0.07000000,1692.6500
1624004033020000,1,0.06893936,1692.7000
1624004033772000,1,0.06893936,1692.7800
1624004034349000,1,0.07249600,1692.7800
1624004040171000,0,0.05000000,1694.4900
1624004040171000,0,0.02100000,1694.9100
1624004333953000,1,0.04901255,1692.9500
1624004428936000,1,0.07404782,1692.3500
1624004430703000,1,0.13904916,1692.3500
1624005026558000,1,0.05000000,1694.9900
1624005026558000,1,0.03872342,1694.9000
1624005027218000,1,0.10600000,1694.9800
1624005027341000,1,0.06707200,1694.9800
1624005832316000,1,0.07402617,1694.3300
1624005867339000,1,0.08100000,1692.9600
1624005868812000,1,0.07489504,1692.9600
1624005869171000,1,0.10803902,1692.9600
1624005928407000,1,0.08700000,1693.8800
1624005983851000,0,0.04650000,1695.1000
1624005985132000,0,0.07800000,1695.1000
1624006053266000,1,0.09760700,1689.4000
1624006057651000,1,0.09700000,1688.9700
1624006119775000,1,0.77556685,1690.3200
1624006119892000,1,0.05000000,1690.3200
1624006119901000,1,0.28000000,1690.3200
1624006120895000,1,0.79443315,1690.3200
1624006940758000,1,0.02378679,1687.7100
1624006941014000,1,0.05944162,1687.4000
1624006941042000,1,0.00000001,1687.4000
1624007158255000,1,0.01867419,1685.5000
1624007158256000,1,0.00000001,1685.5000
1624007404709000,0,0.28000000,1687.0000
1624007404885000,0,0.22000000,1687.0000
1624007466228000,0,0.30000000,1687.5000
1624007650768000,0,0.50842534,1687.3600
1624007650768000,0,0.77287274,1687.3700
1624007968869000,1,0.04999999,1678.1300
1624007968874000,1,0.00000001,1678.1300
1624008008540000,1,1.70000000,1677.6200
1624008008540000,1,0.05000000,1677.5400
1624008011559000,1,1.28807698,1676.8300
1624008011559000,1,1.69192302,1676.8300
1624008015369000,1,0.18310632,1674.4600
1624008015371000,1,0.24689368,1674.4600
1624008015389000,1,1.37000000,1673.8600
1624008021802000,1,0.05000000,1673.3200
1624008373529000,1,0.64000000,1673.2000
1624008393853000,1,1.28940000,1674.3800
1624008399157000,1,0.00007208,1674.3800
1624008407880000,1,0.00601960,1673.2000
1624008407880000,1,0.60398040,1672.8700
1624008610998000,1,3.02110000,1670.8300
1624008652082000,0,0.05000000,1670.6500
1624008661703000,0,5.44008865,1670.9400
1624009327910000,1,0.10000000,1666.2000
1624009327910000,1,0.15000000,1666.1900
1624009359219000,1,0.20000000,1666.3900
1624009444125000,1,0.31660207,1664.3000
1624009444125000,1,0.71604025,1664.2900
1624009453644000,0,0.05000000,1665.4500
1624009453644000,0,0.00974162,1665.7900
1624009463958000,1,0.05000000,1663.7900
1624009468276000,1,0.05000000,1661.6600
1624010080490000,1,0.05000000,1654.7000
1624010080491000,1,0.24865502,1654.3000
1624010081140000,1,0.05000000,1653.7600
1624010082977000,0,0.04999999,1653.9500
1624010082980000,0,0.00000001,1653.9500
1624010428565000,1,0.01541578,1650.0000
1624010428565000,1,0.03458422,1650.0000
1624010429211000,1,0.13868092,1650.0000
1624010429220000,1,0.00000001,1650.0000
1624010670074000,0,0.51781019,1655.1700
1624010670075000,0,0.00000001,1655.1700
1624010684423000,0,0.27338268,1655.0200
1624010821556000,0,0.09051804,1652.9300
1624010863399000,1,0.03000000,1646.0000
1624010863399000,1,0.02000000,1646.0000
1624010863491000,1,0.18419537,1646.0000
1624010863890000,1,0.79580462,1646.0000
1624010863902000,1,0.00000001,1646.0000
1624011006165000,1,0.05000000,1646.6800
1624011006165000,1,0.05938667,1646.2700
1624011053320000,1,1.60000000,1649.6600
1624011056639000,1,3.66000000,1648.7700
1624011084000000,1,0.05000000,1650.7000
1624011087716000,1,0.05000000,1650.3500
1624011088144000,1,0.05000000,1650.1000
1624011089352000,1,0.05000000,1649.2600
1624011126229000,1,0.10915505,1646.4800
1624011167803000,0,1.04991380,1646.8900
1624011167823000,0,0.06273763,1646.8900
1624011167880000,0,2.98734857,1646.8900
1624011246478000,1,0.10920034,1647.7800
1624011374354000,1,0.90000000,1646.7300
1624011420571000,1,0.91000000,1646.1400
1624011422678000,1,0.43000000,1645.3400
1624011422879000,1,0.12592204,1644.4500
1624011452060000,1,1.70000000,1645.0800
1624011475149000,1,0.91000000,1645.1700
1624011476768000,1,0.91000000,1644.7800
1624011511669000,1,0.02000000,1643.5400
1624011528165000,1,0.05000000,1642.8300
1624011546588000,1,1.40000000,1643.3800
1624011551608000,1,0.07113242,1642.8300
1624011551651000,1,0.00000001,1642.8300
1624011642129000,1,0.04999999,1644.5100
1624011784811000,1,0.05000000,1651.7600
1624011784811000,1,0.91478149,1651.6500
1624011784811000,1,1.69521851,1651.4700
1624011790060000,1,0.91478149,1651.6500
1624011790060000,1,0.00478149,1651.4700
1624011790060000,1,0.91043702,1651.3200
1624011792094000,1,1.70000000,1651.0200
1624011792094000,1,0.91000000,1650.9700
1624011794377000,1,0.91000000,1650.6200
1624011796452000,1,0.91000000,1650.1700
1624011799252000,1,2.67000000,1649.6500
1624011822893000,1,0.78000000,1651.3600
1624011918282000,0,5.35492494,1662.0200
1624011925978000,0,0.05000000,1664.9400
1624011925978000,0,0.05000000,1665.7500
1624011925978000,0,0.40000000,1665.7700
1624011926998000,1,0.04999999,1661.7900
1624011927007000,1,0.00000001,1661.7900
1624011971721000,1,0.05000000,1662.2600
1624011986999000,1,0.28000000,1664.2400
1624012052613000,1,0.12297378,1665.2700
1624012052613000,1,4.74702622,1665.2600
1624012057705000,1,0.64000000,1665.7400
1624012070615000,1,0.64000000,1664.8000
1624012103149000,1,0.64768777,1665.3700
1624012132503000,1,0.51000000,1666.3000
1624012132781000,1,0.00798599,1666.3000
1624012132781000,1,0.51798599,1665.9500
1624012132781000,1,0.00402802,1665.9300
1624012135518000,1,0.51000000,1665.9500
1624012136731000,1,0.50000000,1665.3200
1624012161272000,1,0.01838365,1665.3200
1624012161272000,1,0.51813953,1665.3100
1624012161272000,1,0.51347682,1665.3000
1624012162536000,1,0.51825132,1665.9200
1624012162536000,1,0.51838365,1665.3200
1624012162536000,1,0.51336503,1665.3100
1624012163929000,1,0.51825132,1665.9200
1624012163929000,1,0.51838365,1665.3200
1624012163929000,1,0.00336503,1665.3100
1624012165272000,1,0.51825132,1665.9200
1624012165272000,1,0.51174868,1665.3200
1624012166930000,1,0.51825132,1665.9200
1624012166930000,1,0.00174868,1665.3200
1624012168529000,1,0.51000000,1665.9200
1624012169597000,1,0.00140947,1665.3100
1624012169597000,1,0.37859053,1664.7200
1624012171889000,1,0.38878284,1665.6600
1624012171889000,1,0.38878284,1665.3400
1624012171889000,1,0.51813953,1665.3100
1624012171889000,1,0.00429479,1664.7200
1624012173953000,1,0.38878284,1665.3400
1624012173953000,1,0.38883621,1664.7600
1624012173953000,1,0.00238095,1664.7200
1624012177869000,1,0.38883621,1664.7600
1624012177869000,1,0.00350217,1664.7200
1624012181353000,1,0.38889193,1665.0600
1624012181353000,1,0.38110807,1664.7600
1624012183494000,1,0.38889193,1665.0600
1624012183494000,1,0.00110807,1664.7600
1624012186054000,1,0.00662007,1664.7600
1624012186054000,1,0.38337993,1664.4000
1624012187615000,1,0.00556726,1664.4000
1624012187615000,1,0.51443274,1663.9600
1624012199522000,1,0.00353505,1663.9600
1624012199522000,1,0.38646495,1663.8400
1624012199952000,1,0.12000000,1663.9600
1624012200535000,1,0.27000000,1663.9600
1624012202665000,1,0.12796779,1663.9600
1624012202665000,1,0.51203221,1663.5000
1624012203509000,1,0.51796779,1663.9600
1624012203509000,1,0.00623183,1663.5000
1624012203509000,1,4.47580038,1663.2600
1624012207167000,1,0.51796779,1663.9600
1624012207167000,1,0.38908908,1663.9000
1624012207167000,1,0.51294313,1663.5000
1624012208595000,1,0.25000000,1664.0000
1624012344418000,1,0.25000000,1671.9000
1624012363487000,1,0.15000000,1671.3400
1624012366358000,1,0.25000000,1670.5500
1624012396612000,1,0.25000000,1672.3500
1624012398948000,1,0.00802720,1672.3500
1624012398948000,1,0.25197280,1671.9300
1624012401591000,1,0.25000000,1671.5100
1624012408917000,1,0.25000000,1672.9100
1624012412533000,1,0.00792506,1672.9100
1624012412533000,1,0.25799233,1672.4700
1624012412533000,1,0.04408261,1672.1200
1624012416020000,1,0.25792506,1672.9100
1624012416020000,1,0.25795858,1672.5200
1624012416020000,1,0.25411636,1672.4700
1624012418071000,1,0.25792506,1672.9100
1624012418071000,1,0.25207494,1672.5200
1624012420087000,1,0.00588364,1672.5200
1624012420087000,1,1.70000000,1671.9900
1624012420087000,1,0.25411636,1671.9600
1624012426140000,1,0.00395296,1671.9600
1624012426140000,1,0.00809117,1671.5100
1624012426140000,1,0.25812355,1671.1000
1624012426140000,1,1.70000000,1671.0800
1624012438726000,1,0.25809117,1671.5100
1624012438726000,1,0.25190883,1671.4900
1624012440730000,1,0.25812355,1671.1000
1624012440730000,1,0.42187645,1670.9400
1624012442941000,1,0.25000000,1671.1000
1624012444925000,1,0.00812355,1671.1000
1624012444925000,1,0.25187645,1670.4200
1624012446929000,1,0.25812355,1671.1000
1624012446929000,1,0.00187645,1670.4200
1624012450971000,1,0.12916255,1670.8500
1624012450971000,1,0.12916255,1670.4900
1624012450971000,1,0.12167490,1670.1500
1624012454891000,1,0.12916255,1670.8500
1624012454891000,1,0.12916255,1670.4900
1624012454891000,1,0.00167490,1670.1500
1624012458772000,1,0.00581275,1670.1500
1624012458772000,1,0.12418725,1669.7000
1624012470033000,1,0.12916255,1669.0600
1624012470033000,1,0.12925647,1669.0500
1624012470033000,1,0.42158098,1668.6700
1624012483815000,1,0.12918228,1670.4100
1624012483815000,1,0.12918228,1670.2900
1624012483815000,1,0.43000000,1669.9500
1624012483815000,1,0.12163544,1669.9400
1624012485873000,1,0.12000000,1670.4100
1624012487925000,1,0.00918228,1670.4100
1624012487925000,1,0.12081772,1670.2900
1624012489961000,1,0.12918228,1670.4100
1624012489961000,1,0.00836456,1670.2900
1624012489961000,1,0.43000000,1669.9600
1624012489961000,1,0.00245316,1669.9400
1624012492816000,1,0.12918228,1670.4100
1624012492816000,1,0.12918228,1670.2900
1624012492816000,1,0.00163544,1669.9400
1624012496015000,1,0.00345824,1669.9400
1624012496015000,1,0.12654176,1669.4900
1624012501810000,1,0.12921365,1670.2800
1624012501810000,1,0.12078635,1669.9400
1624012505873000,1,0.12000000,1670.6200
1624012507877000,1,0.00920204,1670.6200
1624012507877000,1,0.12079796,1670.4600
1624012517682000,1,0.12920203,1670.6200
1624012517718000,1,0.00000001,1670.6200
1624012519085000,1,0.12920204,1670.6200
1624012519085000,1,0.00836505,1670.4600
1624012519085000,1,0.43000000,1670.2900
1624012519085000,1,0.12921365,1670.2800
1624012519085000,1,0.00321926,1669.9400
1624012521110000,1,0.12920204,1670.6200
1624012521110000,1,0.12916301,1670.4600
1624012521110000,1,0.12921365,1670.2800
1624012521110000,1,0.00242130,1669.9400
1624012523129000,1,0.12920204,1670.6200
1624012523129000,1,0.12916301,1670.4600
1624012523129000,1,0.12921365,1670.2800
1624012523129000,1,0.00242130,1669.9400
1624012525246000,1,0.12920204,1670.6200
1624012525315000,1,0.12916301,1670.4600
1624012525315000,1,0.12921365,1670.2800
1624012525315000,1,0.00033407,1669.9400
1624012527266000,1,0.12920203,1670.6200
1624012527339000,1,0.00000001,1670.6200
1624012527339000,1,0.12916301,1670.4600
1624012527339000,1,0.12921365,1670.2800
1624012527339000,1,0.12918228,1669.9400
1624012527339000,1,0.43000000,1669.5000
1624012527339000,1,0.00264052,1669.4900
1624012528922000,1,0.12916300,1670.4600
1624012528926000,1,0.00000001,1670.4600
1624012528926000,1,0.12918228,1669.9400
1624012530269000,1,0.12918228,1669.4900
1624012530269000,1,0.12081772,1669.1400
1624012530512000,1,0.12918228,1669.9400
1624012534365000,1,0.00839005,1669.1400
1624012534365000,1,0.12160995,1668.5000
1624012548527000,1,0.12000000,1668.0000
1624012552020000,1,0.00928389,1668.0000
1624012552020000,1,0.12930894,1667.9200
1624012552020000,1,0.12140717,1667.8200
1624012557137000,1,0.12932443,1668.6200
1624012557137000,1,0.12928389,1668.0000
1624012557137000,1,0.12930894,1667.9200
1624012557137000,1,0.00208274,1667.8200
1624012559617000,1,0.12932443,1668.6200
1624012559617000,1,0.12928389,1668.0000
1624012559617000,1,0.12930894,1667.9200
1624012559617000,1,0.00208274,1667.8200
1624012559625000,1,0.00373542,1667.8200
1624012559625000,1,0.12926251,1667.1100
1624012559625000,1,0.12936431,1666.7700
1624012559625000,1,0.05000000,1666.7400
1624012698717000,1,0.05848730,1667.9600
1624012698745000,1,0.06863213,1667.9600
1624012713826000,0,1.39000000,1669.8600
1624012714669000,0,0.28000000,1669.8600
1624012758504000,0,0.12920456,1669.8900
1624012758505000,0,0.12920456,1669.8900
1624012759781000,0,0.05000000,1669.9000
1624012759781000,0,0.05000000,1670.2400
1624012759781000,0,0.02920456,1670.3600
1624012759910000,1,0.05000000,1670.2000
1624012761019000,0,0.12920456,1670.3800
1624012761077000,1,0.12920614,1669.8700
1624012761077000,1,0.12921110,1669.7500
1624012762782000,0,0.05000000,1670.1700
1624012762782000,0,0.07920456,1670.3800
1624012762845000,1,0.12900000,1670.2400
1624012762988000,1,0.12920614,1669.8700
1624012762988000,1,0.12921110,1669.7500
1624012764157000,0,0.05000000,1670.1500
1624012764157000,0,0.12920456,1670.3800
1624012764237000,1,0.07900000,1670.2200
1624012764375000,1,0.12920614,1669.8700
1624012764375000,1,0.12921109,1669.7500
1624012764375000,1,0.00000001,1669.7500
1624012765554000,0,0.05000000,1670.1100
1624012765557000,0,0.12920456,1670.3800
1624012765619000,1,0.05000000,1670.1200
1624012765676000,1,0.02900000,1670.1200
1624012765898000,1,0.12920614,1669.8700
1624012767000000,0,0.12921296,1670.3800
1624012810759000,0,0.23700000,1670.2700
1624012883887000,1,0.10280334,1672.8600
1624012945457000,0,0.30387934,1674.2500
1624013809034000,1,1.19999999,1673.5400
1624013809051000,1,0.00000001,1673.5400
1624013921902000,1,0.05000000,1673.4000
1624014800082000,1,0.12193014,1677.9800
1624014800082000,1,0.11806986,1677.9700
1624014800248000,1,0.05000000,1677.8800
1624014800268000,1,0.25487981,1677.8800
1624014976739000,1,0.05000000,1680.5500
1624015000187000,1,0.05000000,1680.0000
1624015324225000,1,0.12200144,1672.2000
1624015324226000,1,0.00000001,1672.2000
1624015343386000,1,6.60000000,1668.7000
1624015414608000,1,1.21230000,1668.5100
1624015528875000,0,5.48000000,1669.2400
1624016098245000,1,0.31415897,1662.2000
1624016098245000,1,0.12571346,1662.2000
1624016098245000,1,0.06012757,1662.1900
1624016375270000,0,0.04250000,1665.2100
1624016599063000,0,0.49509176,1674.1500
1624016610402000,1,0.20900000,1672.6500
1624016766270000,0,0.11915142,1674.3400
1624017692256000,1,5.46000000,1670.4100
1624017737523000,1,0.04893358,1667.8600
1624017737606000,1,0.12225774,1667.4400
1624017737769000,1,0.07982579,1667.3500
1624017737802000,1,0.23824245,1667.3500
1624017787343000,1,0.04000000,1662.2100
1624017787534000,1,0.00104766,1662.2100
1624017787562000,1,0.05000000,1661.9700
1624017787625000,1,0.05261916,1661.9700
1624017789244000,1,0.05000000,1660.5200
1624017789244000,1,0.57632338,1660.4700
1624017980940000,0,0.01496804,1661.5400
1624017996870000,1,0.03700000,1658.5800
1624017998751000,0,0.18322700,1659.8200
1624018021800000,1,0.03600000,1657.7000
1624018022125000,1,0.00029537,1657.7000
1624018022409000,1,0.09073844,1657.2400
1624018022985000,0,0.18324500,1659.2600
1624018032340000,1,0.03400000,1658.8100
1624018252727000,1,0.07085260,1659.0100
1624018252727000,1,0.02714740,1659.0100
1624018257503000,1,0.02300000,1658.0900
1624018258863000,0,0.18326400,1658.8400
1624018262202000,1,0.02727778,1657.4200
1624018262221000,1,0.00000001,1657.4200
1624018383042000,1,0.01858188,1659.3700
1624018431194000,1,0.01376331,1658.1600
1624018431874000,1,0.01360732,1657.7800
1624018432666000,0,0.05000000,1657.7400
1624018432666000,0,0.13330000,1657.9400
1624018457840000,1,0.02688817,1656.0500
1624018457840000,1,0.06989997,1656.0500
1624018459570000,0,0.05000000,1657.1900
1624018459570000,0,0.13331900,1657.2700
1624018461183000,1,0.02688816,1654.2300
1624018461188000,1,0.00000001,1654.2300
1624018476971000,0,0.18335200,1657.0600
1624018477557000,1,0.02109808,1655.4300
1624018560508000,1,0.04755514,1653.2800
1624018560508000,1,0.01828733,1653.2800
1624018568485000,1,0.01409296,1651.5700
1624018568485000,1,0.03664170,1651.5700
1624018568487000,1,0.00000001,1651.5700
1624018571293000,1,0.01409296,1649.5300
1624018571293000,1,0.03664170,1649.5300
1624018571310000,1,0.00000001,1649.5300
1624018617556000,0,0.18361600,1652.2100
1624018902811000,0,1.31159633,1649.2000
1624018902811000,0,4.74404431,1649.2100
1624019093344000,0,0.09728583,1660.2900
1624019093345000,0,0.33271417,1660.2900
1624019093345000,0,1.30382923,1660.3800
1624019161376000,1,5.27274375,1652.3400
1624019479941000,0,0.05000000,1652.5200
1624019479980000,0,0.28000000,1652.5200
1624019513242000,1,0.05000000,1653.2800
1624019708714000,1,0.05000000,1649.5600
1624019708714000,1,0.05126436,1648.9800
1624019708714000,1,0.02050351,1648.9800
1624019708714000,1,0.05000000,1648.9700
1624019708719000,1,0.13314810,1648.5100
1624019708719000,1,1.30965327,1648.4700
1624020071702000,0,0.05000000,1649.9700
1624020071702000,0,0.03139238,1650.3400
1624020225633000,1,0.28221408,1641.0000
1624020239288000,1,0.26093857,1641.0000
1624020239306000,1,0.91681555,1641.0000
1624020239315000,1,0.54003180,1641.0000
1624020291368000,1,0.01759902,1641.7900
1624020652978000,1,0.01300000,1648.0800
1624020728507000,1,0.02200000,1645.3900
1624021252271000,0,0.42999999,1654.3300
1624021252272000,0,0.00000001,1654.3300
1624021253572000,1,0.04999999,1654.3800
1624021253575000,1,0.00000001,1654.3800
1624021263438000,0,0.05000000,1655.8300
1624021263757000,0,0.38000000,1655.8300
1624021383595000,0,0.03500000,1656.1000
1624022254427000,1,0.02100000,1644.6200
1624022254433000,1,0.00014538,1644.6200
1624022263350000,1,0.01640798,1643.1700
1624022332651000,1,0.01812179,1643.1500
1624022332735000,1,0.00000001,1643.1500
1624022342656000,1,0.01793285,1641.4700
1624022342731000,1,0.00000001,1641.4700
1624022536020000,1,0.01668352,1638.5900
1624022537448000,1,0.04170880,1637.7800
1624022537448000,1,0.00829120,1637.7800
1624023034291000,0,1.02500000,1646.9100
1624023450596000,1,1.46573797,1645.3800
1624023925941000,1,0.05000000,1644.1900
1624023925941000,1,0.05000000,1643.7200
1624023925941000,1,1.70000000,1643.3700
1624023925941000,1,0.05000000,1643.2900
1624023925941000,1,1.31682423,1643.1000
1624023925941000,1,5.58436510,1642.9100
1624023925941000,1,1.70000000,1642.8600
1624023925941000,1,0.05000000,1642.8500
1624023925941000,1,1.31707945,1642.6800
1624023925941000,1,0.78696049,1642.6100
1624024030210000,0,0.02100000,1645.9900
1624024238304000,1,3.05540000,1642.0600
1624024315562000,1,0.75144999,1641.2500
1624024962165000,1,0.05000000,1649.8000
1624024963202000,1,0.45000000,1649.8000
1624024993761000,0,0.04402600,1651.0400
1624024993761000,0,0.45597400,1651.6800
1624025071255000,1,0.05000000,1647.0100
1624025078680000,1,0.05000000,1646.2600
1624025382177000,1,0.05000000,1640.5900
1624025382177000,1,0.04999999,1640.5300
1624025384986000,1,0.00000001,1640.5300
1624025419958000,1,0.05000000,1633.9400
1624025453981000,0,0.05000000,1630.4100
1624025501588000,1,0.34104404,1625.0100
1624025502344000,1,0.05000000,1625.0100
1624025634539000,1,0.01400000,1630.1600
1624025651256000,1,0.01442233,1629.9300
1624025651256000,1,0.03748841,1629.9300
1624025651258000,1,0.00000001,1629.9300
1624025655642000,1,0.01400000,1628.7400
1624025677196000,1,0.02576495,1627.4800
1624025677197000,1,0.00000001,1627.4800
1624025703104000,1,0.02314451,1626.3000
1624025705269000,1,0.02316422,1625.0100
1624025705269000,1,0.23457229,1625.0000
1624025705276000,1,0.00000001,1625.0000
1624025710219000,1,0.02316422,1623.5900
1624025712227000,1,1.63240341,1620.8400
1624025712238000,1,0.06759659,1620.8400
1624025712238000,1,0.04999999,1620.7700
1624025712983000,1,0.29999999,1620.0000
1624025714069000,1,0.94679606,1620.0100
1624025714070000,1,1.63215462,1620.0100
1624025714797000,1,0.00000001,1620.0000
1624025718278000,1,0.02500000,1617.0900
1624025723876000,0,0.02800000,1620.0300
1624025779906000,1,0.23999999,1613.0300
1624025897372000,1,0.04542476,1622.2600
1624025897372000,1,0.01757524,1622.2600
1624025898985000,1,0.01816990,1621.1200
1624025900918000,0,0.03100000,1621.0700
1624025917587000,1,1.69990000,1620.9300
1624025949273000,1,0.02008100,1621.9400
1624025949273000,1,0.05221059,1621.9400
1624025981093000,1,0.01415486,1623.6400
1624025981687000,1,0.01415869,1623.2400
1624025982192000,1,0.01415486,1622.8100
1624025982192000,1,0.09203149,1622.8100
1624026010813000,1,0.02265675,1621.6200
1624026014686000,0,0.03200000,1622.1700
1624026017248000,1,0.02382628,1621.5000
1624026017248000,1,0.77617372,1621.1200
1624026147360000,1,0.02842155,1626.1800
1624026162705000,1,0.02433582,1625.8800
1624026192629000,1,0.01955001,1626.6900
1624026192629000,1,0.05000000,1626.6800
1624026192629000,1,0.04156930,1626.4600
1624026197593000,1,0.01910939,1627.0600
1624026312848000,1,0.02154768,1628.8900
1624026312848000,1,0.05175962,1628.8000
1624026312848000,1,0.03782159,1628.5800
1624026327429000,1,0.01670798,1626.9600
1624026356658000,1,0.01751659,1626.8200
1624026356658000,1,0.04379148,1626.8200
1624026378206000,1,0.01548401,1626.0500
1624026553355000,1,0.01403352,1625.1000
1624026553355000,1,0.03508380,1625.1000
1624026553355000,1,0.06205806,1625.0900
1624026673538000,1,0.05000000,1620.8500
1624026673538000,1,0.01244820,1620.7000
1624026673538000,1,0.03236533,1620.7000
1624026673538000,1,0.01637985,1620.6900
1624026674084000,1,0.05000000,1620.8500
1624026674084000,1,0.22000000,1620.6900
1624026793791000,1,0.01464693,1629.3400
1624026793791000,1,0.05000000,1628.7100
1624026793791000,1,0.04652446,1628.7100
1624026971905000,0,0.05000000,1628.3000
1624026971905000,0,1.10000000,1628.5500
1624026971905000,0,0.05000000,1628.6500
1624026971905000,0,0.37251582,1628.8100
1624027154453000,1,0.02797202,1628.6300
1624027154453000,1,0.07273171,1628.5800
1624027154453000,1,0.01019445,1628.2100
1624027294288000,1,0.02300892,1623.4600
1624027294825000,1,0.02300892,1622.7200
1624027294825000,1,0.05000000,1622.7100
1624027294825000,1,0.05000000,1622.2300
1624027296722000,1,0.43000000,1621.1500
1624027394818000,1,0.11146085,1623.8400
1624027646357000,0,0.30573479,1627.2600
1624027875381000,1,0.02337103,1627.1600
1624027875381000,1,0.08775579,1627.1500
1624028182170000,1,0.02637259,1624.9000
1624028182170000,1,0.02362741,1624.8900
1624028222398000,0,0.05000000,1628.9900
1624028222398000,0,0.20000000,1629.0500
1624028327198000,1,0.02618355,1620.6400
1624028344363000,1,0.02547088,1619.9200
1624028382500000,1,0.05000000,1625.1000
1624028399101000,1,0.50000000,1626.4400
1624028401743000,1,0.05178908,1625.9500
1624028401743000,1,0.50000000,1625.9500
1624028402616000,1,0.50000000,1625.0900
1624028430032000,0,0.52704818,1630.3900
1624028430044000,0,0.00000001,1630.3900
1624028453278000,1,7.80000000,1632.9400
1624028493052000,1,0.30586041,1632.3200
1624028493063000,1,0.55459920,1632.3200
1624028493259000,1,0.28000000,1632.3200
1624028493610000,1,0.30091715,1632.3200
1624028586165000,0,0.05000000,1634.2300
1624028586165000,0,0.05000000,1634.7100
1624028779064000,0,0.28000000,1634.9300
1624028822233000,1,0.05003361,1636.0200
1624028822233000,1,0.05001589,1636.0200
1624028822233000,1,0.32510736,1636.0100
1624028832031000,1,0.04526772,1635.1100
1624028832031000,1,0.11316810,1635.1100
1624028832034000,1,0.00000120,1635.1100
1624028832034000,1,0.29428450,1634.6700
1624028897240000,1,0.03601943,1633.2200
1624028897240000,1,0.09004308,1633.1900
1624028897240000,1,0.03416478,1633.1900
1624029436372000,1,0.06795068,1625.1100
1624029436372000,1,0.04335054,1624.7800
1624029512285000,1,0.28000000,1621.8800
1624029512343000,1,0.44298279,1621.8800
1624029636639000,1,0.06936791,1617.3500
1624029636639000,1,0.06936790,1617.3400
1624029636664000,1,0.00000001,1617.3400
1624029666152000,0,0.33538799,1619.6700
1624029666154000,0,0.58360946,1619.6700
1624029666180000,0,1.28100255,1619.6700
1624029706872000,0,0.28000000,1621.8900
1624029796616000,1,0.07234269,1622.5000
1624029796616000,1,0.03936094,1622.4900
1624029972897000,1,0.06800000,1612.5900
1624030064864000,0,0.06800000,1614.6100
1624030090121000,0,0.05000000,1615.3700
1624030090121000,0,0.07349065,1615.6000
1624031252374000,1,0.02961841,1617.6400
1624031252374000,1,0.07405922,1617.3200
1624031252374000,1,1.52966098,1617.3100
1624031252376000,1,1.63333861,1617.3100
1624031252376000,1,1.63333861,1617.3100
1624031252376000,1,0.40366180,1617.3100
1624031252377000,1,0.19253919,1617.0500
1624031252379000,1,0.05000000,1617.0400
1624031252379000,1,0.43000000,1615.4900
1624031252379000,1,1.15333861,1615.4700
1624031252379000,1,0.18701793,1615.4700
1624031252379000,1,1.34033713,1615.3200
1624031252379000,1,0.10598355,1614.9600
1624031252592000,1,0.05000000,1615.3000
1624031252592000,1,0.43000000,1614.1900
1624031252592000,1,0.28218000,1614.0100
1624031254085000,0,1.70000000,1615.4100
1624031258644000,1,1.63583874,1611.9700
1624031258646000,1,0.05000000,1612.6900
1624031258646000,1,0.06416126,1611.9700
1624031258646000,1,0.05000000,1611.7900
1624031258652000,1,0.05717391,1610.0000
1624031260355000,1,0.24000000,1608.2000
1624031260355000,1,0.02000000,1608.1900
1624031262806000,1,0.05000000,1608.1900
1624031272784000,0,0.37327167,1608.0500
1624031273012000,0,0.11972019,1608.0500
1624031273110000,0,0.55737133,1608.0500
1624031273235000,0,0.64963680,1608.0500
1624031273287000,0,0.00000001,1608.0500
1624031273988000,0,0.19506157,1608.8000
1624031276937000,0,1.12052459,1608.8000
1624031282490000,0,0.07728851,1610.7200
1624031282549000,0,1.28887599,1610.7200
1624031537302000,1,0.05000000,1605.0000
1624031538113000,1,0.63000000,1605.0000
1624031538353000,1,0.00195015,1605.0000
1624031539430000,1,0.01250000,1604.6100
1624031540436000,1,0.05000000,1603.0000
1624031548278000,0,0.05000000,1605.0400
1624031548278000,0,0.60000000,1605.3300
1624031548278000,0,0.53524040,1605.4300
1624031548278000,0,0.05698510,1605.4400
1624031548279000,0,1.64301489,1605.4400
1624031548279000,0,0.00000001,1605.4400
1624031554537000,0,0.23999999,1605.5900
1624031554586000,0,0.00000001,1605.5900
1624031566458000,1,0.41000000,1603.0000
1624031571219000,1,0.00756706,1603.0000
1624031950507000,1,0.05000000,1602.4500
1624031995435000,1,0.05000000,1602.2200
1624031995435000,1,1.70000000,1602.0300
1624031995435000,1,0.03737171,1601.6100
1624031995435000,1,0.05000000,1601.6000
1624031995435000,1,0.09345531,1601.3200
1624031995435000,1,0.71200864,1601.3100
1624032025829000,0,0.04999999,1602.8100
1624032031750000,0,0.38038402,1602.7200
1624032031795000,0,0.21961598,1602.7200
1624032031795000,0,0.53606888,1602.8000
1624032032535000,0,0.00000001,1602.8100
1624032032535000,0,0.53587819,1603.5800
1624032032535000,0,0.53588600,1603.5900
1624032032535000,0,2.94693580,1603.5900
1624032033246000,0,0.53587818,1604.2000
1624032033247000,0,0.00000001,1604.2000
1624032038420000,0,0.53587819,1607.8900
1624032038420000,0,0.18733193,1607.8900
1624032040988000,0,0.34699234,1607.8900
1624032063614000,1,1.70000000,1607.3500
1624032170642000,1,0.13000000,1610.8600
1624032171220000,1,0.00092209,1610.8600
1624032262317000,1,1.30000000,1603.5100
1624032328526000,0,0.02158246,1608.9800
1624032407263000,1,1.00000000,1600.0000
1624032407263000,1,1.00000000,1600.0000
1624032407263000,1,0.10000000,1600.0000
1624032407263000,1,0.13963750,1600.0000
1624032407263000,1,0.49036250,1600.0000
1624032407468000,1,0.00963750,1600.0000
1624032407468000,1,0.05000000,1598.6100
1624032407468000,1,0.05000000,1598.1000
1624032407468000,1,0.11410735,1598.0400
1624032408542000,0,0.05000000,1599.9700
1624032799687000,1,0.12000000,1607.0900
1624033967974000,1,0.72000000,1619.6000
1624034371457000,1,0.05000000,1618.3100
1624034375829000,1,0.04000000,1618.0300
1624035005661000,0,0.19894020,1623.4700
1624035005812000,0,0.08000000,1623.4700
1624035006346000,0,0.16247016,1623.4700
1624035006347000,0,0.64976043,1623.4700
1624035006347000,0,0.55700207,1623.4700
1624035006351000,0,0.05182714,1623.4700
1624035873086000,1,0.14000000,1608.1300
1624035875101000,1,1.92000000,1608.1300
1624036215817000,1,0.28000000,1609.7900
1624036216818000,1,0.41999999,1609.7900
1624036216882000,1,0.00000001,1609.7900
1624037972528000,0,0.05000000,1601.3800
1624038512768000,1,0.14953882,1600.5500
1624038512768000,1,0.37395947,1600.5500
1624038911257000,1,0.05000000,1596.0000
1624038913779000,1,0.05000000,1596.0000
1624038915361000,1,0.05000000,1596.0000
1624038916186000,1,0.85000000,1596.0000
1624038920324000,1,0.02493511,1595.5500
1624038920326000,1,0.00506489,1595.5500
1624038922206000,0,0.05000000,1595.5500
1624038934406000,1,0.03261754,1595.0000
1624038934408000,1,0.00000001,1595.0000
1624039247549000,0,0.04000000,1597.5300
1624039247676000,1,0.05000000,1594.8500
1624039247676000,1,0.15000000,1594.1000
1624039402540000,0,1.60000000,1599.6500
1624039402540000,0,3.40000000,1599.7200
1624039639078000,1,5.55000000,1598.1900
1624039738577000,1,0.05000000,1596.3800
1624039749364000,1,1.70000000,1595.1400
1624039896679000,1,0.10000000,1592.6400
1624039896837000,1,1.01050000,1592.6400
1624039947283000,1,0.13373338,1590.0300
1624039947283000,1,0.00000001,1590.0300
1624039947283000,1,0.47143310,1589.9700
1624039947300000,1,1.25246811,1589.9700
1624039947306000,1,2.00274602,1589.9700
1624040098094000,1,0.13235262,1586.1900
1624040098094000,1,0.13224426,1586.1900
1624040098094000,1,0.00000001,1586.1900
1624040673708000,1,0.05000000,1580.8400
1624040852867000,1,0.01294122,1580.8400
1624040853315000,1,1.38000000,1580.2100
1624040855267000,1,0.00888502,1580.2100
1624040862923000,0,0.04999999,1579.0100
1624040862956000,0,0.00000001,1579.0100
1624040863014000,0,0.19406466,1579.1000
1624040863019000,0,0.34973627,1579.1000
1624040876210000,1,0.15709837,1580.9100
1624040876447000,1,1.45309244,1580.9100
1624040876511000,1,0.66384717,1580.9100
1624040876570000,1,0.19150898,1580.9100
1624040876591000,1,0.73934413,1580.9100
1624040877143000,1,0.35859614,1580.9100
1624040877180000,1,0.02000000,1580.9100
1624040877186000,1,0.42925052,1580.9100
1624040877191000,1,0.02430011,1580.9100
1624040939332000,1,0.01500000,1573.3700
1624040944256000,1,0.01583775,1570.9300
1624040947091000,1,0.92795091,1566.6600
1624040947163000,1,0.77863912,1566.6600
1624040947250000,1,0.99268741,1566.6600
1624040957075000,1,0.30000000,1560.0000
1624040957075000,1,0.05000000,1559.8000
1624040957075000,1,0.05000000,1559.2300
1624040962579000,0,0.05000000,1559.6500
1624040966147000,0,0.23000000,1558.9500
1624040971091000,0,1.14552751,1559.9600
1624040971097000,0,0.55447249,1559.9600
1624040974180000,0,0.54963583,1561.1800
1624040974208000,0,0.00000001,1561.1800
1624041006170000,0,1.37177315,1563.0300
1624041006170000,0,0.54862685,1563.0300
1624041303372000,0,0.31728463,1572.0900
1624041348045000,1,0.05000000,1563.9400
1624041462415000,1,5.52000000,1565.1000
1624041493292000,1,0.78892000,1564.6500
1624041493292000,1,0.85830067,1564.6500
1624041493294000,1,0.84169933,1564.6500
1624041493294000,1,0.04999999,1564.5600
1624041493295000,1,0.00000001,1564.5600
1624041509762000,0,0.54942097,1563.2800
1624041509762000,0,0.00000001,1563.2800
1624041653211000,1,0.05000000,1555.0500
1624041662572000,0,0.31514713,1556.6800
1624041662575000,0,0.23599884,1556.6800
1624041709513000,0,0.62913417,1560.8000
1624041709520000,0,0.05000000,1560.8000
1624041710343000,0,0.05000000,1560.8000
1624041710540000,0,0.30878597,1560.8000
1624041710608000,0,0.56365320,1560.8000
1624041710694000,0,0.03948631,1560.8000
1624041710703000,0,0.50658317,1560.8000
1624041710760000,0,0.55887955,1560.8000
1624041710947000,0,0.08078037,1560.8000
1624041711024000,0,0.36544387,1560.8000
1624041711164000,0,0.42581640,1560.8000
1624041803782000,1,0.05000000,1564.0900
1624041803782000,1,0.05000000,1563.8700
1624041803782000,1,0.93877272,1563.3100
1624042188004000,0,0.03204693,1563.0200
1624042189138000,1,0.16297052,1561.7200
1624042296686000,1,0.15567547,1561.9300
1624042296686000,1,0.15559400,1561.9200
1624042296917000,1,0.20371899,1561.9300
1624042296969000,1,0.18545149,1561.9300
1624042299778000,0,0.04999999,1561.8800
1624042312858000,0,0.00000001,1561.8800
1624042325319000,1,0.14770379,1562.3000
1624042325319000,1,0.36925985,1561.8800
1624042330522000,1,1.24984421,1561.8300
1624042330522000,1,0.10689356,1561.8300
1624042330522000,1,0.34326223,1561.8300
1624042330694000,1,0.14784621,1561.1400
1624042349008000,1,0.05000000,1557.5400
1624042350706000,0,0.15498850,1560.3500
1624042355248000,1,0.05000000,1557.9900
1624042355248000,1,0.05000000,1557.6000
1624042355248000,1,0.12887210,1557.3000
1624042355248000,1,0.32235434,1557.3000
1624042355248000,1,0.05000000,1557.2700
1624042355248000,1,6.40000000,1557.2000
1624042355324000,0,16.29900000,1557.0600
1624042355333000,0,19.73298152,1557.0600
1624042370594000,1,4.29680000,1558.6000
1624042415306000,1,0.12006723,1554.7900
1624042415306000,1,0.78042778,1554.7900
1624042415306000,1,0.04938171,1554.7900
1624042415307000,1,0.25080783,1554.7900
1624042435109000,1,0.05000000,1551.3300
1624042435437000,1,0.05675086,1551.3300
1624042435437000,1,0.10675086,1551.3300
1624042436071000,1,0.25000000,1550.7100
1624042436286000,1,0.05000000,1550.2300
1624042437347000,1,0.01500325,1550.2300
1624042437347000,1,0.03209676,1550.0000
1624042437349000,1,0.00000001,1550.0000
1624042535819000,1,0.05000000,1553.1000
1624042545843000,1,0.10099166,1551.8200
1624042545873000,1,0.00000001,1551.8200
1624042575935000,0,0.02325341,1552.0300
1624042804159000,1,0.05000000,1556.0800
1624042839453000,1,0.15000000,1559.6000
1624042849026000,1,0.00220944,1559.6000
1624042849619000,0,0.04779056,1559.5500
1624042849619000,0,0.14406861,1559.8000
1624042890276000,1,0.05000000,1559.4900
1624042890276000,1,1.70000000,1559.1500
1624042890276000,1,0.05000000,1559.0800
1624042890276000,1,0.05000000,1559.0300
1624042890503000,0,0.05000000,1559.0000
1624042890526000,0,8.10000000,1559.0000
1624043091586000,1,0.05000000,1564.4700
1624043098404000,1,0.08000000,1564.4700
1624043153305000,0,0.06748099,1564.5400
1624043157786000,0,0.00000001,1564.5400
1624043204724000,0,0.03014626,1567.6900
1624043587950000,0,0.04999999,1560.2000
1624043587951000,0,0.00000001,1560.2000
1624043587992000,0,0.24000000,1560.9600
1624043587992000,0,1.39714258,1560.9800
1624043612020000,1,0.05000000,1563.5100
1624043624065000,1,1.70000000,1562.9800
1624043641619000,1,0.14621600,1560.2800
1624043641619000,1,0.14621600,1560.2100
1624043705939000,1,1.43219506,1563.5700
1624043706064000,1,0.55004763,1563.5700
1624043760514000,0,0.05000000,1568.3200
1624043760604000,0,0.05000000,1568.5700
1624043760604000,0,0.44000000,1568.6900
1624043813582000,0,0.05000000,1573.2800
1624043813582000,0,0.13055000,1573.2800
1624043835261000,1,0.05000000,1571.6300
1624043835261000,1,0.05000000,1571.1100
1624043871212000,0,0.04999999,1569.7500
1624043871236000,0,0.00000001,1569.7500
1624043871281000,0,0.05000000,1570.0900
1624043871281000,0,0.13882300,1570.1100
1624043871281000,0,0.05000000,1570.2100
1624043889615000,1,0.04999999,1569.8500
1624043904134000,1,0.05000000,1566.8500
1624043915187000,1,0.05000000,1567.2000
1624043918729000,1,0.05000000,1567.2000
1624043918909000,1,0.05000000,1566.8500
1624043940639000,1,5.71000000,1567.4400
1624044124888000,1,1.64263288,1559.9500
1624044124889000,1,0.05736712,1559.9500
1624044124889000,1,0.05000000,1559.8600
1624044124889000,1,1.53526575,1559.6100
1624044124890000,1,0.16473425,1559.6100
1624044124890000,1,0.05000000,1559.5300
1624044124890000,1,0.13658454,1559.3400
1624044124890000,1,1.29131408,1559.3200
1624044295034000,1,0.13497874,1561.0200
1624044295034000,1,0.79127000,1561.0100
1624044295034000,1,0.13496230,1560.9900
1624044295034000,1,0.87749204,1560.6200
1624044295034000,1,3.26339692,1560.1300
1624044322444000,0,0.04999999,1560.9800
1624044322461000,0,0.00000001,1560.9800
1624044351244000,1,1.46760000,1560.8900
1624044351293000,1,0.28000000,1560.8900
1624044351874000,1,0.73723461,1560.8900
1624044351989000,1,0.05000000,1560.8900
1624044352720000,1,0.05000000,1560.8900
1624044352978000,1,0.83345970,1560.8900
1624044352979000,1,1.64157065,1560.8900
1624044491151000,1,0.05000000,1565.6100
1624044491151000,1,0.03784983,1565.0500
1624044718061000,0,0.05000000,1568.1500
1624044718061000,0,0.05000000,1568.5100
1624045410134000,1,0.09551125,1566.1500
1624045410134000,1,1.54280870,1566.1400
1624045410137000,1,0.15719130,1566.1400
1624045410137000,1,0.05000000,1566.1300
1624045553522000,1,0.09446159,1565.7700
1624045553522000,1,0.05000000,1565.7500
1624045553522000,1,1.55543841,1565.6500
1624045588650000,1,1.03375103,1563.6800
1624045641128000,0,0.04999999,1561.6800
1624045641128000,0,0.00000001,1561.6800
1624045987307000,1,1.03380000,1565.1800
1624046450109000,0,0.05000000,1562.6100
1624046450109000,0,0.45000000,1562.8700
1624046624256000,0,0.54612809,1573.5800
1624046624256000,0,0.54628028,1573.5800
1624046634676000,1,0.05000000,1573.3800
1624046634676000,1,0.05000000,1573.0700
1624046634676000,1,0.04999999,1572.7400
1624046635767000,0,0.05000000,1575.0100
1624046635767000,0,0.25000000,1575.0100
1624046649736000,1,2.77000000,1576.5400
1624046711405000,0,0.05000000,1578.6000
1624046711405000,0,0.05000000,1579.2400
1624046711405000,0,0.10000000,1579.2500
1624046918253000,0,0.28000000,1580.7300
1624047773742000,1,0.05000000,1599.8300
1624047859781000,0,0.05000000,1601.7400
1624047859781000,0,0.05000000,1602.0400
1624047859781000,0,0.20000000,1602.5400
1624048743750000,0,0.05000000,1584.4900
1624048871496000,1,0.05000000,1587.2100
1624048884988000,1,1.23000000,1586.7500
1624049419814000,0,0.12600901,1583.2200
1624049661422000,1,0.05000000,1586.6200
1624049898218000,1,1.70000000,1588.5800
1624049926091000,1,1.70000000,1589.2400
1624049926091000,1,0.77844000,1589.1700
1624049926091000,1,1.70000000,1589.1600
1624049926091000,1,0.05000000,1589.0800
1624049928705000,1,0.05000000,1589.4300
1624049929404000,0,0.05000000,1590.8100
1624049929404000,0,0.05000000,1591.1400
1624049929404000,0,0.60000000,1591.3300
1624049929404000,0,0.42198808,1591.4300
1624049934023000,1,0.05000000,1589.1200
1624050141293000,1,0.16000000,1589.1800
1624050229140000,0,0.26245652,1590.9100
1624050374655000,1,0.15676179,1600.9600
1624050741675000,0,0.52837285,1593.2500
1624050783758000,0,1.41500258,1593.2500
1624050787730000,0,0.21489873,1593.2500
1624050790726000,0,0.05372468,1593.2500
1624050796281000,0,0.05000000,1592.6500
1624050796790000,0,0.05000000,1592.5500
1624050973924000,1,0.07000000,1592.5600
1624050973995000,1,0.28000000,1592.5600
1624051149782000,0,0.05000000,1595.0900
1624051149782000,0,0.05000000,1595.4600
1624051885196000,0,0.10000000,1603.4800
1624052102856000,0,0.05000000,1600.7700
1624052112846000,0,1.55229066,1604.3000
1624052252019000,0,0.65267246,1601.6300
1624052252509000,0,0.65267246,1601.6300
1624052252979000,0,0.65267246,1601.6300
1624052253483000,0,0.13460842,1601.6300
1624052582265000,1,0.02877851,1603.6200
1624052582412000,1,0.01484252,1603.6200
1624052719503000,1,0.01625655,1605.7100
1624052719509000,1,0.00000001,1605.7100
1624052719824000,1,0.05000000,1605.6200
1624052795270000,0,0.53556473,1604.5800
1624052795336000,0,0.00000001,1604.5800
1624053042816000,1,0.34000000,1603.4200
1624053177454000,1,5.23000000,1600.4000
1624053267645000,0,0.28000000,1605.1100
1624053331582000,1,0.03200718,1605.2600
1624053426341000,0,0.03925434,1608.0400
1624053433833000,0,0.05000000,1608.0400
1624053442531000,1,0.02786305,1607.9600
1624053442557000,1,0.00000001,1607.9600
1624053447828000,0,0.05000000,1609.9000
1624053447828000,0,0.05000000,1610.0200
1624053472866000,1,0.02755417,1608.0500
1624053517602000,1,0.20000000,1608.5000
1624053559513000,0,0.04513135,1609.9900
1624053576725000,1,0.02671902,1608.8200
1624053582028000,0,0.03785650,1609.9900
1624053582311000,0,0.05000000,1609.9900
1624053592877000,0,0.59999999,1613.7200
1624053592877000,0,0.00000001,1613.7200
1624053592877000,0,0.20000000,1613.8100
1624053592877000,0,0.44000000,1613.8200
1624053592877000,0,0.05000000,1614.2200
1624053592877000,0,0.91193775,1614.3200
1624053592878000,0,1.60193776,1614.3200
1624053596235000,1,0.02593409,1611.9600
1624053596235000,1,0.04999999,1611.9500
1624053596236000,1,0.00000001,1611.9500
1624053596260000,1,0.06483202,1611.7300
1624053596260000,1,0.05000000,1611.7200
1624053596433000,1,0.02593409,1611.7300
1624053596433000,1,0.07062761,1611.1500
1624053597902000,1,0.02593409,1611.1500
1624053598972000,1,0.02593408,1610.7500
1624053602429000,1,0.05743966,1610.7300
1624053602429000,1,0.04999999,1610.7200
1624053602460000,1,0.00000001,1610.7200
1624053608371000,1,0.02235044,1609.6600
1624053608420000,1,0.00000001,1609.6600
1624053655731000,1,0.02242164,1607.5100
1624053655731000,1,0.09999999,1607.5000
1624053655734000,1,0.00000001,1607.5000
1624053684247000,0,0.05000000,1608.4200
1624053791086000,1,0.02160290,1607.1500
1624053832638000,1,0.02136162,1606.8000
1624053832638000,1,0.05340405,1606.8000
1624053832657000,1,0.00000001,1606.8000
1624053868607000,1,0.02087888,1608.2600
1624053868607000,1,0.05221535,1608.2600
1624053896768000,1,0.02089082,1607.3500
1624053896768000,1,0.05018586,1607.3200
1624053896773000,1,0.00000001,1607.3200
1624053896773000,1,0.07825659,1607.2000
1624053896787000,1,0.05221369,1607.2000
1624053944662000,1,0.01747963,1604.1400
1624053955218000,1,0.01746928,1604.1000
1624053955225000,1,0.00000001,1604.1000
1624053956818000,1,0.01747167,1603.2800
1624053973061000,0,0.05000000,1605.5300
1624053979117000,1,0.01708028,1603.4000
1624053999541000,1,0.01632527,1603.5300
1624054046362000,1,0.01613649,1603.7400
1624054046369000,1,0.00000001,1603.7400
1624054067740000,1,0.01596559,1603.4600
1624054250844000,1,0.01579629,1602.5100
1624054250844000,1,0.09832587,1602.5000
1624054250849000,1,0.00167413,1602.5000
1624054306757000,1,0.09999999,1600.0000
1624054306759000,1,0.00000001,1600.0000
1624054369486000,1,0.70000000,1602.2600
1624054369486000,1,0.01561878,1602.2500
1624054375431000,0,0.05000000,1603.0300
1624054385074000,1,0.01544044,1602.6700
1624054385074000,1,0.05000000,1602.6600
1624054386356000,1,0.03860109,1601.9200
1624054565750000,0,0.02691792,1605.6700
1624054569288000,0,0.16991116,1606.3300
1624054581060000,1,0.01394112,1604.1800
1624054581060000,1,0.03485620,1604.0300
1624054581060000,1,0.09062499,1604.0200
1624054623094000,1,0.03095331,1603.0000
1624054623094000,1,0.02750862,1602.9800
1624054623376000,1,0.16984402,1602.9800
1624054623378000,1,0.08174484,1602.9800
1624054623381000,1,0.32090252,1602.9800
1624054710501000,1,0.03003312,1604.7600
1624054710501000,1,0.07812500,1604.7600
1624054710521000,1,0.00000001,1604.7600
1624054748061000,1,0.02699833,1604.7600
1624054748061000,1,0.07019302,1604.7600
1624054748323000,1,0.00000001,1604.7600
1624054816507000,1,0.02428658,1602.9600
1624055069886000,1,0.02298246,1600.3800
1624055069930000,1,0.00000001,1600.3800
1624055523140000,1,0.02241014,1595.9000
1624055523140000,1,0.67546265,1595.8900
1624055523142000,1,0.09896735,1595.8900
1624055523142000,1,0.02240790,1595.8800
1624055941642000,1,0.01562369,1599.6900
1624055953594000,1,0.01563502,1598.9800
1624055963292000,1,0.01500000,1598.3100
1624056237789000,1,0.01433594,1599.5900
1624056814596000,1,0.02562749,1599.9500
1624056893980000,1,0.02372617,1601.7700
1624056894013000,1,0.00000001,1601.7700
1624056900557000,1,0.02199855,1601.0500
1624056900561000,1,0.00000001,1601.0500
1624056919194000,1,0.02038775,1601.2400
1624056919200000,1,0.00000001,1601.2400
1624057536846000,1,5.36780000,1598.5100
1624057637602000,1,0.26500000,1598.5100
1624057637886000,1,0.05000000,1598.5100
1624057638090000,1,1.01720037,1598.5100
1624057638109000,1,0.16779963,1598.5100
1624057638289000,1,0.13000000,1598.5000
1624058002223000,1,0.04999999,1600.4500
1624058002236000,1,0.00000001,1600.4500
1624058874583000,0,0.05000000,1606.6400
1624058875104000,0,0.04999999,1607.0100
1624058875119000,0,0.00000001,1607.0100
1624058875383000,0,0.04999999,1607.3600
1624058875426000,0,0.00000001,1607.3600
1624058875579000,0,0.05000000,1607.7000
1624059126922000,0,0.18000000,1613.5300
1624059127832000,1,0.04999999,1613.7000
1624059127841000,1,0.00000001,1613.7000
1624059232957000,1,0.05000000,1617.0300
1624059278668000,0,0.05000000,1619.6500
1624059688202000,0,0.02893587,1621.2200
1624059983956000,0,0.05000000,1618.6900
1624059983956000,0,0.25271514,1618.8800
1624060619484000,0,0.04999999,1611.2600
1624060619512000,0,0.00000001,1611.2600
1624060804950000,1,0.04999999,1618.9100
1624060804953000,1,0.00000001,1618.9100
1624060805347000,1,0.06438561,1618.5200
1624060805347000,1,0.02476370,1618.5200
1624060805347000,1,0.04999999,1618.5100
1624060816622000,1,0.25900438,1616.4700
1624060821541000,1,0.60000000,1615.6600
1624060877681000,1,0.01487952,1617.9400
1624060877681000,1,0.03719925,1617.3800
1624060877681000,1,0.04480035,1617.3800
1624060877968000,1,0.05191411,1617.3800
1624060878029000,1,0.00000001,1617.3800
1624060881199000,1,0.01321061,1616.7200
1624060881738000,1,0.01321567,1616.4500
1624060881738000,1,0.03303917,1616.4500
1624060886558000,1,0.04999999,1615.8500
1624060886558000,1,0.00000001,1615.8500
1624060888365000,1,0.03045134,1615.2400
1624061727866000,1,5.49000000,1629.5400
1624062221601000,0,0.05696944,1626.0200
1624064380528000,0,0.47000000,1624.3000
1624064544711000,1,0.11245466,1627.3100
1624064544715000,1,0.00000001,1627.3100
1624065632837000,1,0.28000000,1630.9300
1624067099971000,0,0.05000000,1624.1900
1624069008774000,1,0.13165996,1624.1200
1624069009303000,1,1.34229829,1624.1200
1624069009303000,1,0.73269062,1624.1200
1624069481302000,0,0.05000000,1617.1100
1624069481302000,0,0.01287589,1617.7500
1624070001371000,1,0.58637326,1611.0600
1624070001378000,1,0.13253780,1611.0600
1624070001380000,1,0.98108894,1611.0600
1624070001396000,1,0.03950024,1611.0700
1624070004413000,1,0.05000000,1607.6900
1624070042580000,1,1.43430000,1607.6900
1624070093201000,1,5.47000000,1607.6900
1624070101450000,1,3.04000000,1607.6900
1624070106304000,1,0.00570000,1607.6900
1624070117049000,0,0.28000000,1606.8000
1624070797757000,1,1.70000000,1607.7900
1624070799126000,1,1.70000000,1607.7900
1624070802241000,1,0.05000000,1607.7100
1624070873783000,1,1.73000000,1605.0300
1624071184957000,1,1.41000000,1604.7100
1624071185008000,1,0.05748203,1604.7100
1624071661054000,1,0.03526455,1605.9800
1624071661054000,1,0.08473545,1605.9800
1624071818730000,1,0.05000000,1600.7600
1624072044069000,1,0.05000000,1597.2900
1624072044069000,1,0.45222393,1597.1400
1624072044070000,1,0.62008371,1597.1400
1624072467889000,1,0.27971776,1594.9400
1624072467892000,1,0.67116178,1594.9400
1624072649043000,1,0.05000000,1593.8200
1624072649048000,1,0.00576040,1593.8200
1624072680743000,1,0.05447064,1594.7600
1624072910164000,1,0.05000000,1593.2300
1624072910164000,1,0.05393390,1592.6700
1624072910164000,1,0.35057094,1592.4400
1624072910164000,1,0.05393390,1592.4400
1624072910164000,1,0.49156126,1592.4300
1624073015348000,1,0.04893777,1587.6000
1624073015348000,1,0.12234442,1587.6000
1624073015348000,1,0.71287334,1587.5900
1624073159712000,1,0.04730804,1589.1200
1624073159714000,1,0.00000001,1589.1200
1624073159714000,1,0.11917391,1589.0100
1624073159716000,1,0.34172854,1589.0100
1624073159737000,1,0.00886898,1589.0100
1624073191008000,1,0.40000000,1586.4200
1624073191055000,1,0.00760568,1586.4200
1624073192882000,1,0.04691057,1584.6300
1624073336459000,1,0.24000000,1582.0700
1624073337312000,1,0.00473174,1582.0700
1624073337312000,1,0.12578566,1581.0200
1624073337312000,1,0.05030346,1580.9900
1624073337614000,1,0.05032747,1581.0200
1624073338443000,1,0.05000000,1580.2500
1624073338443000,1,0.05030346,1579.7400
1624073338443000,1,0.05032747,1579.7400
1624073338443000,1,0.05000000,1579.7300
1624073338443000,1,0.11936907,1579.4300
1624073413825000,0,0.54323534,1579.2900
1624073498062000,1,3.06260000,1586.9700
1624073777453000,1,0.06000000,1590.6800
1624073889311000,1,0.16000000,1586.2400
1624073889443000,1,0.00346173,1586.2400
1624074161415000,0,5.15000000,1585.0900
1624074270506000,1,0.07087544,1581.3300
1624074270506000,1,4.66912456,1581.3200
1624074281617000,1,0.07000000,1580.0100
1624074301428000,0,1.70000000,1582.6200
1624074301635000,0,0.75124853,1582.7700
1624074302540000,0,0.05000000,1582.7700
1624074302588000,0,0.27426989,1582.7700
1624074302801000,0,0.59644430,1582.7700
1624074303001000,0,0.02803727,1582.7700
1624074303002000,0,0.00000001,1582.7700
1624074857859000,1,0.04721119,1582.0300
1624075183229000,0,3.39980000,1587.2900
1624075263752000,0,0.04999999,1593.8100
1624075263752000,0,0.00000001,1593.8100
1624075290099000,1,5.55000000,1591.9600
1624075486632000,1,0.05686803,1586.1500
1624075486633000,1,0.00000001,1586.1500
1624075548465000,1,0.05569342,1583.4100
1624075548465000,1,0.13430658,1583.4000
1624075548475000,1,0.00490062,1583.4000
1624075548475000,1,0.36198979,1583.2300
1624075742579000,1,0.02697282,1586.8800
1624075743707000,1,0.41844668,1586.8800
1624075787445000,1,0.04926213,1588.2700
1624075939757000,0,5.10000000,1585.5500
1624076104683000,1,5.57000000,1584.6400
1624076956933000,0,5.27000000,1593.9000
1624077134956000,1,0.05000000,1603.4000
1624077250768000,1,5.18000000,1599.8200
1624077394265000,1,0.05463501,1593.0000
1624077394303000,1,0.00000001,1593.0000
1624077431661000,1,0.05342712,1592.1000
1624077431661000,1,0.13355105,1592.1000
1624077431661000,1,0.05342711,1592.0900
1624077431670000,1,0.00000001,1592.0900
1624077514862000,1,0.05076814,1590.8800
1624077514862000,1,0.12690103,1590.8800
1624077520976000,1,0.05078535,1590.1700
1624077520977000,1,0.00000001,1590.1700
1624077620270000,0,5.16000000,1594.7600
1624077831108000,1,0.14000000,1593.1400
1624078420645000,1,0.05000000,1591.1100
1624078551917000,1,5.52000000,1592.8800
1624078607640000,0,0.02795396,1593.5600
1624078952938000,0,0.05000000,1598.4800
1624079438075000,1,0.05000000,1600.1200
1624079950970000,0,0.06855522,1604.0800
1624080359165000,1,0.13000000,1611.8800
1624080373196000,1,0.13874671,1611.8900
1624080373196000,1,1.69125329,1611.8800
1624080389159000,1,0.11000000,1610.5100
1624080959015000,1,0.04622372,1621.1200
1624080959017000,1,0.00000001,1621.1200
1624081223251000,0,0.03306971,1621.5200
1624081228252000,0,0.15848191,1621.5200
1624081230769000,0,0.06056791,1621.5200
1624081467038000,0,0.03583953,1616.6300
1624081492496000,1,0.04160570,1617.1700
1624081492538000,1,0.00000001,1617.1700
1624081523836000,0,0.05000000,1618.3000
1624081524980000,0,0.05000000,1618.3000
1624081528301000,0,0.19762992,1618.3000
1624081528425000,0,0.07730143,1618.3000
1624081528468000,0,0.03692869,1618.3000
1624081528530000,0,0.06989850,1618.3000
1624081528818000,0,0.61460293,1618.3000
1624081528835000,0,0.10363853,1618.3000
1624081546655000,1,0.04107932,1618.3600
1624081546655000,1,0.10269829,1618.3600
1624081546658000,1,0.00000001,1618.3600
1624081586777000,1,0.03950715,1617.1600
1624081586777000,1,0.09875933,1617.1600
1624081616716000,0,1.80000000,1617.6200
1624081832366000,0,0.05000000,1613.7900
1624081922630000,0,5.04000000,1614.5300
1624081945348000,1,0.03804134,1612.9700
1624081945348000,1,0.09515639,1612.8200
1624081945348000,1,1.55800227,1612.8100
1624081964327000,0,0.05000000,1613.7700
1624082340419000,0,0.21325393,1617.1900
1624082340436000,0,1.48674607,1617.1900
1624082341034000,0,0.18186077,1617.6800
1624082603062000,0,0.43999999,1625.1500
1624082603118000,0,0.00000001,1625.1500
1624082653588000,1,0.94000000,1624.4700
1624082797165000,1,1.70000000,1627.7100
1624082950671000,1,0.05321933,1627.2700
1624082978553000,0,0.05000000,1628.6200
1624082978553000,0,0.25000000,1628.9800
1624083065519000,0,0.20000000,1629.5700
1624083647022000,0,1.47245034,1624.3400
1624083783584000,1,0.15000000,1623.8000
1624084101050000,1,0.15000000,1622.9000
1624084313830000,1,0.05000000,1624.1300
1624084434761000,1,0.06053960,1622.2900
1624084434761000,1,0.04875583,1622.2800
1624084434761000,1,0.15134899,1621.9600
1624084434761000,1,0.60000000,1621.9500
1624084434761000,1,0.05000000,1621.8300
1624084434761000,1,0.39345712,1621.4700
1624084434761000,1,0.05000000,1621.4600
1624084434761000,1,0.11834880,1621.2100
1624084499849000,1,0.04400000,1621.6500
1624084560488000,0,1.70000000,1621.6200
1624084673376000,0,0.05000000,1621.1100
1624084792092000,1,0.05000000,1620.5500
1624084938772000,0,0.05000000,1625.2200
1624084939565000,0,0.03000000,1625.8000
1624084939844000,0,0.02000000,1625.8000
1624084939844000,0,0.02000000,1625.9600
1624084993220000,1,0.03000000,1624.5100
1624085324330000,1,0.03000000,1621.8300
1624085395087000,0,0.05000000,1620.2700
1624085395087000,0,0.24241553,1620.5500
1624085428190000,1,0.07000000,1616.5600
1624085428295000,1,0.00575179,1616.5600
1624085428380000,1,0.18900000,1616.1400
1624085544323000,1,0.02890861,1613.5900
1624085544568000,1,0.05000000,1613.1800
1624085544758000,1,0.02202133,1613.1800
1624085544758000,1,0.18005333,1613.0700
1624085544758000,1,0.46810090,1612.4800
1624085818084000,1,2.38000000,1618.1800
1624085862857000,0,1.43400000,1618.6700
1624085947796000,1,0.05000000,1623.2400
1624086064159000,1,1.70000000,1625.5100
1624086083088000,1,3.50000000,1624.0700
1624086328440000,1,0.06654090,1617.8200
1624086403382000,0,0.83000000,1617.9000
1624086425214000,0,2.99000000,1617.9000
1624086538762000,1,0.06000000,1616.1600
1624086862407000,1,0.05626584,1613.4900
1624086862419000,1,0.00000001,1613.4900
1624086891126000,0,1.70000000,1612.6400
1624087165624000,0,0.23300000,1610.1300
1624087433111000,1,0.02422621,1606.0600
1624088349916000,0,0.52893160,1622.6600
1624088349916000,0,0.51611788,1622.6600
1624088903238000,1,0.05000000,1626.1900
1624088903238000,1,1.70000000,1625.8400
1624088903238000,1,0.30000000,1625.8200
1624088903238000,1,0.05000000,1625.7600
1624088903238000,1,3.83721555,1625.5200
1624089048566000,0,0.98850320,1627.4100
1624089058739000,0,0.10000000,1627.8500
1624089719405000,1,0.10000000,1623.0000
1624089721916000,0,0.21427232,1624.6700
1624089721963000,0,0.04646843,1624.6700
1624089768959000,1,0.01892605,1623.7700
1624089768992000,1,0.00000001,1623.7700
1624089812073000,0,0.05000000,1623.2500
1624089812073000,0,0.94551773,1623.5100
1624089981225000,0,0.01523542,1632.3800
1624090013139000,0,0.05000000,1631.6000
1624090014166000,1,0.05000000,1629.4400
1624090037187000,0,0.02000000,1627.9800
1624090057756000,1,0.05000000,1625.0900
1624090307121000,1,0.09999999,1620.2000
1624090307130000,1,0.00000001,1620.2000
1624090730568000,0,0.44000000,1622.4200
1624091265553000,0,0.05000000,1622.6300
1624091274387000,1,0.95000000,1622.6300
1624091477175000,0,0.59689079,1630.7000
1624091477225000,0,0.00310921,1630.7000
1624091521806000,1,0.05000000,1630.3900
1624091613441000,0,0.05000000,1635.3600
1624091613810000,0,0.31871039,1635.3600
1624091613811000,0,0.12084696,1635.3600
1624093189885000,0,0.05784870,1632.9100
1624093192402000,1,0.13000000,1631.2500
1624094164248000,1,0.13000000,1626.0500
1624094164485000,1,0.00001159,1626.0500
1624094165368000,1,0.15000000,1625.3000
1624094165546000,1,0.00473721,1625.3000
1624094181030000,0,0.05000000,1626.8600
1624094200002000,0,0.22665063,1627.7700
1624094214850000,1,0.12537050,1626.9500
1624094215383000,1,0.12537049,1626.3400
1624094215395000,1,0.12537049,1626.3400
1624094392711000,0,5.10875273,1625.0500
1624095534640000,1,0.08620564,1626.8200
1624095737308000,1,3.90000000,1628.2100
1624095754358000,0,0.01526937,1628.7500
1624096127876000,1,0.10000000,1618.2000
1624096169425000,0,0.20000000,1618.0300
1624096169425000,0,0.05000000,1618.0400
1624096169425000,0,0.36646585,1618.4100
1624096193132000,1,0.05000000,1615.8100
1624096198314000,1,0.33159407,1615.0000
1624096198314000,1,1.90045798,1615.0000
1624096198462000,1,0.05000000,1615.0000
1624096199112000,1,10.11000000,1615.0000
1624096218769000,1,0.00794795,1615.0000
1624096218769000,1,0.04205205,1614.6900
1624096636218000,1,0.07562341,1613.4800
1624096636218000,1,0.12437659,1613.4700
1624096636551000,1,0.00186070,1613.4700
1624096698177000,1,0.07000000,1614.3300
1624097165174000,1,1.70000000,1616.4500
1624097446625000,1,0.20000000,1615.0000
1624097643295000,1,0.07289562,1615.5800
1624097643745000,1,1.32380000,1615.1400
1624097769248000,1,0.07150319,1610.0700
1624097769248000,1,0.05000000,1609.8800
1624097769248000,1,0.07849681,1609.8000
1624097959751000,1,0.10000000,1610.7900
1624098047311000,1,0.09000000,1609.6700
1624098148340000,0,0.10000000,1613.2900
1624098702234000,1,0.05000000,1622.5000
1624098710285000,1,5.30000000,1621.6900
1624098714788000,1,0.05000000,1621.4000
1624099113290000,1,1.30000000,1615.6100
1624099113290000,1,0.08882804,1615.5200
1624099113290000,1,0.21399994,1615.4800
1624099113292000,1,0.00801797,1615.4800
1624099113292000,1,0.08882255,1614.8900
1624099113292000,1,0.05000000,1614.4100
1624099113613000,1,0.08800000,1615.6200
1624099205242000,0,0.08800000,1617.0800
1624099938093000,1,0.08251702,1615.3300
1624100212506000,1,0.07000000,1611.5000
1624100212508000,1,0.00307238,1611.5000
1624100502071000,0,0.05000000,1616.5200
1624100502071000,0,0.07309897,1616.6300
1624100514028000,1,0.32000000,1615.4200
1624101008340000,0,0.06079295,1616.6400
1624103735075000,0,1.70000000,1624.8900
1624103735075000,0,0.05000000,1624.9700
1624103735075000,0,0.60000000,1625.1500
1624103735075000,0,0.71156345,1625.2500
1624104006753000,1,0.03699414,1625.8300
1624104006756000,1,0.01300586,1625.8300
1624104006756000,1,0.05000000,1625.4300
1624104006879000,1,0.04999999,1625.0800
1624104007263000,1,0.15066904,1624.6400
1624104007263000,1,0.00000001,1624.6400
1624104007263000,1,0.05000000,1624.6100
1624104007680000,1,0.15068944,1624.3700
1624104007680000,1,0.27427881,1624.2700
1624104007883000,1,0.15064496,1623.2700
1624104007883000,1,0.44000000,1622.5000
1624104032737000,1,0.05000000,1622.3800
1624104033385000,1,0.28000000,1622.3800
1624104033803000,1,0.05000000,1622.3800
1624104034809000,1,0.05000000,1622.3800
1624104041710000,1,0.05000000,1622.3800
1624104042137000,1,2.12000000,1622.3800
1624104070117000,1,0.00149286,1622.3800
1624104070117000,1,0.02850714,1621.3700
1624104088364000,0,0.28000000,1619.9400
1624104409940000,1,0.05000000,1632.9000
1624104448273000,1,5.04000000,1633.5800
1624104463449000,0,0.05000000,1633.2100
1624104463449000,0,0.05000000,1633.5800
1624104463449000,0,0.60000000,1633.7200
1624104463449000,0,0.05000000,1634.4200
1624104463449000,0,0.52549356,1635.2200
1624104463449000,0,0.17970054,1635.2200
1624104527239000,1,0.04900000,1632.4500
1624104527683000,1,0.00100000,1632.4500
1624104548301000,1,0.05000000,1633.9200
1624104618220000,1,0.05000000,1634.9400
1624104751251000,0,2.15300000,1640.6400
1624104829937000,0,0.10000000,1641.4700
1624105606813000,0,0.05000000,1644.9400
1624105606813000,0,5.42527805,1644.9400
1624105680901000,1,0.05000000,1640.9000
1624105979846000,1,0.05000000,1634.2700
1624106043751000,1,0.05000000,1633.3300
1624106043751000,1,1.40519410,1633.1400
1624106276233000,0,0.05000000,1637.7300
1624106276233000,0,0.05000000,1638.0300
1624106457914000,1,0.10000000,1634.0000
1624106733816000,1,0.10000000,1630.5000
1624106740745000,1,5.49170021,1628.9500
1624106744998000,1,0.04900000,1628.2400
1624106791819000,1,0.04900000,1626.7400
1624106877110000,1,0.05000000,1625.5600
1624107054031000,1,0.10000000,1619.0000
1624107104332000,1,0.12956050,1616.0100
1624107125425000,0,5.32000000,1617.0300
1624107851057000,0,0.40000000,1613.0000
1624107905965000,0,0.10000000,1609.8700
1624108317499000,0,0.05000000,1619.8100
1624108317499000,0,1.54725167,1621.6900
1624108317501000,0,1.59725167,1621.6900
1624108317520000,0,1.59725167,1621.6900
1624108317523000,0,1.35824499,1621.6900
1624108317528000,0,1.59682862,1625.3500
1624108317945000,1,0.76107000,1623.9000
1624108460452000,1,0.10000000,1620.0000
1624108857352000,0,0.05000000,1621.3700
1624108857352000,0,0.60000000,1621.5600
1624108857352000,0,1.98140965,1621.6600
1624108903576000,1,0.09000000,1622.1000
1624108928890000,1,0.31728463,1620.3200
1624109391811000,1,0.09500000,1623.7000
1624109537363000,1,0.08500000,1623.3300
1624109927596000,1,0.25837714,1618.7200
1624109927615000,1,0.00527300,1618.7200
1624110550953000,1,0.19505412,1617.3900
1624110575030000,1,0.00000001,1617.3900
1624110682581000,0,2.25864651,1617.3900
1624110682611000,0,3.15623356,1617.3900
1624110723450000,0,0.93979275,1617.5500
1624111436854000,1,5.22000000,1619.4000
1624111991205000,1,0.05000000,1618.0000
1624112272710000,0,1.57536778,1619.7500
1624112486867000,0,5.61000000,1623.4000
1624112578107000,1,0.05000000,1628.0900
1624112578107000,1,0.03844200,1627.9300
1624112580446000,1,0.07075300,1627.8200
1624112634538000,0,0.04808299,1627.7200
1624112641884000,0,0.00000001,1627.7200
1624113141653000,0,0.05000000,1629.4100
1624113291317000,0,0.43999999,1632.9800
1624113291322000,0,0.00000001,1632.9800
1624113532631000,0,0.04999999,1633.5100
1624113532652000,0,0.00000001,1633.5100
1624113600496000,1,2.18000000,1632.9000
1624113627502000,1,0.05000000,1630.7700
1624114114886000,1,0.04900000,1626.7400
1624114517654000,1,0.01297952,1628.8200
1624114525990000,0,0.60000000,1631.1400
1624114525990000,0,0.85110559,1631.2500
1624114563332000,0,0.01282789,1631.6000
1624114880734000,0,0.28000000,1637.1900
1624115191672000,1,1.25000000,1631.9000
1624115431094000,1,0.03200000,1630.0300
1624115575789000,1,1.66600000,1632.8200
1624115617503000,0,0.07601295,1636.3000
1624115641881000,1,0.74898012,1634.8200
1624116196282000,1,0.10000000,1632.4200
1624116370529000,0,1.25210031,1631.6700
1624116374904000,0,0.15199931,1631.6700
1624116377424000,0,0.29590038,1631.6700
1624116381004000,0,0.30472702,1631.7800
1624116386933000,0,0.05000000,1631.8600
1624116617692000,0,0.60000000,1627.0700
1624116617692000,0,0.40000000,1627.1700
1624116954458000,1,0.10000000,1623.2300
1624116955033000,1,0.00148534,1623.2300
1624116956874000,0,0.04000000,1623.1300
1624117071746000,1,0.08000000,1620.7200
1624117071796000,1,0.00504165,1620.7200
1624117121400000,1,0.08000000,1619.9400
1624117124248000,1,0.05000000,1620.3900
1624117125942000,1,0.00956440,1619.9400
1624118251028000,1,0.50000000,1627.6100
1624118406959000,0,0.10944203,1630.8300
1624118406968000,0,0.27783408,1630.8300
1624118407197000,0,0.04630423,1630.8300
1624118407203000,0,0.09343761,1630.8300
1624118445376000,0,0.43803445,1626.6100
1624118445407000,0,0.32496807,1626.6100
1624118448654000,0,0.04594136,1628.3800
1624118472006000,1,0.05875596,1627.4200
1624118728471000,0,0.52849110,1625.6900
1624118728471000,0,0.05000000,1625.7000
1624118728471000,0,0.05000000,1626.0600
1624118728471000,0,0.07150890,1626.2500
1624118851533000,1,0.04900000,1622.4600
1624119135999000,0,0.05000000,1625.7300
1624119178334000,1,0.04900000,1624.4600
1624119178346000,1,0.00100000,1624.4600
1624119214057000,1,0.87000000,1621.9000
1624119220311000,1,0.18000000,1621.2700
1624119630545000,1,0.05000000,1614.6600
1624119735249000,0,0.05000000,1617.0000
1624120465905000,1,1.02214000,1622.1500
1624120570028000,1,0.14540260,1625.6300
1624120615659000,0,0.52795120,1627.8700
1624120615659000,0,0.51405759,1627.8800
1624120683799000,1,0.03008600,1625.7600
1624120736520000,1,0.05000000,1624.3500
1624120739304000,1,0.05000000,1624.2800
1624120741592000,1,0.04900000,1624.4300
1624120970492000,0,0.05000000,1621.3800
1624120970492000,0,0.60000000,1621.7200
1624120970492000,0,0.05000000,1621.8200
1624120970492000,0,0.96117279,1622.1100
1624121194828000,1,0.05000000,1621.5900
1624121194906000,1,0.05000000,1621.5900
1624121195004000,1,0.02688623,1621.5900
1624121195200000,1,0.24000000,1621.2400
1624121195584000,1,0.04301058,1621.2300
1624121443043000,1,0.05000000,1619.3900
1624121443043000,1,0.60000000,1618.9800
1624121443043000,1,0.80110559,1618.8800
1624121650723000,0,0.03170593,1627.1400
1624122330659000,1,0.23000000,1619.5000
1624122330774000,1,0.20604819,1619.5000
1624123111018000,1,1.07996000,1619.5100
1624123222775000,1,0.20018797,1618.6800
1624123394307000,0,0.02532444,1620.2000
1624123544589000,0,0.05000000,1621.2700
1624123544660000,1,0.05000000,1621.2700
1624123819543000,1,0.09999999,1619.6000
1624123819544000,1,0.00000001,1619.6000
1624124098103000,1,0.02043171,1620.1900
1624124098103000,1,0.05000000,1620.1000
1624124098103000,1,0.67647529,1619.7600
1624124098130000,1,0.74691580,1619.7600
1624124098159000,1,0.74691580,1619.7600
1624124100328000,1,0.05000000,1620.2200
1624124100328000,1,0.04800000,1620.0600
1624124185534000,1,0.04900000,1617.1000
1624124187019000,1,0.09441320,1616.6200
1624124187047000,1,0.09441320,1616.6200
1624125614514000,1,0.43999999,1608.2900
1624125614514000,1,0.00000001,1608.2900
1624125614519000,1,0.14283507,1608.2800
1624125614640000,1,0.35753164,1608.0300
1624125632620000,0,0.05000000,1608.0600
1624125632620000,0,1.35371926,1608.2100
1624125632637000,0,0.34628074,1608.2100
1624125727529000,1,0.13790324,1602.4000
1624125760725000,1,0.34124214,1600.3500
1624125760738000,1,0.00000001,1600.3500
1624125780271000,1,0.05000000,1597.1300
1624125795974000,1,1.70000000,1597.9700
1624125806252000,1,0.79999999,1594.5700
1624125806265000,1,0.00000001,1594.5700
1624125845539000,1,0.12420628,1593.4300
1624125845589000,1,0.00000001,1593.4300
1624125845764000,1,0.31058189,1593.0700
1624125845771000,1,0.00000001,1593.0700
1624125845783000,1,0.12420629,1593.0200
1624125851932000,1,0.09999999,1592.6100
1624126728048000,1,0.13072287,1593.7300
1624126728048000,1,0.12927713,1593.7200
1624126728054000,1,0.00144574,1593.7200
1624127282586000,1,0.05000000,1595.3000
1624127282586000,1,0.25000000,1595.1300
1624127403114000,1,0.05000000,1593.5000
1624127403469000,1,0.24999999,1593.5000
1624127403477000,1,0.00000001,1593.5000
1624127490336000,1,0.12852557,1587.9700
1624127498181000,0,0.28000000,1588.9200
1624127499596000,0,0.22000000,1588.9200
1624127522006000,1,0.12751589,1587.4100
1624127522006000,1,0.17248411,1587.0400
1624127608380000,1,0.20000000,1594.5600
1624127724923000,0,3.07000000,1594.4600
1624127724998000,0,0.09000000,1594.4600
1624127725044000,0,0.09000000,1594.4600
1624127725215000,0,0.36000000,1594.4600
1624127725216000,0,0.07000000,1594.4600
1624127725708000,0,0.17000000,1594.4600
1624127735653000,0,0.05000000,1595.7800
1624127739852000,1,0.05000000,1595.9700
1624127739924000,1,0.20000000,1595.9700
1624127871046000,1,0.12597538,1591.1800
1624127871046000,1,0.31493844,1590.8200
1624127882039000,0,0.01875070,1591.9400
1624127974490000,0,0.05000000,1593.4100
1624127974490000,0,0.95145825,1593.6900
1624128062330000,1,0.05000000,1590.7100
1624128062330000,1,0.60000000,1590.4400
1624128062330000,1,0.12106253,1590.3500
1624128062330000,1,0.05000000,1590.3200
1624128062330000,1,0.12106253,1589.9300
1624128062330000,1,0.01787494,1589.9200
1624128102330000,1,0.05000000,1595.9700
1624128102902000,1,0.05000000,1595.9700
1624128112339000,1,0.10000000,1596.1400
1624128320015000,0,0.20000000,1596.3100
1624128664064000,0,7.90000000,1602.2300
1624128799092000,1,0.04900000,1600.0300
1624128946255000,1,0.05000000,1599.4000
1624128978268000,1,1.07419814,1598.7700
1624128980185000,1,3.96128792,1598.7700
1624129596896000,0,0.05000000,1599.4000
1624129958749000,0,1.00015354,1598.7000
1624130126105000,0,5.58676744,1597.4900
1624130126105000,0,0.05000000,1597.5700
1624130126105000,0,0.04323256,1597.9100
1624130258587000,1,0.59000000,1598.6800
1624130260587000,1,0.87000000,1598.6800
1624130514312000,0,0.05000000,1608.0900
1624130514637000,0,8.15000000,1608.6600
1624130515109000,0,0.05000000,1608.6600
1624130578809000,1,3.38370479,1611.7000
1624130578809000,1,0.05000000,1611.1400
1624130578809000,1,5.39015028,1610.8400
1624130578809000,1,0.04614493,1610.7000
1624130611163000,1,1.70000000,1612.9100
1624130723652000,0,5.46000000,1612.5000
1624130802602000,1,5.42523436,1609.5800
1624130802602000,1,0.76785000,1609.5700
1624130802602000,1,0.60000000,1609.5600
1624130802602000,1,0.35822430,1609.4700
1624130802602000,1,0.05000000,1609.2900
1624130802602000,1,0.05000000,1608.8800
1624130802602000,1,1.17564353,1608.5700
1624130969557000,0,0.20000000,1611.1300
1624130969558000,0,2.32000000,1611.1300
1624130969594000,0,1.78752000,1611.1300
1624131007402000,1,2.50580000,1606.7500
1624131007788000,1,0.00003324,1606.7500
1624131040741000,0,0.05000000,1605.9500
1624131264217000,0,0.05000000,1603.1100
1624131753464000,1,0.11000000,1608.5300
1624131753576000,1,0.00224853,1608.5300
1624131753856000,1,0.17000000,1608.1900
1624131753948000,1,0.06000000,1608.1900
1624131995881000,1,0.27800000,1606.3100
1624131995955000,1,1.78292522,1606.3100
1624132177272000,0,0.03096813,1606.4900
1624132822938000,1,1.70000000,1610.0700
1624132856880000,1,1.19000000,1609.1100
1624132856881000,1,0.32000000,1609.1100
1624132856934000,1,0.34000000,1609.1100
1624132957134000,0,0.05000000,1615.0700
1624133737830000,1,0.40000000,1608.4200
1624133737831000,1,0.37000000,1608.4200
1624133737882000,1,0.04000000,1608.4200
1624133737916000,1,0.98906479,1608.4200
1624133948641000,1,1.41210000,1607.6100
1624133948737000,1,0.00009251,1607.6100
1624134391636000,0,0.90000000,1604.6500
1624134391636000,0,0.35531554,1604.6500
1624134403680000,0,0.90000000,1604.5500
1624134403680000,0,0.15504701,1604.5500
1624134435096000,1,0.13000000,1601.4200
1624134435189000,1,0.00056588,1601.4200
1624135697556000,0,0.05000000,1611.3300
1624135697556000,0,0.25871240,1611.6100
1624135918961000,1,1.70000000,1614.9400
1624136034587000,1,0.02528400,1615.1100
1624136052721000,1,0.05000000,1614.6500
1624136055604000,1,1.48000000,1614.2000
1624136066158000,0,0.05000000,1615.0900
1624136066158000,0,0.05102450,1615.4100
1624136158771000,1,0.05000000,1615.4000
1624136606573000,1,0.12000000,1614.9700
1624136606615000,1,0.00802652,1614.9700
1624136607156000,1,0.12657596,1614.7600
1624136735066000,0,0.05000000,1615.0800
1624136994622000,1,0.12000000,1613.9200
1624136994808000,1,0.00807817,1613.9200
1624137795877000,1,0.11796777,1612.9600
1624137795880000,1,0.00000001,1612.9600
1624138234857000,1,0.05000000,1612.9400
1624138287999000,1,0.05000000,1612.3900
1624138287999000,1,4.03660000,1612.2600
1624138300400000,1,0.03098466,1612.0300
1624138324749000,1,0.01863503,1612.0300
1624138450585000,1,0.05000000,1612.0400
1624138805709000,1,0.04900000,1610.9100
1624138994269000,1,1.61388904,1610.1000
1624138994275000,1,0.35261841,1610.1000
1624138994502000,1,1.18397917,1610.1000
1624138994508000,1,1.61380773,1610.1000
1624138994514000,1,0.07778555,1610.1000
1624138994553000,1,0.28195446,1610.1000
1624138994570000,1,1.06638956,1610.1000
1624138998273000,1,0.21563075,1608.7900
1624138998328000,1,0.05000000,1608.7900
1624138998983000,1,0.02378068,1608.7900
1624138999371000,1,0.06454654,1608.7900
1624139054187000,1,1.60000000,1604.2800
1624139054866000,1,3.63746244,1604.2800
1624139104586000,1,0.19874707,1606.9000
1624139751489000,1,0.17752789,1604.0800
1624140165278000,1,0.16878812,1594.9000
1624140313844000,1,1.45000000,1591.0000
1624140891952000,1,0.14726813,1588.9700
1624140906311000,1,0.11852240,1588.6900
1624140906422000,1,0.00241882,1588.6900
1624141000765000,1,0.10014688,1587.1900
1624141000790000,1,0.00204381,1587.1900
1624141437195000,1,0.08517929,1585.6800
1624141957115000,1,0.50000000,1584.2400
1624142035123000,0,0.14000000,1581.2900
1624142035393000,0,0.36000000,1581.2900
1624142045860000,0,1.65000000,1582.8800
1624142272422000,1,0.14828947,1581.8300
1624142272422000,1,0.15171053,1581.8100
1624142310284000,0,0.52000000,1583.5400
1624142314818000,0,2.55000000,1583.5400
1624142493097000,1,0.10000000,1582.5000
1624142562409000,1,0.10000000,1582.0000
1624142701127000,1,0.05000000,1581.3600
1624142701143000,1,0.04000000,1581.3600
1624142701567000,1,0.05502125,1581.3600
1624142701567000,1,0.14466260,1581.3600
1624142701591000,1,0.07188107,1581.3600
1624142701751000,1,0.14595009,1581.3600
1624142701753000,1,0.00000001,1581.3600
1624142705337000,1,0.05000000,1580.0000
1624142705571000,1,0.08600757,1580.0000
1624142705981000,1,0.06399243,1580.0000
1624142705981000,1,0.20467087,1580.0000
1624142707004000,1,0.00000001,1580.0000
1624142707004000,1,0.13949666,1578.7500
1624142707004000,1,0.34874166,1578.7500
1624142707004000,1,0.06628311,1578.7400
1624142708272000,1,0.34874166,1578.1900
1624142708272000,1,0.13949666,1578.1900
1624142787964000,1,0.05000000,1578.9000
1624142787964000,1,0.10648871,1578.6900
1624142787964000,1,0.04351129,1578.6900
1624143359272000,1,0.10000000,1581.9600
1624143361659000,1,1.92870000,1581.3300
1624143604257000,1,0.03915372,1578.2800
1624143608345000,1,0.00079906,1578.2800
1624143623318000,1,0.05000000,1575.0000
1624143623441000,1,0.05000000,1575.0000
1624143639406000,1,0.10328759,1573.2900
1624143639406000,1,0.25820948,1573.2900
1624143639406000,1,0.77550923,1573.1100
1624143639407000,1,0.92449077,1573.1100
1624143639407000,1,0.05000000,1573.0600
1624143791371000,0,0.14000000,1578.1700
1624143910099000,1,0.15000000,1580.0000
1624144034270000,1,0.09999999,1584.7700
1624144034341000,1,0.00000001,1584.7700
1624144281136000,1,1.69990000,1579.1400
1624144526152000,0,1.70000000,1582.6600
1624144526542000,0,0.05000000,1582.8000
1624144539470000,0,0.05000000,1588.0900
1624144593666000,1,1.66600000,1586.4700
1624144596547000,1,1.05961520,1586.3200
1624144846514000,0,0.05000000,1588.2400
1624144847610000,0,0.00053600,1588.2400
1624144847610000,0,0.60000000,1588.6200
1624144867204000,1,0.09800000,1589.7600
1624144874871000,1,0.00200000,1589.7600
1624144897836000,1,0.10000000,1589.0000
1624144901035000,1,0.10000000,1587.5000
1624145125376000,1,2.30000000,1586.1000
1624145420014000,1,0.15000000,1580.2600
1624145420094000,1,0.00233189,1580.2600
1624146349489000,1,0.59000000,1574.5000
1624146487920000,1,0.25000000,1569.2700
1624146499092000,0,1.71216854,1571.0900
1624146512053000,1,0.25000000,1570.4200
1624146539355000,0,0.25000000,1572.1600
1624146952822000,1,0.15000000,1579.0000
