timestamp ms,type,amount,price
1624147273467000,1,0.06902035,1569.7800
1624147273486000,1,0.00000001,1569.7800
1624147274095000,1,0.10125463,1569.1600
1624147274181000,1,0.07129627,1569.1600
1624147274181000,1,0.06631418,1569.0500
1624147274187000,1,0.10623672,1569.0500
1624147277349000,1,0.04445867,1566.4300
1624147282197000,1,0.06442894,1567.2200
1624147282199000,1,0.00000001,1567.2200
1624147286061000,1,0.06000000,1565.6100
1624147286165000,1,0.00254894,1565.6100
1624147319629000,1,0.05488823,1566.1700
1624147319639000,1,0.00000001,1566.1700
1624147422661000,1,0.04000000,1576.2000
1624147423318000,1,5.60525177,1575.5900
1624147439455000,0,0.04000000,1576.5700
1624147461576000,1,0.04871324,1577.4000
1624147461622000,1,0.00000001,1577.4000
1624147484041000,1,0.02078707,1576.6400
1624147484179000,1,0.02741513,1576.6400
1624147497139000,1,0.04734813,1574.6000
1624147575956000,1,0.03461651,1569.3800
1624147595729000,1,0.04000000,1566.9600
1624147597020000,1,0.00046744,1566.9600
1624147599483000,0,0.04900000,1566.9600
1624147664214000,0,0.02000000,1563.4400
1624147699626000,0,5.21000000,1567.3000
1624147703517000,1,0.03000000,1567.0300
1624147838971000,0,5.24000000,1569.8300
1624147839011000,0,0.05000000,1569.8300
1624147870161000,1,0.05000000,1570.0000
1624147931656000,1,5.43000000,1570.1300
1624148006765000,1,0.03000000,1568.5200
1624148006815000,1,0.00692968,1568.5200
1624148400560000,1,0.02525876,1565.4100
1624148731166000,0,0.05000000,1561.8400
1624148771725000,1,0.20073016,1561.1400
1624148816240000,1,0.01651974,1560.0500
1624148816240000,1,0.10000000,1560.0000
1624148883855000,1,0.05000000,1558.9700
1624149300363000,1,0.05000000,1564.1200
1624149504266000,0,0.06860299,1568.2600
1624149504271000,0,0.00000001,1568.2600
1624150145556000,1,0.05000000,1569.2700
1624150923134000,0,0.54443024,1577.3700
1624150923135000,0,0.00000001,1577.3700
1624150923677000,0,0.05000000,1577.8500
1624150936125000,1,0.04100000,1578.2700
1624150936655000,1,0.04100000,1578.3400
1624150940959000,1,0.02400000,1578.5100
1624150943389000,1,0.01900000,1578.5200
1624150944598000,1,0.02400000,1578.5200
1624150944619000,1,0.01600000,1578.5200
1624151009042000,1,0.06000000,1579.2700
1624151038688000,0,0.44000000,1582.5500
1624151039683000,0,0.05000000,1584.0300
1624152257072000,0,0.05000000,1584.0000
1624152290740000,0,0.44000000,1586.2500
1624153728626000,1,0.04900000,1582.6500
1624153912398000,1,0.10000000,1582.6100
1624154025437000,1,0.09000000,1581.9300
1624154025462000,1,0.00178171,1581.9300
1624154482561000,1,0.05000000,1581.2400
1624154482616000,1,0.07965254,1581.2400
1624154817608000,1,0.05808380,1579.0100
1624154891587000,1,0.10000000,1577.3800
1624154992848000,1,0.08000000,1576.8700
1624155012098000,0,0.07429700,1577.2800
1624155130175000,1,0.07000000,1576.6400
1624155183234000,1,0.05000000,1575.6900
1624155185239000,1,0.04000000,1575.2900
1624155314394000,0,0.02875208,1574.7500
1624155472047000,0,0.04169100,1571.9400
1624155623312000,0,0.08010000,1571.1100
1624156470453000,1,4.08764025,1568.5700
1624157034063000,1,0.04900000,1565.6300
1624157569355000,0,0.06000000,1578.1600
1624157569448000,0,0.00947100,1578.1600
1624157653159000,0,0.01782918,1579.4000
1624157653234000,0,0.04364082,1579.4000
1624157659309000,0,0.04917599,1581.2700
1624157659311000,0,0.00000001,1581.2700
1624158151866000,0,0.05000000,1580.1000
1624158151866000,0,0.13432821,1580.4200
1624158299799000,0,0.03000000,1577.9400
1624158299837000,0,0.13000000,1577.9400
1624158299841000,0,0.10000000,1577.9400
1624158451555000,0,0.78000000,1585.9800
1624158816680000,1,0.12000000,1586.4100
1624159542467000,0,5.62000000,1587.4000
1624159542515000,0,0.00230076,1587.4000
1624159693919000,1,0.86000000,1588.5000
1624162155913000,0,0.53769809,1597.2800
1624162155914000,0,0.00000001,1597.2800
1624162255939000,0,0.77784000,1594.7800
1624162255939000,0,0.05000000,1595.2000
1624162255939000,0,0.53835151,1595.5700
1624162255939000,0,1.12695574,1595.5800
1624162607069000,1,0.04900000,1593.3500
1624162607490000,1,0.00100000,1593.3500
1624162608497000,1,0.04900000,1593.4300
1624162670883000,1,0.78367174,1594.9700
1624162670902000,1,0.78367174,1594.9700
1624162868192000,1,1.36100000,1599.7500
1624162998504000,1,5.34123840,1600.2000
1624163415347000,0,0.05000000,1603.2000
1624163751291000,0,0.44000000,1604.1000
1624164255167000,1,0.06470940,1602.0600
1624164257662000,1,0.09000000,1602.0600
1624164257724000,1,0.00117764,1602.0600
1624164314903000,1,1.61683187,1600.3700
1624164314904000,1,0.08316813,1600.3700
1624164314904000,1,1.53366374,1600.2800
1624164314905000,1,0.16633626,1600.2800
1624164314905000,1,0.04395434,1600.2300
1624164314924000,1,0.08316814,1600.2300
1624164314924000,1,0.12714159,1600.2000
1624165122361000,1,3.39980000,1602.6800
1624165202239000,1,0.13500000,1601.2600
1624165202337000,1,0.00062312,1601.2600
1624166113679000,1,0.05101536,1600.0900
1624166113707000,1,0.07186939,1600.0900
1624166432006000,1,0.12121946,1603.5500
1624166432006000,1,0.29878054,1603.5500
1624166465699000,0,0.05000000,1603.5600
1624166465699000,0,0.05000000,1604.0300
1624166465699000,0,0.53320191,1604.2900
1624166562365000,0,3.73000000,1607.2700
1624167377025000,0,0.13500000,1602.8400
1624167584494000,1,0.11000000,1610.8700
1624167584550000,1,0.00342242,1610.8700
1624168697859000,1,0.10000000,1607.8500
1624168697953000,1,0.00369216,1607.8500
1624168912205000,1,0.10000000,1603.9300
1624168912697000,1,0.00275194,1603.9300
1624168912697000,1,0.24724806,1603.8500
1624168975272000,0,1.61034124,1605.5100
1624168975277000,0,0.08965876,1605.5100
1624168975277000,0,0.60000000,1605.5900
1624168975277000,0,0.92068249,1605.6900
1624168985589000,1,0.09000000,1605.3100
1624168985607000,1,0.00470423,1605.3100
1624169110394000,0,5.53000000,1604.1000
1624169642335000,0,0.05000000,1601.0500
1624169650844000,1,1.66600000,1600.6400
1624169650857000,1,0.03400000,1600.6400
1624169670552000,0,0.80000000,1602.8700
1624169806984000,1,0.07966445,1600.0200
1624169806984000,1,0.07675733,1600.0100
1624169885249000,1,0.02869499,1596.8000
1624169885252000,1,0.00000001,1596.8000
1624169949661000,1,0.02249688,1596.9800
1624169949686000,1,0.00045912,1596.9800
1624169954546000,1,0.01836499,1596.2200
1624169954553000,1,0.00000001,1596.2200
1624169954658000,1,0.07775260,1595.6000
1624170109260000,1,0.06361920,1597.1200
1624170109260000,1,0.07679351,1596.5100
1624170109260000,1,0.19202944,1596.3300
1624170208025000,1,0.01469200,1596.4500
1624170389983000,1,0.14000000,1597.2100
1624170389984000,1,1.06000000,1597.2100
1624170389989000,1,2.05000000,1597.2100
1624170470828000,0,1.58870000,1599.7900
1624171031863000,0,0.03509086,1604.5900
1624171031874000,0,0.00071614,1604.5900
1624171130032000,0,0.03048584,1605.2500
1624171155147000,0,0.02449608,1605.8100
1624171173300000,0,0.01650516,1606.2900
1624171219719000,0,0.02330300,1605.9300
1624171221427000,1,0.02616306,1606.0000
1624171848956000,1,0.07000000,1597.2900
1624171850679000,1,0.11955412,1597.3000
1624171869955000,1,0.06830404,1596.5400
1624171870005000,1,0.00139396,1596.5400
1624171887008000,1,0.04000000,1596.0400
1624171887038000,1,0.00673900,1596.0400
1624171939861000,1,0.04000000,1596.4700
1624171939970000,1,0.00270400,1596.4700
1624172050613000,1,0.03752322,1596.5200
1624172401190000,1,0.03078500,1596.3200
1624172692409000,1,0.02528799,1596.7400
1624172692417000,1,0.00000001,1596.7400
1624172748230000,1,0.01486954,1596.2700
1624172748252000,1,0.00030346,1596.2700
1624172773531000,1,0.05000000,1595.9500
1624172794638000,1,0.04000000,1595.9600
1624172811017000,1,0.00367943,1595.9600
1624173003668000,1,0.03686017,1594.9300
1624173003742000,1,0.00075225,1594.9300
1624173870479000,1,0.02682505,1591.9100
1624173870487000,1,0.00054745,1591.9100
1624174781288000,1,0.06758134,1588.6700
1624174781289000,1,0.00000001,1588.6700
1624174973352000,1,0.06000000,1589.1400
1624174973379000,1,0.00536863,1589.1400
1624174973597000,1,0.10000000,1588.6600
1624175002751000,1,0.06351454,1588.5900
1624175002751000,1,0.15648546,1588.5900
1624175837922000,0,0.18000000,1598.8000
1624175857409000,1,0.18735100,1599.4500
1624175915167000,0,0.18000000,1599.6300
1624175961585000,0,0.13000000,1600.0700
1624176005554000,0,0.14000000,1600.1800
1624176005630000,0,0.00276100,1600.1800
1624176015575000,1,0.08619600,1600.4600
1624176015912000,1,0.08619600,1600.4600
1624176025346000,0,0.06000000,1601.4100
1624176025420000,0,0.00303100,1601.4100
1624176039547000,0,0.06000000,1602.2400
1624176047168000,1,0.01800000,1600.9900
1624176047190000,1,0.00000735,1600.9900
1624177492687000,1,0.16299600,1593.2500
1624177492990000,1,0.02010144,1592.2000
1624177492990000,1,0.02010043,1592.1800
1624177493295000,1,0.02010043,1592.0200
1624177493295000,1,0.02010144,1592.0200
1624177493295000,1,0.05000000,1591.1600
1624177495112000,1,0.60000000,1591.2900
1624177495112000,1,0.77669000,1591.2500
1624177495532000,1,0.09669800,1591.3300
1624177502166000,1,0.07742900,1591.3700
1624177502313000,1,0.01785870,1590.8400
1624177502490000,1,0.01785945,1590.7400
1624177503046000,1,0.05000000,1590.6900
1624177511869000,1,0.05203999,1590.4500
1624177511870000,1,0.00000001,1590.4500
1624178337481000,1,0.01959372,1588.0300
1624178338135000,1,0.05000000,1587.7000
1624178398703000,1,0.01852072,1585.6300
1624178399064000,1,0.04815387,1585.3000
1624178399280000,1,0.01852002,1585.3000
1624178400767000,0,0.01800000,1585.3000
1624178580508000,1,0.01319033,1581.4900
1624178580824000,1,0.03428012,1581.2200
1624178584869000,0,0.03000000,1583.3600
1624178649119000,1,0.03079251,1582.6400
1624178722363000,1,0.02858281,1580.1700
1624178722363000,1,0.04999999,1580.1600
1624178722368000,1,0.00000001,1580.1600
1624178724765000,1,0.88930502,1579.7400
1624178724766000,1,0.81069498,1579.7400
1624178724766000,1,0.20000000,1579.6400
1624178724766000,1,0.44000000,1579.0900
1624178724770000,1,1.61814722,1578.7700
1624178724774000,1,0.08185278,1578.7700
1624178724774000,1,0.02442609,1578.7100
1624178724774000,1,0.05000000,1578.7000
1624178737736000,1,0.35482801,1580.8400
1624178737738000,1,0.24517199,1580.8400
1624178772313000,1,0.05000000,1579.9300
1624178772316000,1,0.02812393,1579.7000
1624178772316000,1,0.02812495,1579.6900
1624178772316000,1,0.05000000,1579.6000
1624178772316000,1,0.05000000,1579.2000
1624178772316000,1,0.05000000,1578.7600
1624178772316000,1,1.41102718,1578.0000
1624178772328000,1,0.60000000,1579.8800
1624178772328000,1,1.01711830,1578.0000
1624178775408000,0,0.05000000,1579.0600
1624178777661000,0,0.05000000,1579.1300
1624178799706000,0,0.05000000,1581.5500
1624178816461000,0,0.02000000,1581.9400
1624178821549000,0,0.02940000,1581.9400
1624178821623000,0,0.00060000,1581.9400
1624178821623000,0,1.69480000,1581.9700
1624178932793000,1,1.20000000,1583.6700
1624178980091000,1,1.50000000,1580.9900
1624178980091000,1,5.23800334,1580.9800
1624179382501000,0,0.05000000,1583.6700
1624179382501000,0,0.00968268,1583.9100
1624179506882000,1,0.03053048,1580.7700
1624179508328000,0,0.05000000,1580.7200
1624179945445000,0,0.04900000,1582.2700
1624179945463000,0,0.00100000,1582.2700
1624179976394000,1,0.03206327,1580.0300
1624179976913000,1,0.03206327,1579.6600
1624180014676000,1,0.02739367,1578.0800
1624180014773000,1,0.06847638,1577.9700
1624180014877000,1,0.05000000,1577.9500
1624180014975000,1,0.02739367,1577.9600
1624180015279000,1,0.06847638,1577.9600
1624180463069000,1,0.01752093,1582.8400
1624180475020000,1,0.01733462,1581.6800
1624180476693000,1,0.01733462,1581.3900
1624180476693000,1,0.04334043,1581.3900
1624180477501000,1,0.60000000,1581.4300
1624180493053000,1,0.70000000,1581.1400
1624180493053000,1,0.01646554,1581.1300
1624180493354000,1,0.01646596,1581.1500
1624180495504000,1,1.70000000,1581.1700
1624180495504000,1,0.70000000,1581.1000
1624180495504000,1,1.70000000,1581.0900
1624180606655000,1,5.33000000,1582.5300
1624180938447000,0,5.63000000,1583.3200
1624180950999000,1,0.01551341,1582.8900
1624180950999000,1,0.03877423,1582.8900
1624180996851000,1,0.01456175,1582.1700
1624181007743000,1,0.01456377,1581.6000
1624181008033000,1,0.03600636,1581.4100
1624181008476000,1,0.01440255,1581.1600
1624181279427000,0,0.12585321,1585.1800
1624181374652000,0,0.03133560,1587.9700
1624181417362000,1,0.23000000,1585.7800
1624181417363000,1,0.55000000,1585.7800
1624181417377000,1,4.56267315,1585.7800
1624181432371000,1,0.01365206,1584.1600
1624181933336000,1,0.02991460,1585.8300
1624181933336000,1,0.00000001,1585.8300
1624182064774000,0,1.78000000,1584.6300
1624182065103000,0,0.24000000,1584.6300
1624182065130000,0,0.03000000,1584.6300
1624182065147000,0,2.92236000,1584.6300
1624182223635000,1,0.02912087,1583.0900
1624182561358000,1,0.01456256,1584.0600
1624182601076000,1,0.16000000,1583.0000
1624182654346000,1,0.01389758,1581.9200
1624182654346000,1,1.20000000,1581.9100
1624182654654000,1,0.03473912,1581.6300
1624182654654000,1,0.01389758,1581.4100
1624182654654000,1,0.09032287,1581.2900
1624182656482000,1,1.70000000,1581.1700
1624182658340000,1,1.20000000,1581.1300
1624182658340000,1,1.70000000,1581.1300
1624182658340000,1,0.03006944,1581.1200
1624182658340000,1,0.05000000,1581.1100
1624182671119000,1,1.30000000,1581.0300
1624182674203000,1,0.20000000,1581.0300
1624182674203000,1,5.25977783,1581.0200
1624182717779000,1,0.02638895,1578.2800
1624182718321000,1,0.02638895,1577.6300
1624182718321000,1,0.06863648,1577.6300
1624182718321000,1,0.60000000,1577.6200
1624182718321000,1,0.05000000,1577.5400
1624182719947000,1,0.05000000,1576.8100
1624182738239000,1,0.02032598,1577.2200
1624182738662000,1,0.02032933,1576.7700
1624182738662000,1,0.02032933,1576.3900
1624182738662000,1,0.60000000,1576.2900
1624182761468000,0,5.14045217,1576.9300
1624182761468000,0,1.61219096,1576.9400
1624182779173000,1,0.03239779,1573.8100
1624182782556000,1,0.03246118,1572.5300
1624182797705000,0,1.05788590,1572.4400
1624182809538000,1,4.20000000,1571.2300
1624182810060000,1,0.02667318,1571.2200
1624182820947000,0,0.05000000,1574.0900
1624182830719000,0,5.29278342,1574.7600
1624182838230000,1,0.28207300,1573.1300
1624182838563000,1,0.40660500,1573.1300
1624182839618000,1,0.81132200,1573.1300
1624182839618000,1,0.05000000,1573.1200
1624182839958000,1,0.60000000,1571.8700
1624182840151000,1,0.01514017,1571.7800
1624182840151000,1,5.47837798,1571.7700
1624182840151000,1,0.10000000,1571.6700
1624182854328000,0,0.04900000,1573.0400
1624182867882000,0,0.20000000,1574.2100
1624182870608000,0,0.05000000,1574.6600
1624182876050000,0,1.70000000,1574.4800
1624182876050000,0,0.05000000,1574.4900
1624182950739000,0,0.05000000,1571.3100
1624182955589000,0,0.10000000,1572.1800
1624182963813000,0,0.05000000,1572.6200
1624182970698000,0,0.05000000,1572.8100
1624183105711000,1,0.60000000,1570.6500
1624183266049000,1,0.80000000,1572.8800
1624183409404000,1,0.02365324,1569.8900
1624183463688000,1,0.02193992,1568.6100
1624183501962000,1,0.05000000,1566.7400
1624183502276000,1,0.02035954,1566.6900
1624183503095000,1,0.02035954,1565.9000
1624183503658000,1,0.02035954,1565.0100
1624183503658000,1,0.49615001,1565.0000
1624183504088000,1,0.44000000,1563.9900
1624183504436000,1,5.12807126,1562.6500
1624183504436000,1,1.30000000,1562.6400
1624183504436000,1,4.58000000,1562.1800
1624183507386000,1,0.05000000,1561.6400
1624183507386000,1,0.05000000,1557.8600
1624183508922000,1,0.05000000,1558.7400
1624183532355000,1,0.12455169,1557.7200
1624183532362000,1,0.11544831,1557.7200
1624183532599000,1,0.21214701,1557.6900
1624183532628000,1,0.38785299,1557.6900
1624183536012000,1,1.59265810,1556.0400
1624183536012000,1,0.52637506,1556.0400
1624183536012000,1,1.06628305,1556.0400
1624183536015000,1,0.57875451,1556.0400
1624183536033000,1,0.29658628,1556.0400
1624183536076000,1,0.05000000,1556.0400
1624183536230000,1,0.13300000,1556.0400
1624183536292000,1,0.00003033,1556.0400
1624183536335000,1,1.59455952,1556.0300
1624183536336000,1,0.01734445,1556.0300
1624183536336000,1,1.57721507,1556.0300
1624183536837000,1,0.04371475,1556.0300
1624183536837000,1,1.13369627,1556.0300
1624183537102000,1,0.05000000,1556.0300
1624183552352000,0,0.05000000,1555.5300
1624183553607000,0,0.05000000,1555.3000
1624183558872000,0,0.03300000,1555.9200
1624183561099000,0,0.43022813,1555.0800
1624183561121000,0,1.26977187,1555.0800
1624183561982000,0,0.05000000,1555.2800
1624183561982000,0,0.60000000,1555.2900
1624183562137000,0,0.78194999,1555.3800
1624183566306000,0,0.24000000,1556.2200
1624183566639000,0,0.49736937,1556.5600
1624183571972000,0,0.77022370,1556.8900
1624183572004000,0,0.58278596,1556.8900
1624183572035000,0,0.20357373,1556.8900
1624183582035000,0,0.05000000,1556.8700
1624183582035000,0,0.09682558,1557.6100
1624183597137000,1,0.21000000,1557.0500
1624183642718000,0,1.40120000,1554.4300
1624183644460000,0,0.00004417,1554.4300
1624183644460000,0,1.09995583,1554.7100
1624183682561000,0,0.44000000,1556.3500
1624183683939000,0,0.31854312,1556.3600
1624183683954000,0,0.12145688,1556.3600
1624183689714000,1,0.05000000,1556.7100
1624183689714000,1,0.01670863,1556.3000
1624183744497000,0,0.44000000,1557.6400
1624183805231000,1,0.42590400,1550.4600
1624183805257000,1,1.14820269,1550.4600
1624183805480000,1,0.03627558,1550.4600
1624183879827000,1,0.05000000,1543.2900
1624183890133000,1,0.05000000,1540.0000
1624183891196000,1,0.05000000,1540.0000
1624183950357000,1,0.04900000,1546.3700
1624183982000000,0,0.05000000,1547.9300
1624183982240000,0,0.39000000,1547.9300
1624183982240000,0,1.09598832,1547.9400
1624184000328000,0,0.43999999,1546.3700
1624184000449000,0,0.00000001,1546.3700
1624184047646000,0,0.44000000,1547.2600
1624184081130000,1,1.70000000,1548.7600
1624184151806000,1,0.05000000,1545.0800
1624184185904000,0,0.02999359,1545.0300
1624184207033000,1,0.05000000,1543.4100
1624184232731000,0,0.09264817,1544.9500
1624184232751000,0,0.34735183,1544.9500
1624184235548000,0,0.08707381,1545.8900
1624184235549000,0,0.05000000,1545.8900
1624184263552000,1,1.70000000,1542.9400
1624184346462000,1,0.02301789,1540.0700
1624184390975000,1,0.70000000,1542.9800
1624184390975000,1,0.01672603,1542.8900
1624184390975000,1,0.08856648,1542.8800
1624184390975000,1,1.61143351,1542.8800
1624184425375000,1,0.22000000,1540.0000
1624184439951000,1,0.00305844,1540.0000
1624184529561000,0,0.04999999,1534.0000
1624184529564000,0,0.00000001,1534.0000
1624184529564000,0,0.60000000,1534.4300
1624184529564000,0,1.01551394,1534.5300
1624184529568000,0,0.68448606,1534.5300
1624184535269000,1,0.02766935,1530.8700
1624184535277000,1,0.00000001,1530.8700
1624184535277000,1,0.07194486,1530.7700
1624184537619000,0,0.04999999,1530.8100
1624184537621000,0,0.00000001,1530.8100
1624184632104000,1,0.02664053,1531.4800
1624184637959000,1,0.02664053,1529.0300
1624184637959000,1,0.02636806,1529.0300
1624184637959000,1,0.17139241,1528.9300
1624184637976000,1,0.00000001,1528.9300
1624184657387000,1,0.02254152,1526.0600
1624184657387000,1,0.05635380,1526.0600
1624184745290000,1,0.05000000,1523.9700
1624184745326000,1,0.02737818,1523.8200
1624184745326000,1,0.02734268,1523.8200
1624184755410000,1,0.01750000,1523.3900
1624184755466000,0,0.02460784,1523.3300
1624184759361000,1,0.02460784,1521.8300
1624184759361000,1,0.02463689,1521.6300
1624184759364000,1,0.00000001,1521.6300
1624184774505000,1,0.02880410,1522.8900
1624184774505000,1,0.07201025,1522.8900
1624184774524000,1,0.00000001,1522.8900
1624184775130000,1,0.02880410,1522.1300
1624184782131000,1,0.29105703,1522.5400
1624184785080000,1,3.27060000,1521.5100
1624184795064000,0,0.10000000,1524.3900
1624184800876000,1,0.04748580,1523.4600
1624184800880000,1,0.00000001,1523.4600
1624184801059000,1,0.11871452,1523.2500
1624184809569000,1,0.05592421,1522.9400
1624184809577000,1,1.29128763,1522.9400
1624184809599000,1,0.02639950,1522.9400
1624184809637000,1,0.07454903,1522.9400
1624184809704000,1,0.05183963,1522.9400
1624184809704000,1,0.04564393,1522.9300
1624184809730000,1,0.11413381,1522.8300
1624184827336000,1,0.04342988,1518.9000
1624184827337000,1,0.00000001,1518.9000
1624184829336000,1,0.04346935,1517.1700
1624184831494000,0,0.24000000,1519.3300
1624184923102000,1,0.05000000,1524.3900
1624184999672000,1,0.05000000,1528.0800
1624185005788000,0,0.70000000,1529.1800
1624185063343000,0,0.24000000,1531.1500
1624185063833000,1,0.08000000,1530.5900
1624185068437000,1,0.08000000,1530.0700
1624185122040000,0,0.05000000,1531.0900
1624185122040000,0,0.05000000,1531.4600
1624185122040000,0,0.03028626,1531.8000
1624185128141000,1,0.05000000,1528.6200
1624185168337000,1,0.08045137,1524.1000
1624185243089000,0,0.04999999,1522.1000
1624185243120000,0,0.00000001,1522.1000
1624185254019000,1,0.12747947,1525.2500
1624185261823000,1,0.05000000,1523.8500
1624185261823000,1,0.15000000,1523.2300
1624185367480000,1,0.13000000,1526.3700
1624185507247000,1,0.14000000,1526.6400
1624185520508000,1,0.05000000,1526.2400
1624185520508000,1,0.14641734,1525.9000
1624185520508000,1,0.36606788,1525.9000
1624185520508000,1,0.05000000,1525.8900
1624185520508000,1,0.37601798,1525.6700
1624185524513000,1,0.14642693,1525.6800
1624185530948000,1,0.34370131,1524.9600
1624185530948000,1,0.13748052,1524.9600
1624185625117000,0,1.70000000,1527.5600
1624185665113000,1,0.05000000,1529.6600
1624185707473000,0,0.04900000,1530.1900
1624185715380000,0,0.05000000,1531.1300
1624185715541000,0,1.80000000,1531.8700
1624185724597000,0,0.05000000,1531.4700
1624185724597000,0,0.80261000,1531.9200
1624185724597000,0,0.05000000,1531.9300
1624185724597000,0,0.46945433,1532.1100
1624185853108000,1,0.03000000,1527.5900
1624185901232000,0,0.60000000,1531.1400
1624185901232000,0,0.92544993,1531.1400
1624185902022000,0,0.44000000,1531.3100
1624186077785000,1,0.08000000,1531.4700
1624186079663000,1,0.05000000,1531.0800
1624186281029000,1,0.06270223,1526.9500
1624186281029000,1,1.62729777,1526.9400
1624186308642000,1,1.70000000,1524.2900
1624186352505000,0,0.01560800,1524.8200
1624186359179000,1,0.05000000,1523.2500
1624186359179000,1,0.06850466,1523.0900
1624186371685000,1,2.00000000,1521.1000
1624186551536000,1,0.05000000,1524.8800
1624186570067000,1,0.05000000,1522.4600
1624186570067000,1,0.09177313,1522.1300
1624186570067000,1,0.65752954,1522.1200
1624186612426000,1,4.41000000,1521.8900
1624186648187000,1,0.09083141,1522.2600
1624186648187000,1,0.05000000,1522.1900
1624186648187000,1,0.22707852,1522.1800
1624186648187000,1,0.42252972,1521.8500
1624186648188000,1,0.16787992,1521.8500
1624186648188000,1,0.05000000,1521.8400
1624186648188000,1,0.05000000,1521.4800
1624186648527000,1,0.05000000,1522.2700
1624186657074000,1,0.08073812,1519.6900
1624186657074000,1,0.20184530,1519.6900
1624186657074000,1,0.28059890,1519.6800
1624186674864000,0,0.02000000,1522.2500
1624186675027000,0,0.01800000,1523.2900
1624186675092000,0,0.01800000,1523.2900
1624186698674000,1,0.07643652,1522.8800
1624186698674000,1,0.25942597,1522.8700
1624186778387000,0,0.04900000,1525.2200
1624186863425000,1,0.10000000,1516.6900
1624186863425000,1,0.08217875,1516.6800
1624186865597000,1,0.05000000,1515.1500
1624186865655000,1,2.07260000,1515.1500
1624186868557000,1,1.62036606,1515.1500
1624186868559000,1,1.62036605,1515.1500
1624186868565000,1,1.62036605,1515.1500
1624186868578000,1,0.54605786,1515.1500
1624186876338000,1,0.05000000,1515.1500
1624186877413000,1,0.05000000,1515.1500
1624186878215000,1,0.82925875,1515.1500
1624186878227000,1,0.95137669,1515.1500
1624186878422000,1,0.05000000,1515.1500
1624186878450000,1,0.17662188,1515.1500
1624186878457000,1,0.14000000,1515.1500
1624186878652000,1,0.02423011,1515.1500
1624186878668000,1,0.02504854,1515.1500
1624186878674000,1,0.10017300,1515.1500
1624186878973000,1,0.07353500,1515.1500
1624186878982000,1,0.00000001,1515.1500
1624186883248000,0,0.05000000,1512.4400
1624187004733000,0,0.09000000,1524.9600
1624187170260000,1,0.04900000,1524.5400
1624187186231000,1,5.37914298,1523.8000
1624187433622000,0,0.05000000,1523.2400
1624187456810000,0,0.05000000,1525.0900
1624187457270000,0,0.38999999,1525.0900
1624187457271000,0,0.00000001,1525.0900
1624187916961000,1,0.05147611,1514.7100
1624188106101000,1,0.04668440,1513.1000
1624188106101000,1,0.11331560,1513.1000
1624188254652000,1,0.01646318,1510.7000
1624188254656000,1,0.00000001,1510.7000
1624188262281000,1,1.16751700,1508.9700
1624188262281000,1,0.22597843,1508.9700
1624188262282000,1,0.30650457,1508.9700
1624188321449000,0,0.05000000,1512.2600
1624188321449000,0,0.06591144,1512.5900
1624188392054000,0,3.69460000,1513.9300
1624188496638000,1,1.69990000,1513.0000
1624188522136000,1,0.01691151,1510.9700
1624188522136000,1,0.00000001,1510.9700
1624188613568000,1,0.02184954,1506.9400
1624188613568000,1,0.04815046,1506.6400
1624188613574000,1,0.00647557,1506.6400
1624188615823000,1,0.02186927,1505.5600
1624188619319000,1,0.02102004,1504.2300
1624188619799000,1,0.16000000,1504.0000
1624188620315000,1,0.00539561,1504.0000
1624188635842000,0,0.68000000,1505.0000
1624188636108000,0,0.00195015,1505.0000
1624188709055000,1,5.52000000,1504.5100
1624188760198000,1,0.03000000,1504.1300
1624188783566000,1,0.02786619,1502.7900
1624188783775000,1,0.00991853,1502.7900
1624188805635000,1,0.14000000,1501.9100
1624188806880000,1,0.00492213,1501.9100
1624188810582000,1,0.80652333,1500.0000
1624188810626000,1,0.05000000,1500.0000
1624188810725000,1,0.28426611,1500.0000
1624188810728000,1,0.27816161,1500.0000
1624188810789000,1,0.55598494,1500.0000
1624188812435000,1,0.02506401,1500.0000
1624188812435000,1,0.30000000,1500.0000
1624188812435000,1,2.00000000,1500.0000
1624188812435000,1,0.04959000,1500.0000
1624188812435000,1,0.93250692,1500.0000
1624188821933000,1,0.06749307,1500.0000
1624188821971000,1,0.00000001,1500.0000
1624188829379000,1,0.88110823,1499.0000
1624188829420000,1,0.11889177,1499.0000
1624189053554000,0,0.56922082,1509.2700
1624189054275000,0,0.56937830,1509.8600
1624189059317000,1,0.10400000,1509.8600
1624189067116000,1,0.00095574,1509.8600
1624189068031000,1,0.23206786,1509.8600
1624189107037000,1,0.04999999,1510.0600
1624189107042000,1,0.00000001,1510.0600
1624189107230000,1,0.10077288,1509.8700
1624189107234000,1,0.45452757,1509.8700
1624189107263000,1,0.15061910,1509.8700
1624189123273000,1,0.05000000,1511.1600
1624189123353000,1,0.15000000,1511.1600
1624189154207000,1,0.04999999,1511.4100
1624189154210000,1,0.00000001,1511.4100
1624189155706000,1,0.43999999,1511.1900
1624189155709000,1,0.00000001,1511.1900
1624189192856000,1,0.00000001,1509.8600
1624189197904000,1,1.70000000,1507.4200
1624189197904000,1,0.05000000,1507.3700
1624189197904000,1,0.13288945,1506.9200
1624189197904000,1,0.05000000,1506.9100
1624189197904000,1,0.05000000,1506.5300
1624189197904000,1,0.13292085,1506.3600
1624189197904000,1,0.48568256,1504.5100
1624189242156000,0,0.44000000,1511.1700
1624189243410000,0,0.10400000,1512.9500
1624189265531000,1,0.14000000,1514.4100
1624189277960000,0,0.70000000,1516.1000
1624189285472000,0,0.04351411,1516.6300
1624189435363000,1,0.14781724,1513.8600
1624189528032000,1,0.14000000,1513.0500
1624189583196000,1,1.70000000,1518.4900
1624189618665000,1,0.12470873,1520.5000
1624189618665000,1,0.30529127,1520.5000
1624189618682000,1,0.00644368,1520.5000
1624189709008000,0,0.04670000,1514.6700
1624189759195000,1,0.11000000,1513.1000
1624189759206000,1,0.00906250,1513.1000
1624189778033000,1,0.11000000,1510.4200
1624189778256000,1,0.00793209,1510.4200
1624189778256000,1,0.29206791,1510.0500
1624189778256000,1,0.00268039,1510.0500
1624189778656000,1,0.05000000,1509.5900
1624189778656000,1,0.11797894,1509.2200
1624189778656000,1,0.29494734,1509.2200
1624189778656000,1,3.69507372,1509.2100
1624189792677000,1,0.05000000,1509.5500
1624189792711000,1,0.05626676,1509.5500
1624189792890000,1,0.47000000,1509.4800
1624189792935000,1,0.10626676,1509.4700
1624189805891000,0,0.14000000,1511.3200
1624189808662000,1,0.09855536,1510.2800
1624189808687000,1,0.00000001,1510.2800
1624189845364000,1,0.09000000,1509.5700
1624189952946000,1,0.09323304,1510.1200
1624190104969000,0,0.05000000,1511.4100
1624190106146000,0,0.38220000,1511.4100
1624190397843000,1,0.07000000,1507.4200
1624190720180000,1,0.03527669,1498.3800
1624190720180000,1,0.05292325,1498.3700
1624190720184000,1,0.03527670,1498.3700
1624190741788000,1,0.05824662,1500.2800
1624190741788000,1,0.69999999,1500.0600
1624190741790000,1,0.00000001,1500.0600
1624190741791000,1,0.14559328,1499.9600
1624190746910000,1,0.20000000,1499.2200
1624190746910000,1,0.05869301,1499.2100
1624190746910000,1,0.14675403,1499.1900
1624190746910000,1,0.10808095,1499.1800
1624190746977000,1,0.49191904,1499.1800
1624190746978000,1,0.00000001,1499.1800
1624190788707000,1,0.02280000,1497.1400
1624190793436000,1,0.04018042,1494.9600
1624190793437000,1,0.00000001,1494.9600
1624190808769000,1,0.09824498,1494.5300
1624190808769000,1,0.03175502,1494.5300
1624190810304000,1,0.03978202,1493.2300
1624190813436000,0,0.05000000,1493.8700
1624190813436000,0,1.70000000,1494.4500
1624190813436000,0,0.05000000,1494.5200
1624190828773000,0,0.05000000,1497.5500
1624190832301000,0,0.04000000,1498.5100
1624190844778000,1,0.03381351,1497.5900
1624190844778000,1,0.03380945,1497.5900
1624190847069000,1,0.03380944,1496.2900
1624190847154000,1,0.00000001,1496.2900
1624190848795000,1,0.03309065,1494.7200
1624190848808000,1,0.21976142,1494.5900
1624190848808000,1,0.03380945,1494.5900
1624190848808000,1,0.70000000,1494.3000
1624190848808000,1,0.05000000,1493.9000
1624190865548000,0,0.05000000,1495.5800
1624190865548000,0,1.64980000,1495.6800
1624190879017000,1,0.03822971,1496.6300
1624190879018000,1,0.00000001,1496.6300
1624190909204000,1,0.03078549,1493.5500
1624190909204000,1,0.07696681,1493.5500
1624190921133000,1,0.02761168,1491.9300
1624190921133000,1,0.06238832,1491.6400
1624190928816000,1,0.02352311,1490.2900
1624190998888000,1,0.01797069,1496.4200
1624190998888000,1,0.05000000,1496.4100
1624190998888000,1,0.05000000,1496.0100
1624190998888000,1,0.78202931,1496.0100
1624191005230000,0,0.19375339,1498.9700
1624191005235000,0,0.67564572,1498.9700
1624191005235000,0,1.62424932,1498.9700
1624191005255000,0,6.20635157,1498.9700
1624191264648000,1,0.02793632,1496.5200
1624191264691000,1,0.00000001,1496.5200
1624191278150000,1,0.02760992,1496.8800
1624191278553000,1,0.00000001,1496.8800
1624191313583000,0,0.20000000,1495.7700
1624191314608000,0,4.85054160,1495.7700
1624191339149000,1,0.02362869,1493.9700
1624191380664000,0,2.29000000,1495.5100
1624191546308000,1,0.03000000,1496.9400
1624191546339000,1,0.00490370,1496.9400
1624191574239000,1,0.03289241,1491.3900
1624191593366000,1,3.00000000,1490.0000
1624191639654000,1,0.03000000,1490.8400
1624191688744000,1,0.00022636,1490.8400
1624191689934000,1,0.02926092,1488.8600
1624191697511000,0,0.57608696,1491.3200
1624191709509000,1,0.03481400,1486.3700
1624191742021000,0,0.36701984,1490.1700
1624191742021000,0,1.62639921,1490.1700
1624191742022000,0,1.13816110,1490.1700
1624191742022000,0,1.62639922,1490.1700
1624191757867000,1,0.03000000,1489.4600
1624191757966000,1,0.00458757,1489.4600
1624191761821000,1,0.03462767,1487.9000
1624191761821000,1,1.69537233,1487.8900
1624191782055000,0,0.23663510,1487.4800
1624191782093000,0,0.53380913,1487.4800
1624191782120000,0,0.58458529,1487.4800
1624191782127000,0,0.02539379,1487.4800
1624191782130000,0,0.23731798,1487.4800
1624191782175000,0,0.49969210,1487.4800
1624191782175000,0,0.36362294,1487.4800
1624191782209000,0,0.37663462,1487.4800
1624191782230000,0,0.25806449,1487.4800
1624191782252000,0,0.05000000,1487.4800
1624191783626000,0,3.93000000,1487.4800
1624191808368000,1,0.41517954,1485.9100
1624191808374000,1,0.06247256,1485.9100
1624191808433000,1,0.92234790,1485.9100
1624191809235000,1,0.01999999,1485.9000
1624191809385000,1,0.00000001,1485.9000
1624191809519000,1,0.01999999,1485.9100
1624191809586000,1,0.68000001,1485.9100
1624191813114000,1,0.03184588,1484.9500
1624191813116000,1,0.00000001,1484.9500
1624191816956000,1,0.03184588,1483.5600
1624191816966000,1,0.00000001,1483.5600
1624191816971000,1,0.63557627,1483.3500
1624191816984000,1,0.06442373,1483.3500
1624191816984000,1,0.03183586,1483.3100
1624191817107000,1,0.04999999,1483.2500
1624191817119000,1,0.00000001,1483.2500
1624191817244000,1,0.03115693,1483.2600
1624191817244000,1,0.01884306,1483.2600
1624191817255000,1,0.01299280,1483.2600
1624191837707000,1,0.02921014,1485.2800
1624191873983000,0,0.04999999,1490.4700
1624191873989000,0,0.00000001,1490.4700
1624191873994000,0,0.43186948,1490.6900
1624191978693000,0,0.40000000,1488.9100
1624192070613000,0,0.44000000,1490.6100
1624192074375000,0,0.44000000,1491.0900
1624192121986000,0,0.44000000,1492.2600
1624192134392000,0,0.37000000,1492.9800
1624192152075000,0,0.27000000,1492.8000
1624192396574000,0,5.11000000,1498.7000
1624192397389000,0,0.55974380,1498.7000
1624192425711000,0,0.57000000,1499.5200
1624192425732000,0,0.00289452,1499.5200
1624192487060000,0,0.05000000,1500.7700
1624192487060000,0,0.05000000,1501.1300
1624192643570000,1,2.47730000,1500.9000
1624192759281000,0,0.39000000,1498.2200
1624192793834000,0,0.50000000,1501.7500
1624192884862000,0,0.82264955,1502.7100
1624192884864000,0,1.07740048,1502.7100
1624192885286000,0,0.05000000,1502.7100
1624192885901000,0,0.35827409,1502.7100
1624192885929000,0,0.41572087,1502.7100
1624192886040000,0,0.05000000,1502.7100
1624192886273000,0,0.16008393,1502.7100
1624192886596000,0,0.38812080,1502.7100
1624192886672000,0,0.81457962,1502.7100
1624192888515000,1,0.05000000,1502.7200
1624192963116000,0,0.60000000,1502.5200
1624192963116000,0,0.11479140,1502.7400
1624192965639000,0,0.05000000,1502.5900
1624192965639000,0,0.66479140,1502.7400
1624192974291000,1,0.01863401,1499.9100
1624192974291000,1,0.04136599,1499.9100
1624192974304000,1,0.00521903,1499.9100
1624193000235000,0,1.19893707,1500.4700
1624193001288000,0,0.35724728,1500.4700
1624193002160000,0,0.05000000,1500.4700
1624193003897000,0,0.05000000,1502.5600
1624193015465000,0,0.01655792,1502.0000
1624193053612000,1,0.04999999,1501.2700
1624193053615000,1,0.00000001,1501.2700
1624193061181000,0,0.05000000,1501.5900
1624193061181000,0,0.19545793,1501.6700
1624193132212000,0,0.10963236,1502.8100
1624193241919000,0,0.05000000,1507.5400
1624193241919000,0,0.05000000,1507.5400
1624193244871000,0,0.02967580,1507.7700
1624193247385000,0,0.05000000,1507.2500
1624193250465000,0,0.06718794,1507.8700
1624193540147000,0,0.05000000,1507.1200
1624193552148000,0,0.07990166,1507.9400
1624193568181000,0,0.23869301,1508.0100
1624193665535000,1,0.04999999,1509.0500
1624193665537000,1,0.00000001,1509.0500
1624193778987000,0,0.03752671,1511.1900
1624193953140000,0,5.65000000,1507.9300
1624193953145000,0,0.00726581,1507.9300
1624193999598000,0,0.12510505,1511.1300
1624193999827000,0,0.18772750,1511.1300
1624194204178000,0,0.04815139,1515.8500
1624194307294000,0,0.70000000,1520.6900
1624194307294000,0,0.14642118,1520.7000
1624194307296000,0,0.29357882,1520.7000
1624194326261000,1,0.07732933,1518.8900
1624194326261000,1,0.07267067,1518.8800
1624194326290000,1,0.00466070,1518.8800
1624194327744000,0,0.18961212,1520.8200
1624194327745000,0,1.31373896,1520.8200
1624194327768000,0,1.41237948,1520.8200
1624194327794000,0,0.87293075,1520.8200
1624194327809000,0,0.09574952,1520.8200
1624194327810000,0,0.84928820,1520.8200
1624194395566000,0,5.48000000,1523.8000
1624194397749000,0,0.05000000,1523.8000
1624194437379000,0,0.05000000,1526.1900
1624194441881000,0,0.24390924,1526.6700
1624194446334000,0,0.29837133,1526.6700
1624194471953000,0,0.16000000,1525.9000
1624194471968000,0,0.04000000,1525.9000
1624194471981000,0,7.50000000,1525.9000
1624194491018000,1,0.80000000,1522.9800
1624194491018000,1,0.02142230,1522.7800
1624194640640000,0,8.10000000,1523.0600
1624194745754000,0,7.93800000,1520.7500
1624194745770000,0,0.16200000,1520.7500
1624194857532000,0,0.44000000,1520.7300
1624194913287000,0,0.43000000,1521.9100
1624194913412000,0,0.01000000,1521.9100
1624194985916000,0,8.50000000,1519.1100
1624195060028000,0,0.27000000,1517.9500
1624195096742000,0,6.70000000,1518.4400
1624195165216000,0,4.80000000,1518.9700
1624195262470000,0,0.27000000,1516.3200
1624195262500000,0,0.76000000,1516.3200
1624195312328000,0,0.60000000,1513.9400
1624195312356000,0,3.61000000,1513.9400
1624195312356000,0,0.45000000,1513.9400
1624195312511000,0,0.71000000,1513.9400
1624195312545000,0,0.93000000,1513.9400
1624195339390000,0,0.07000000,1514.5600
1624195373641000,0,5.60000000,1512.5200
1624195447945000,0,0.13000000,1515.2600
1624195447967000,0,0.06000000,1515.2600
1624195447971000,0,2.77000000,1515.2600
1624195765872000,0,8.70000000,1511.5600
1624195803620000,0,7.20000000,1512.7500
1624195898145000,0,1.07000000,1515.5100
1624195898574000,0,4.93000000,1515.5100
1624196043836000,0,0.08000000,1515.7100
1624196043926000,0,6.62000000,1515.7100
1624196154486000,0,0.35000000,1515.3200
1624196154491000,0,0.42000000,1515.3200
1624196154497000,0,1.11000000,1515.3200
1624196155863000,0,7.20000000,1516.1800
1624196178839000,0,0.14000000,1515.8200
1624196178880000,0,0.30000000,1515.8200
1624196186296000,0,0.44000000,1515.8900
1624196187974000,0,0.44000000,1516.1900
1624196248912000,0,1.43833960,1515.5600
1624196250059000,0,8.70000000,1515.7500
1624196406771000,0,0.11000000,1518.0200
1624196406805000,0,0.11000000,1518.0200
1624196406858000,0,4.48000000,1518.0200
1624196889477000,0,7.70000000,1518.2100
1624197145882000,0,0.04000000,1519.5500
1624197145887000,0,0.36000000,1519.5500
1624197145920000,0,0.36000000,1519.5500
1624197172956000,0,7.30000000,1520.4200
1624197245776000,0,5.90000000,1520.9300
1624197258185000,0,0.65346625,1522.6800
1624197311896000,0,0.07380043,1520.7800
1624197328222000,0,1.13360000,1518.2800
1624197339896000,0,0.12638635,1518.4600
1624197343903000,0,0.12638884,1518.4300
1624197437986000,0,0.07002102,1514.1200
1624197444674000,0,8.02000000,1514.1200
1624197444735000,0,0.00997898,1514.1200
1624197447094000,0,0.09994939,1514.6500
1624197677940000,0,5.10000000,1510.2800
1624197689152000,1,0.60000000,1509.2400
1624197689152000,1,1.03652865,1509.1400
1624197759036000,1,0.04999999,1505.4900
1624197759037000,1,0.00000001,1505.4900
1624197796628000,0,2.31000000,1506.3400
1624197852572000,0,5.63000000,1505.4800
1624197854568000,0,2.37000000,1505.4800
1624197921770000,0,6.07000000,1508.5700
1624198031502000,0,8.20000000,1509.5000
1624198145829000,0,6.90000000,1516.0600
1624198389613000,0,6.60000000,1515.8500
1624198475281000,0,7.00000000,1517.7100
1624198571430000,0,1.54390921,1518.1900
1624198573639000,1,0.04999999,1518.2900
1624198573641000,1,0.00000001,1518.2900
1624198700100000,0,0.11000000,1520.4500
1624198956224000,0,4.75000000,1521.0400
1624199128092000,0,6.50000000,1519.6400
1624199166438000,1,0.01598504,1518.7000
1624199202040000,0,0.21288787,1518.6900
1624199204537000,0,0.21288787,1518.6800
1624199207067000,0,0.05000000,1518.2100
1624199207067000,0,0.05000000,1518.5200
1624199207067000,0,0.07042137,1518.6800
1624199208370000,0,0.05000000,1517.7300
1624199209578000,0,0.07155044,1518.6000
1624199239260000,0,8.10000000,1517.9700
1624199243189000,0,0.03579708,1518.0200
1624199244421000,0,0.30000000,1518.0200
1624199244476000,0,5.10001985,1518.0200
1624199476961000,0,4.71000000,1519.5300
1624199477131000,0,0.05000000,1519.5300
1624199677820000,0,1.31242261,1522.0500
1624199677820000,0,0.68266053,1522.0500
1624199677822000,0,1.31256047,1522.0500
1624199677826000,0,1.31228476,1522.0500
1624199677831000,0,0.05000000,1522.0500
1624199677890000,0,1.33007163,1522.0500
1624200149639000,0,6.10000000,1520.9300
1624200611351000,0,0.13109647,1521.7800
1624200866354000,0,0.04900000,1525.2000
1624200924996000,0,0.17182574,1525.2800
1624200948054000,0,0.13660877,1525.5100
1624200956017000,0,0.13660071,1525.6000
1624200958550000,0,0.13659892,1525.6200
1624200964579000,0,0.07195010,1525.5900
1624201065406000,0,0.22845639,1527.1200
1624201065917000,0,0.05000000,1527.1200
1624201095901000,0,0.05000000,1529.8700
1624201143218000,0,0.07968190,1532.5500
1624201194599000,0,0.05000000,1532.5600
1624201405398000,0,0.13565338,1534.2500
1624201405757000,1,0.01366820,1532.6600
1624201405757000,1,0.03552336,1532.5800
1624201405788000,1,0.00000001,1532.5800
1624201411542000,0,0.05000000,1533.4600
1624201411542000,0,0.08572327,1533.4600
1624201414943000,0,0.07020598,1534.3200
1624202127259000,0,0.04844596,1534.5100
1624202129698000,0,0.11572112,1534.5800
1624202242235000,0,0.05000000,1536.1700
1624202565659000,0,0.03266289,1537.5000
1624202578169000,0,0.07672270,1537.5000
1624202590123000,0,0.04239058,1537.9400
1624202592676000,0,0.19443609,1538.0300
1624202621727000,0,0.23251724,1537.7500
1624202649729000,0,0.13235083,1537.6900
1624203431698000,0,1.70000000,1543.4000
1624203431698000,0,0.05000000,1543.4700
1624203431698000,0,1.29037109,1543.5300
1624203704469000,0,0.29799618,1541.0600
1624203738423000,0,0.10791055,1539.8900
1624203740989000,0,0.03342698,1539.8900
1624203745434000,0,0.15065619,1539.9300
1624203747925000,0,0.06047571,1539.9300
1624203758984000,0,0.20340903,1539.0100
1624203827910000,1,0.14000000,1536.5800
1624203835829000,1,1.70000000,1536.6500
1624203835829000,1,0.26000000,1536.5800
1624203835829000,1,0.05000000,1536.4900
1624203835829000,1,0.05000000,1536.1300
1624203835829000,1,0.80000000,1536.0000
1624203835829000,1,0.05000000,1535.7300
1624203835829000,1,0.13037109,1535.6100
1624203975816000,0,0.05000000,1540.0700
1624203993240000,0,0.32660815,1539.1800
1624204015271000,0,0.06537836,1539.2800
1624204019788000,0,0.04796404,1539.2800
1624204160165000,0,0.01370836,1533.3700
1624204234016000,0,0.14000000,1533.3200
1624204264984000,1,0.44436870,1532.5200
1624204265035000,1,0.15563130,1532.5200
1624204341170000,1,0.05000000,1530.3300
1624204341170000,1,0.60000000,1530.1000
1624204341170000,1,1.42244808,1530.0200
1624204341256000,0,0.05000000,1530.0200
1624204844957000,0,1.52219048,1531.7200
1624204844971000,0,1.23386489,1531.7200
1624204844973000,0,0.49083695,1531.7200
1624204886009000,1,0.03970826,1536.2000
1624204886009000,1,0.01429174,1536.2000
1624204957433000,0,0.01622100,1534.4300
1624204966731000,0,0.05400000,1532.0800
1624205164074000,0,0.26609461,1535.1500
1624205253623000,1,0.02117289,1535.0600
1624205253626000,1,0.00000001,1535.0600
1624205282691000,0,0.05000000,1534.8000
1624205282691000,0,0.11886411,1535.1000
1624205285171000,0,0.16886411,1535.1000
1624205287673000,0,0.16886411,1535.1000
1624205302683000,0,0.31686219,1536.3800
1624205312255000,0,0.04240619,1536.0000
1624205344817000,0,0.17621137,1537.5400
1624205347257000,0,0.05000000,1537.4100
1624205347257000,0,0.12622627,1537.4100
1624205351270000,0,0.15399117,1537.4100
1624205353779000,0,0.14923610,1537.5400
1624205380282000,0,0.03346513,1537.3100
1624205415936000,0,1.25350000,1537.3000
1624205425421000,0,0.18875630,1538.7900
1624206079127000,0,0.06120462,1545.6900
1624206240324000,0,0.14298429,1544.4700
1624206694633000,0,0.01406427,1545.7600
1624208304927000,0,0.51696823,1545.0800
1624208305432000,0,0.51696823,1545.0800
1624208305888000,0,0.51696823,1545.0800
1624208490623000,0,0.05000000,1544.7600
1624208602813000,0,0.32236556,1543.3100
1624208645304000,1,1.30000000,1539.7000
1624209014519000,1,0.01577963,1543.8900
1624209014635000,0,0.03143803,1543.8800
1624209087209000,1,0.05000000,1546.2100
1624209095068000,0,0.05000000,1546.9700
1624209095068000,0,0.06752700,1547.4900
1624209396354000,0,0.05000000,1550.8200
1624209474882000,0,0.05000000,1551.8500
1624209474882000,0,0.04258569,1552.1700
1624209475316000,0,0.05000000,1551.8700
1624209475316000,0,0.04258569,1552.1700
1624209479378000,0,0.17188906,1551.5200
1624209483384000,0,0.14334055,1551.5000
1624209660602000,1,0.14000000,1551.7400
1624209660733000,1,0.11000000,1551.7400
1624211346035000,0,1.27946209,1549.9500
1624211346036000,0,2.09465910,1549.9500
1624211346116000,0,0.14000000,1549.9500
1624211543197000,1,0.21758482,1542.5600
1624211910371000,0,0.12000000,1549.7100
1624212500345000,1,0.04999999,1548.4100
1624212500347000,1,0.00000001,1548.4100
1624213471630000,0,0.26362294,1557.8700
1624215210363000,0,0.07925251,1569.5400
1624215516233000,0,0.05000000,1565.0300
1624215516233000,0,0.90349604,1565.3400
1624215602311000,0,0.26792490,1570.1400
1624215706222000,1,0.09800000,1577.3500
1624215706564000,1,0.00200000,1577.3500
1624215967270000,0,0.87104204,1573.5400
1624215967271000,0,1.48268645,1573.5400
1624215967271000,0,0.06952093,1573.5400
1624215967350000,0,0.05000000,1573.5400
1624215968349000,0,0.11076645,1573.5400
1624215968381000,0,0.05000000,1573.5400
1624216031979000,1,0.09999999,1571.9000
1624216032010000,1,0.00000001,1571.9000
1624216224375000,0,0.03312857,1569.3400
1624216239847000,0,0.05000000,1569.7100
1624216239847000,0,0.05000000,1569.9100
1624216239847000,0,0.05000000,1570.2300
1624216239847000,0,0.61034295,1570.4900
1624216335280000,0,1.28810000,1570.8900
1624217295357000,1,0.04999999,1577.3900
1624217295358000,1,0.00000001,1577.3900
1624217357245000,0,1.70000000,1577.2600
1624217357245000,0,2.40425782,1577.3300
1624217410394000,0,0.11697482,1576.6400
1624217450967000,0,0.05000000,1575.4900
1624217453912000,0,0.10887028,1575.1300
1624217523967000,0,1.80880000,1573.5400
1624217560079000,0,0.14405150,1575.9600
1624217567585000,0,0.06699228,1576.0400
1624217701977000,0,1.61582270,1584.8900
1624217701978000,0,0.64508545,1584.8900
1624217701981000,0,1.61582270,1584.8900
1624217701983000,0,1.61582270,1584.8900
1624217711213000,1,0.05000000,1582.5800
1624217715745000,0,0.14209807,1583.9600
1624217716293000,0,0.14209807,1583.9600
1624217759749000,0,0.05000000,1588.0300
1624217787385000,0,0.05000000,1594.3500
1624217791087000,1,0.05000000,1592.6000
1624217792320000,1,0.04000000,1592.2100
1624217805196000,0,0.05000000,1596.3400
1624217805196000,0,0.03163211,1596.6200
1624217806178000,1,0.01868131,1595.1600
1624217806197000,1,0.00000001,1595.1600
1624217807317000,1,0.01783811,1595.0400
1624217807327000,1,0.00000001,1595.0400
1624217810982000,0,0.49298887,1596.6200
1624217817691000,1,0.02168911,1594.4700
1624217817722000,1,0.00000001,1594.4700
1624217822836000,0,0.05000000,1596.6200
1624217825291000,0,0.34558696,1597.9800
1624217827825000,1,0.19446690,1596.7700
1624217828713000,0,0.05000000,1597.9800
1624217829378000,0,0.14000000,1597.9800
1624217829558000,0,1.46441304,1597.9800
1624217836615000,1,0.14000000,1600.9100
1624217836946000,1,0.63541900,1600.9100
1624217837596000,1,0.47424473,1600.9100
1624217837621000,1,0.35861382,1600.9100
1624217879251000,0,0.05000000,1611.3100
1624217879251000,0,0.05000000,1612.1700
1624217879251000,0,0.03643961,1612.9700
1624217909440000,1,0.05000000,1620.7400
1624217909440000,1,1.70000000,1620.7200
1624217914891000,1,0.05000000,1618.1900
1624217917150000,1,0.05000000,1617.8800
1624217917150000,1,0.08000000,1617.8700
1624217919948000,1,0.05000000,1617.8700
1624217944196000,1,0.24000000,1618.9900
1624217944385000,1,2.17390000,1618.9900
1624217944522000,1,0.00001855,1618.9900
1624218001149000,1,0.12537707,1613.8600
1624218001189000,1,0.00000001,1613.8600
1624218071549000,0,0.05000000,1616.5300
1624218071549000,0,0.01154945,1616.8300
1624218122116000,1,0.03134895,1615.8900
1624218122133000,1,0.00000001,1615.8900
1624218133507000,1,0.03099832,1615.6900
1624218133521000,1,0.00000001,1615.6900
1624218134177000,1,0.03100799,1615.3400
1624218134180000,1,0.07748625,1614.9600
1624218134180000,1,0.20146425,1614.9600
1624218134180000,1,0.05000000,1614.9500
1624218199214000,1,0.06189026,1612.3900
1624218199221000,1,0.00000001,1612.3900
1624218287582000,1,0.03301712,1620.0300
1624218287582000,1,0.03301712,1620.0200
1624218287582000,1,0.03301712,1620.0100
1624218364309000,1,0.01983616,1615.9800
1624218364333000,1,0.00000001,1615.9800
1624218368007000,1,0.01962198,1614.4600
1624218378867000,1,0.01895815,1614.4500
1624218378871000,1,0.00000001,1614.4500
1624218381640000,1,0.01896941,1614.0800
1624218399462000,1,0.01834105,1613.3800
1624218410189000,1,0.01687641,1613.7600
1624218410197000,1,0.00000001,1613.7600
1624218410227000,1,0.10972508,1613.3000
1624218410227000,1,0.04218315,1613.3000
1624218516990000,0,0.14000000,1609.2000
1624218517403000,1,0.05000000,1607.8900
1624218517403000,1,0.05000000,1607.4100
1624218517403000,1,0.40000000,1607.0900
1624218554052000,0,0.01467398,1612.6700
1624218610372000,1,0.02031410,1612.8400
1624218610460000,1,0.00621632,1612.8400
1624218635855000,1,0.02506124,1611.1800
1624218635855000,1,0.06519234,1611.1800
1624218635892000,1,0.00000001,1611.1800
1624218659304000,1,0.02259505,1610.0600
1624218659304000,1,0.05874711,1610.0600
1624218705105000,1,0.02000000,1609.6500
1624218705974000,1,0.00029954,1609.6500
1624218705974000,1,0.05280303,1609.6100
1624218706015000,1,0.00000001,1609.6100
1624218726766000,1,0.04746234,1608.8300
1624218726766000,1,0.01825474,1608.8300
1624218726768000,1,0.00000001,1608.8300
1624218753868000,1,0.01600000,1609.0500
1624218788241000,1,0.01500000,1609.2700
1624218800095000,0,0.05000000,1609.8800
1624218800142000,1,0.08900000,1609.8800
1624218800148000,1,0.05000000,1609.8800
1624218802915000,1,0.01100000,1609.8800
1624218837087000,1,0.01554384,1609.3700
1624218837087000,1,0.04041398,1609.3600
1624218837087000,1,0.05958601,1609.3400
1624218837093000,1,0.04041399,1609.3400
1624219046893000,1,0.03000000,1609.5000
1624219208152000,0,0.14000000,1615.6600
1624219209252000,1,0.05000000,1614.0500
1624219209252000,1,0.05000000,1614.0100
1624219209252000,1,0.05000000,1613.5500
1624219209252000,1,0.53000000,1613.2500
1624219210384000,0,0.27151009,1615.6600
1624219210404000,0,0.12249118,1615.6600
1624219210404000,0,0.48474208,1615.6600
1624219210439000,0,0.07006081,1615.6600
1624219210441000,0,0.77952383,1615.6600
1624219210441000,0,0.45806171,1615.6600
1624219210507000,0,1.59517144,1615.6600
1624219210507000,0,0.22564557,1615.6600
1624219210510000,0,0.56012318,1615.6600
1624219211322000,1,0.39000000,1613.3400
1624219214215000,1,1.31000000,1613.3400
1624219224608000,1,0.34347396,1615.7400
1624219224610000,1,0.14000000,1615.7400
1624219225165000,1,0.30971985,1615.6600
1624219238399000,1,0.60597099,1611.4500
1624219468795000,0,0.14000000,1608.0700
1624219521090000,1,1.35170000,1606.5700
1624219567006000,0,0.05000000,1608.9700
1624219567006000,0,0.05000000,1609.7700
1624219617411000,1,0.02919994,1611.0300
1624219729717000,1,0.03000000,1613.0200
1624219731438000,1,0.30000000,1613.0200
1624219731477000,1,0.34000000,1613.0200
1624219738210000,1,1.34623533,1613.1500
1624219741901000,1,0.40000000,1612.8000
1624219741901000,1,0.08000000,1612.8000
1624219748936000,1,1.34000000,1612.3200
1624219787341000,0,0.14492213,1615.5400
1624219814803000,0,5.48422003,1621.4800
1624219861156000,1,0.11500000,1621.1200
1624219928513000,1,0.02500000,1626.8200
1624220057708000,1,0.01556459,1626.9800
1624220098955000,0,0.05000000,1627.0400
1624220098955000,0,0.05000000,1627.3400
1624220099026000,1,0.05000000,1627.4400
1624220103875000,0,0.04999999,1627.6200
1624220105539000,0,0.00000001,1627.6200
1624220133462000,1,1.56000000,1630.3300
1624220150736000,0,0.05000000,1633.2800
1624220215787000,1,0.24000000,1625.5600
1624220215859000,1,0.03706449,1624.9400
1624220215859000,1,5.16923551,1624.6400
1624220265321000,0,0.05000000,1621.6400
1624220265321000,0,0.05000000,1622.0100
1624220265321000,0,0.08530100,1622.3500
1624220266526000,0,0.05000000,1621.1100
1624220266526000,0,0.04713603,1621.1100
1624220327299000,1,0.05000000,1620.7200
1624220350416000,1,0.05000000,1620.0700
1624220364445000,1,0.09999999,1622.4300
1624220364460000,1,0.00000001,1622.4300
1624220383282000,1,0.15000000,1619.5000
1624220632188000,0,5.34000000,1627.8300
1624220632234000,0,0.00811799,1627.8300
1624220640988000,1,0.04900000,1626.0000
1624220649923000,1,0.01409906,1624.7100
1624220847273000,0,0.52921687,1625.2800
1624220847273000,0,0.52921686,1625.2900
1624221060611000,1,0.02791779,1631.3700
1624221590453000,0,0.14000000,1628.2100
1624221614459000,1,1.37206433,1628.2000
1624221735240000,0,0.42999999,1636.2900
1624221735347000,0,0.00000001,1636.2900
1624221736395000,0,0.05000000,1638.2500
1624221737427000,1,0.05000000,1637.9900
1624221741038000,1,0.09000000,1637.5400
1624221742697000,0,0.52444515,1640.7300
1624221742725000,0,0.00000001,1640.7300
1624221745630000,1,1.70000000,1639.4100
1624221787998000,1,0.02068896,1629.3000
1624222167634000,1,3.14150000,1627.0900
1624222208403000,1,0.02097482,1628.9300
1624222208404000,1,0.00000001,1628.9300
1624222517702000,0,0.27000000,1631.1300
1624222520371000,0,2.14000000,1631.3100
1624222520372000,0,1.77000000,1631.3100
1624222520401000,0,1.22938469,1631.3100
1624222753870000,1,1.70000000,1634.6400
1624222754721000,1,1.43000000,1633.5000
1624223757983000,0,0.05000000,1630.5600
1624223759887000,0,0.43000000,1630.5500
1624223759887000,0,0.05000000,1630.9100
1624223760958000,0,1.70000000,1630.9000
1624223760958000,0,0.05000000,1630.9500
1624223760958000,0,1.33000000,1630.9800
1624223761500000,0,0.00298841,1630.9800
1624223761500000,0,1.70000000,1631.1800
1624223761969000,0,1.70000000,1630.9000
1624223761969000,0,1.33000000,1630.9800
1624223763058000,0,1.70000000,1630.9400
1624223763211000,0,0.00298841,1630.9800
1624224174673000,0,1.33299620,1631.2200
1624224174673000,0,0.43000000,1631.5200
1624224174673000,0,1.08778651,1631.5300
1624224370558000,0,1.33260000,1633.8600
1624224374244000,0,0.00004106,1633.8600
1624224374262000,0,1.33060000,1634.1000
1624224374484000,0,1.33190000,1634.4700
1624224380361000,0,0.00003520,1634.4700
1624224380361000,0,1.33066480,1634.9200
1624224388821000,0,0.00004460,1634.9200
1624224399988000,0,1.32980000,1636.4400
1624224654117000,0,1.15638873,1639.7600
1624224657162000,0,0.89211265,1640.7700
1624224670221000,1,0.28221869,1640.1700
1624224730206000,0,0.75445000,1648.7800
1624224730206000,0,0.05000000,1649.2200
1624224733554000,0,0.52144586,1650.2400
1624224773855000,1,5.00019678,1646.0500
1624224881733000,1,0.02914666,1647.1700
1624224987554000,0,0.14000000,1639.8500
1624225030969000,0,5.33000000,1642.5300
1624225057539000,0,0.10000000,1644.9400
1624225169695000,0,0.05000000,1642.0900
1624225169695000,0,0.05000000,1642.4500
1624225169695000,0,0.05000000,1642.8500
1624225169695000,0,0.25000000,1642.8800
1624225316339000,0,0.05000000,1637.0000
1624225316539000,0,0.25000000,1637.0000
1624225502576000,0,0.05000000,1640.8600
1624226926642000,1,0.05000000,1636.6600
1624227138653000,1,1.70000000,1635.7700
1624227168588000,1,1.55460000,1632.1000
1624227173680000,1,0.05000000,1630.0200
1624228485746000,1,1.33182391,1632.2500
1624228485746000,1,1.33182391,1631.9000
1624228488137000,1,1.33000000,1632.1300
1624228490230000,1,0.00222570,1632.1300
1624228490230000,1,1.32777430,1631.9000
1624228492379000,1,1.33000000,1632.1300
1624228497752000,1,0.00222570,1632.1300
1624228497752000,1,0.00404961,1631.9000
1624228497752000,1,1.32372469,1631.7100
1624228499227000,1,0.13761479,1632.1300
1624228499920000,1,1.19461091,1632.1300
1624228499920000,1,1.32538909,1631.9000
1624228502482000,1,1.33000000,1632.1300
1624228514156000,1,0.03000000,1631.2400
1624228514226000,1,0.14000000,1631.2400
1624228514612000,1,1.33203199,1630.5800
1624228514612000,1,4.99741234,1630.5500
1624228582350000,1,1.33134545,1633.2400
1624228582350000,1,1.51943726,1633.2400
1624228594510000,1,1.33050000,1635.0900
1624228596370000,1,0.00000768,1635.0900
1624228596370000,1,1.33050768,1635.0900
1624228596370000,1,1.27728722,1634.8500
1624228635101000,0,0.02200000,1636.1100
1624228639140000,0,0.01700000,1636.1100
1624228639876000,0,0.01400000,1636.4100
1624228773032000,1,0.03600000,1637.3200
1624228773032000,1,0.04400000,1637.3100
1624228780485000,1,0.05000000,1637.9100
1624228782064000,1,0.02900000,1637.5800
1624228785965000,1,0.02254000,1636.5900
1624228796611000,1,0.01800000,1635.8600
1624228821205000,1,0.01500000,1635.7600
1624228821205000,1,1.28828276,1635.7500
1624228823434000,1,0.04000000,1635.7500
1624228826195000,1,1.30313356,1635.4300
1624228852060000,1,1.32000000,1637.0000
1624228871280000,1,1.32000000,1636.9000
1624228902887000,1,1.32840834,1637.6500
1624228906172000,1,1.32000000,1637.3800
1624228946444000,1,1.30206082,1637.7100
1624228969668000,1,1.32863349,1637.4200
1624228981188000,1,1.32000000,1637.1300
1624229007472000,0,0.14000000,1638.6500
1624229016941000,1,1.32000000,1637.5300
1624229056649000,1,0.05000000,1637.5600
1624229067329000,1,1.32872472,1637.2700
1624229129023000,1,1.66600000,1638.7100
1624229151348000,1,0.05000000,1639.7600
1624229157711000,1,1.70000000,1639.6200
1624229246800000,1,1.32000000,1636.3300
1624229260842000,1,0.22124675,1635.0000
1624229260856000,1,0.22124675,1635.0000
1624229260869000,1,0.22129380,1635.0000
1624229261856000,1,0.44244055,1635.0000
1624229262796000,1,0.10309327,1635.0000
1624229264363000,1,0.12033219,1635.0000
1624229264363000,1,1.70000000,1635.0000
1624229264363000,1,0.05000000,1634.9600
1624229264363000,1,0.28253181,1634.8400
1624229264494000,1,0.05000000,1635.1700
1624229264725000,1,1.04710197,1634.8400
1624229264725000,1,1.32978439,1634.3600
1624229264725000,1,5.17013230,1634.2700
1624229264725000,1,1.32887103,1634.2500
1624229264725000,1,0.05000000,1634.1100
1624229264725000,1,1.32918756,1633.7700
1624229264725000,1,0.43000000,1633.6100
1624229266405000,1,1.70000000,1635.0100
1624229266405000,1,1.32965331,1635.0000
1624229266405000,1,1.32963378,1634.8400
1624229266405000,1,1.70000000,1634.4400
1624229266405000,1,1.32978439,1634.3600
1624229266405000,1,1.32887103,1634.2500
1624229266405000,1,1.26101171,1633.7700
1624229284813000,1,0.07510466,1634.3600
1624229284830000,1,0.07511896,1634.3600
1624229284861000,1,0.07510466,1634.3600
1624229286214000,1,1.10445611,1634.3600
1624229286214000,1,1.32991056,1634.3500
1624229286214000,1,0.04590453,1634.3400
1624229287210000,1,1.28392000,1634.3400
1624229294798000,1,0.07506141,1635.2800
1624229311427000,1,1.25444701,1635.2800
1624229312446000,1,1.32911897,1634.9100
1624229312446000,1,0.79981188,1634.3600
1624229316437000,1,1.32911897,1634.9100
1624229316437000,1,0.79984962,1634.6900
1624229316508000,1,0.52986304,1634.6900
1624229316508000,1,0.52997251,1634.3600
1624229316508000,1,1.32962177,1634.1100
1624229316508000,1,1.05908218,1633.6100
1624229316508000,1,0.43000000,1633.3000
1624229316508000,1,1.32942894,1633.2900
1624229316508000,1,1.32951283,1633.2100
1624229316724000,1,0.09506000,1634.9100
1624229316739000,1,0.09504314,1634.9100
1624229321505000,1,1.32962177,1634.1100
1624229321505000,1,1.32981689,1634.0200
1624229321505000,1,1.32992371,1633.7900
1624229321505000,1,1.22265045,1633.2900
1624229326721000,1,0.09504272,1634.6100
1624229338799000,1,0.10677849,1633.2900
1624229342736000,1,1.33029724,1633.6200
1624229342736000,1,0.73956625,1633.2900
1624229347552000,1,1.33055436,1632.9400
1624229347552000,1,1.32965000,1632.5000
1624229347552000,1,1.33047712,1632.3000
1624229351747000,1,1.33000000,1631.9300
1624229353755000,1,0.00097815,1631.9300
1624229353755000,1,1.33097815,1631.9300
1624229353755000,1,1.33126474,1631.3500
1624229353755000,1,1.32677896,1631.3300
1624229355771000,1,1.33000000,1631.3500
1624229357786000,1,0.00126474,1631.3500
1624229357786000,1,1.30710421,1631.3500
1624229358766000,1,0.02416053,1631.3500
1624229358766000,1,0.00200685,1631.3300
1624229359936000,1,1.33126474,1631.3500
1624229359936000,1,0.00053403,1631.3300
1624229359936000,1,1.32820123,1631.3300
1624229364818000,1,0.19970342,1631.3500
1624229366140000,1,1.33000000,1632.7300
1624229370295000,1,0.00054601,1632.7300
1624229370295000,1,1.33054601,1631.9100
1624229370295000,1,1.12890798,1631.3500
1624229389600000,1,0.05353197,1631.7100
1624229394547000,1,1.08177753,1631.7100
1624229397274000,1,0.19568178,1631.7100
1624229397274000,1,0.00265334,1631.3500
1624229397274000,1,0.00111861,1631.3300
1624229397274000,1,0.73923927,1631.2500
1624229407273000,1,0.46951452,1630.5800
1624229411068000,1,0.07702420,1630.2300
1624229438923000,1,1.30498474,1631.2900
1624229438939000,1,0.02663234,1631.2900
1624229443965000,1,1.30433602,1631.7600
1624229449031000,1,0.02608672,1631.7600
1624229455776000,0,5.30314097,1633.1400
1624229462203000,1,1.33022981,1632.8800
1624229462203000,1,0.82472816,1632.5500
1624229467267000,1,0.50550165,1632.5500
1624229467267000,1,0.57227850,1632.1400
1624229477164000,1,1.33129102,1631.8700
1624229477164000,1,0.00053238,1631.7600
1624229477164000,1,0.83632860,1631.5800
1624229477185000,1,0.49518751,1631.5800
1624229482175000,1,1.16722150,1631.8700
1624229531299000,1,1.33110805,1632.0800
1624229531299000,1,1.27786373,1631.7600
1624229536226000,1,1.33110805,1632.0800
1624229536226000,1,0.02555727,1631.7600
1624229537215000,1,1.33110805,1632.0800
1624229537215000,1,0.00051115,1631.7600
1624229537251000,1,0.02717590,1631.7600
1624229539042000,1,1.33000000,1632.0800
1624229671529000,1,1.32904334,1634.1400
1624229671529000,1,1.32904334,1633.8300
1624229672301000,1,1.32900000,1634.1400
1624229677232000,1,1.30317963,1633.1300
1624229678235000,1,1.32930079,1632.8500
1624229678235000,1,0.93927166,1632.7000
1624229747433000,1,1.30278485,1632.9300
1624229748383000,1,0.02605570,1632.9300
1624229756540000,1,0.00053175,1632.9300
1624229756540000,1,0.93237226,1632.6500
1624229757560000,1,0.38936537,1632.6500
1624229822308000,1,0.00110805,1632.0800
1624229843507000,1,0.03000000,1630.6000
1624229870950000,1,1.33000000,1630.6400
1624229871155000,1,0.00151086,1630.6400
1624229893815000,1,1.24000000,1631.4300
1624229909654000,1,1.33000000,1631.3800
1624229911763000,1,0.00095700,1631.3800
1624229911763000,1,1.32904300,1631.1200
1624229944354000,1,1.33000000,1631.2400
1624229948046000,1,0.02653772,1631.2500
1624229948046000,1,0.00116075,1631.2400
1624229956140000,1,1.33130000,1631.2200
1624229956143000,1,0.00003740,1631.2200
1624229956514000,1,1.33120000,1630.9300
1624229995803000,1,1.33000000,1630.6200
1624230057219000,1,1.30379680,1631.9700
1624230184506000,1,0.01611168,1625.3100
1624230184506000,1,0.14187916,1625.1000
1624230184519000,1,0.15799084,1625.1000
1624230188546000,1,0.40013000,1625.1000
1624230188546000,1,0.01448234,1625.0100
1624230190156000,1,0.01361892,1625.2100
1624230190156000,1,0.70000000,1625.2000
1624230238193000,1,0.05000000,1625.0000
1624230238379000,1,0.05000000,1625.0000
1624230301875000,1,1.33000000,1622.4500
1624230331507000,0,0.05000000,1625.3900
1624230331730000,0,0.60000000,1625.8300
1624230363385000,1,1.33630000,1624.5600
1624230587047000,1,1.33590000,1625.1200
1624230599378000,1,0.00009705,1625.1200
1624230668665000,1,0.60000000,1629.3800
1624231077432000,1,0.03104735,1630.4200
1624231078380000,1,0.03104653,1630.4200
1624231082384000,1,0.03104735,1630.4200
1624231083960000,1,0.01481799,1630.4200
1624231083974000,1,0.01481858,1630.4200
1624231083997000,1,0.01481799,1630.4200
1624231084942000,1,0.02963400,1630.4200
1624231097227000,1,1.14107095,1630.4200
1624231097345000,1,0.02328716,1630.4200
1624231101227000,1,1.30495614,1630.4200
1624231992434000,0,0.43000000,1628.1900
1624231992434000,0,0.52809714,1628.2200
1624231992921000,0,5.11471363,1628.5000
1624232266268000,1,2.02120000,1616.0200
1624233274264000,1,0.18581284,1620.7200
1624233274264000,1,0.28086043,1620.7100
1624233301870000,0,1.96000000,1620.7000
1624233303161000,0,0.04000000,1620.7000
1624233833733000,1,5.27000000,1632.0300
1624234475350000,1,0.05000000,1612.6300
1624234475411000,1,0.05793614,1612.6300
1624234733825000,1,0.09857097,1607.6800
1624234733825000,1,0.05000000,1607.6700
1624234733866000,1,0.05000000,1606.9700
1624234742848000,0,0.05000000,1609.7600
1624234835372000,0,5.28000000,1609.8500
1624237816003000,1,0.36116010,1612.1900
1624241899597000,1,0.09800000,1591.5300
1624241900461000,1,0.05000000,1591.0000
1624241900941000,1,0.03500000,1591.0000
1624241902564000,1,0.05000000,1591.0000
1624241921277000,1,0.05000000,1591.0000
1624241926217000,1,0.05000000,1591.0000
1624241926751000,1,0.01500000,1591.0000
1624242641459000,1,0.25924858,1587.3800
1624242641459000,1,0.05000000,1587.3700
1624242641459000,1,0.05000000,1587.0700
1624242641459000,1,0.43000000,1586.3900
1624242641459000,1,0.67421449,1586.3800
1624242641459000,1,0.14017362,1586.3700
1624242641461000,1,0.09999999,1587.7200
1624242641461000,1,0.00369814,1587.7200
1624242641461000,1,0.60000000,1587.6200
1624242641461000,1,0.99993855,1586.3700
1624242641467000,1,0.22663506,1586.3700
1624242641467000,1,1.36712669,1585.8500
1624242641467000,1,0.00987494,1585.7600
1624242737660000,1,0.22000000,1584.9500
1624242757251000,1,2.44000000,1584.9500
1624242757956000,1,0.31133619,1584.9500
1624242757980000,1,0.31128555,1584.9500
1624242817968000,1,0.60000000,1583.6400
1624243328761000,1,0.19475499,1580.0200
1624243328761000,1,1.04095736,1580.0200
1624243328764000,1,0.46428765,1580.0200
1624243416986000,1,2.34170000,1579.9500
1624243417066000,1,0.08000000,1579.9500
1624243417087000,1,0.07000000,1579.9500
1624244909201000,0,0.14000000,1576.3900
1624244909787000,0,0.46169690,1576.3900
1624244909858000,0,0.74610937,1576.3900
1624244909994000,0,0.75219372,1576.3900
1624244917303000,0,0.00000001,1576.3900
1624246050865000,1,0.10000000,1578.1100
1624246330339000,1,0.04000000,1579.1200
1624246332579000,1,0.22983352,1578.7000
1624246444207000,0,0.14000000,1573.6800
1624246444592000,0,1.25229104,1573.6800
1624246444831000,0,0.23808467,1573.6800
1624246444876000,0,0.06962429,1573.6800
1624246446133000,1,0.05000000,1573.8000
1624246446133000,1,0.05000000,1573.6800
1624246446133000,1,0.40000000,1573.2600
1624248053580000,1,0.51381871,1564.0900
1624248053617000,1,0.05000000,1564.0900
1624248053782000,1,0.23618129,1564.0900
1624248074695000,1,0.05000000,1560.8300
1624248074699000,1,0.23000000,1560.8300
1624248074748000,1,0.55410425,1560.8300
1624248119725000,0,1.44661063,1561.3300
1624248119725000,0,0.25338937,1561.3300
1624248119725000,0,0.55066618,1561.3900
1624248119725000,0,0.05000000,1561.4000
1624248119725000,0,1.00740164,1561.7100
1624248119736000,0,0.36892431,1561.7100
1624248338188000,1,0.27973863,1550.0100
1624248345142000,1,0.20000000,1550.0000
1624248360893000,1,0.05000000,1548.9600
1624248360893000,1,1.36184068,1548.7200
1624248360897000,1,0.33815932,1548.7200
1624248360897000,1,0.07790070,1548.6600
1624248360897000,1,0.09585895,1548.6600
1624248360897000,1,0.09885257,1548.6600
1624248360897000,1,0.05000000,1548.6400
1624248360897000,1,1.40265570,1548.1700
1624248373395000,1,0.05000000,1547.4300
1624248373443000,1,0.15590542,1547.4300
1624248373456000,1,0.48864090,1547.4300
1624248373458000,1,0.15075855,1547.4300
1624248422076000,1,0.74782079,1547.0000
1624248422241000,1,0.25217921,1547.0000
1624248446613000,0,0.05000000,1547.3300
1624248454940000,0,0.04999999,1547.0900
1624248454943000,0,0.00000001,1547.0900
1624248490618000,1,1.61149556,1546.8800
1624248490619000,1,0.08850444,1546.8800
1624248490620000,1,0.05000000,1546.5500
1624248576439000,0,0.04999999,1543.6600
1624248576440000,0,0.00000001,1543.6600
1624248576440000,0,0.04999998,1543.9900
1624248576443000,0,0.04999999,1543.9900
1624248697259000,1,0.06752013,1542.6800
1624248703206000,1,0.00137796,1542.6800
1624248703328000,1,0.03000000,1541.5800
1624248703929000,1,0.14221621,1541.5800
1624248825040000,1,0.12337538,1533.6500
1624248834539000,1,0.50000000,1534.3400
1624248922974000,1,0.04900000,1539.1700
1624248944166000,0,0.84028978,1540.8100
1624248944234000,0,0.55529770,1540.8100
1624248944234000,0,0.97168738,1540.8100
1624248944238000,0,2.65734188,1540.8100
1624249425908000,1,0.05000000,1522.2600
1624249425908000,1,0.07087606,1521.9500
1624250000697000,1,0.14000000,1519.0100
1624250000919000,1,0.05000000,1519.0100
1624250000990000,1,0.23841487,1519.0100
1624250003619000,1,3.95000000,1519.0100
1624250004056000,1,0.39986449,1519.0100
1624250004073000,1,0.05000000,1519.0100
1624250004798000,1,0.37350269,1519.0100
1624250005078000,1,0.05000000,1519.0100
1624250005083000,1,0.17450526,1519.0100
1624250005164000,1,0.52255366,1519.0100
1624250005179000,1,5.08792067,1519.0100
1624250037168000,1,3.45000000,1517.7800
1624250042311000,1,0.25328647,1517.7800
1624250042339000,1,0.14971700,1517.7800
1624250042357000,1,0.03753229,1517.7800
1624250042368000,1,1.10796624,1517.7800
1624250042376000,1,0.82330052,1517.7800
1624250042459000,1,0.05000000,1517.7800
1624250042482000,1,2.37612043,1517.7800
1624250096992000,0,0.14000000,1517.8700
1624250097133000,0,0.05000000,1517.8700
1624250107392000,0,0.48884663,1519.4400
1624250157936000,1,0.41608280,1516.9200
1624250279949000,1,0.05000000,1513.6200
1624250279949000,1,1.63107509,1513.5700
1624250279950000,1,0.06892491,1513.5700
1624250279950000,1,0.05000000,1513.5000
1624250279951000,1,0.70000000,1513.0500
1624250279951000,1,0.34377978,1512.8600
1624250279951000,1,0.13751191,1512.8600
1624250305972000,0,0.44520177,1512.4600
1624250305978000,0,0.12353251,1512.4600
1624250320466000,1,0.05000000,1511.5300
1624250321205000,1,0.14849328,1509.9000
1624250321750000,1,0.14825385,1509.3700
1624250321876000,1,0.37078387,1509.1200
1624250341710000,0,0.74446080,1505.0400
1624250341711000,0,0.95553920,1505.0400
1624250423048000,1,0.05000000,1504.9900
1624250423897000,1,0.01576975,1504.9900
1624250439426000,0,0.05000000,1501.5400
1624250445238000,1,0.15451994,1500.1300
1624250445238000,1,0.03309999,1500.0000
1624250445238000,1,0.05000000,1499.6100
1624250445238000,1,0.09238007,1499.1900
1624250447994000,0,0.04999999,1500.1100
1624250448041000,0,0.00000001,1500.1100
1624250712561000,1,0.05000000,1520.1400
1624250712561000,1,0.05000000,1519.9700
1624250712561000,1,0.00689500,1519.3900
1624250735872000,0,0.55436112,1520.8000
1624250735873000,0,0.01131349,1520.8000
1624250764577000,1,6.18105406,1518.9800
1624251037971000,1,0.14000000,1519.5500
1624251038005000,1,0.31610196,1519.5500
1624251244375000,0,0.14000000,1520.3100
1624251299819000,0,0.45681613,1525.8300
1624251299827000,0,0.95216170,1525.8300
1624251306277000,0,0.56305022,1527.2200
1624251306277000,0,0.03318022,1527.2300
1624251306285000,0,0.58830795,1527.2300
1624251306290000,0,1.61699992,1527.2300
1624251306297000,0,1.42464278,1527.2300
1624251448037000,1,0.13343113,1535.4900
1624251448125000,1,1.66293078,1535.4900
1624251448126000,1,0.79678810,1535.4900
1624251448198000,1,0.19778681,1535.4900
1624251448242000,1,0.24629550,1535.4900
1624251448249000,1,0.64006648,1535.4900
1624251448334000,1,0.29611922,1535.4900
1624251448352000,1,0.02499876,1535.4900
1624251448368000,1,0.17229304,1535.4900
1624251448369000,1,0.88615369,1535.4900
1624251448386000,1,0.51809245,1535.4900
1624251448472000,1,0.05000000,1535.4900
1624251448491000,1,3.54693705,1535.4900
1624251611443000,1,9.16622191,1536.4400
1624251637318000,0,1.41605372,1537.3200
1624251639696000,0,0.42999999,1539.4700
1624251639697000,0,0.00000001,1539.4700
1624251983263000,0,0.05000000,1535.3200
1624251983263000,0,0.05000000,1535.7700
1624251983263000,0,0.60000000,1536.0800
1624251983263000,0,0.05000000,1536.1800
1624251983263000,0,0.70133128,1536.4900
1624251985257000,0,0.04999999,1535.2600
1624251985273000,0,0.00000001,1535.2600
1624252232093000,1,0.05000000,1534.3200
1624252232093000,1,1.70000000,1533.8700
1624252232093000,1,0.66391855,1533.8000
1624252278214000,1,2.55010000,1529.3000
1624252365979000,1,0.12981855,1518.3700
1624252365983000,1,0.00000001,1518.3700
1624252775827000,1,0.12519816,1525.4600
1624252775829000,1,0.00000001,1525.4600
1624252942840000,0,1.29374064,1517.7900
1624252943483000,0,0.12182776,1517.7900
1624253000868000,1,0.19542983,1522.3700
1624253007004000,1,0.00398836,1522.3700
1624253209099000,1,0.15293576,1523.2900
1624253257813000,1,0.33000000,1523.6800
1624253270971000,1,0.00748912,1523.6800
1624253324378000,0,0.05000000,1524.3300
1624254602507000,0,1.41249347,1541.5500
1624254602507000,0,0.20515503,1542.0900
1624254830529000,1,0.05000000,1541.3900
1624254830529000,1,0.05000000,1541.1200
1624254830529000,1,0.05625022,1540.6200
1624254830529000,1,0.14060000,1540.6200
1624254830529000,1,0.05000000,1540.6100
1624254830529000,1,0.05000000,1540.4900
1624254830529000,1,0.04324564,1539.8500
1624254919978000,0,0.57016227,1543.8800
1624255242372000,0,0.05000000,1539.8400
1624256350150000,0,0.05000000,1540.6600
1624256390238000,1,0.06724479,1538.8100
1624256742451000,1,0.06000000,1530.4900
1624256838510000,1,0.05000000,1529.0900
1624256845095000,1,0.05570870,1524.8100
1624256845095000,1,0.05000000,1524.8100
1624256845095000,1,0.05000000,1524.4100
1624256845095000,1,1.46013080,1524.1100
1624256845095000,1,0.23986920,1524.1100
1624256845095000,1,0.14075766,1524.0500
1624256845095000,1,0.05745009,1524.0500
1624256863542000,1,0.04705711,1519.9200
1624256865022000,1,0.04716987,1518.5600
1624256909993000,0,0.05000000,1505.4400
1624256909993000,0,0.05000000,1505.5400
1624256909993000,0,0.70000000,1506.1900
1624256909993000,0,1.70000000,1506.2900
1624256909993000,0,0.05000000,1506.3600
1624256909993000,0,0.09921439,1507.1100
1624256922066000,1,0.05000000,1490.7400
1624256922066000,1,0.05000000,1490.3600
1624256922066000,1,0.05000000,1490.3600
1624256922066000,1,0.90000000,1490.0000
1624256922066000,1,1.00000000,1490.0000
1624256954956000,0,0.04999999,1498.0400
1624256954957000,0,0.00000001,1498.0400
1624256955045000,0,0.10000000,1498.4100
1624256955167000,0,0.01838196,1498.0400
1624256955317000,0,0.03161804,1498.0400
1624256976370000,1,0.05000000,1496.9200
1624256976370000,1,0.04999999,1496.9100
1624256994565000,0,0.05000000,1497.9300
1624256994955000,0,0.06000000,1498.6700
1624257029926000,1,0.71000000,1483.6300
1624257030125000,1,0.05000000,1484.3700
1624257030559000,1,0.05000000,1483.3600
1624257030559000,1,3.87000000,1482.6200
1624257041655000,1,0.04999999,1468.9400
1624257041662000,1,0.00000001,1468.9400
1624257051197000,0,0.05000000,1473.9100
1624257051197000,0,0.04999999,1473.9200
1624257051197000,0,0.00000001,1473.9200
1624257064323000,1,0.05000000,1468.5100
1624257065259000,1,0.24000000,1467.1400
1624257070844000,1,1.24613959,1464.8700
1624257070847000,1,1.61571010,1464.8700
1624257070923000,1,0.10000000,1463.3800
1624257072740000,1,1.70000000,1460.8900
1624257103454000,0,0.05000000,1468.9700
1624257103454000,0,0.10000000,1469.3400
1624257103454000,0,1.39617268,1469.7000
1624257103456000,0,0.08761741,1469.7000
1624257128841000,0,0.29978900,1472.0600
1624257128841000,0,0.05000000,1472.5000
1624257138532000,1,0.04999999,1468.6200
1624257138534000,1,0.00000001,1468.6200
1624257146866000,0,0.05000000,1471.6100
1624257146866000,0,0.05000000,1471.6200
1624257263098000,0,0.01516200,1481.6500
1624257294048000,1,0.05000000,1474.4600
1624257305233000,1,0.05000000,1469.4000
1624257305233000,1,0.05000000,1469.0300
1624257305233000,1,0.73826000,1468.6700
1624257307059000,1,0.05000000,1469.5600
1624257497611000,1,1.62845660,1457.8600
1624257497641000,1,0.07154340,1457.8600
1624257867930000,1,0.99563868,1444.0000
1624257867979000,1,0.00436132,1444.0000
1624257889999000,1,0.01915320,1440.4900
1624257890186000,1,0.05000000,1440.5400
1624257890267000,1,0.01915319,1440.5400
1624257890271000,1,0.01915319,1440.5400
1624257890508000,1,1.61169362,1440.5400
1624257903297000,1,0.02760000,1436.0000
1624257931110000,0,0.04999999,1440.9900
1624257931112000,0,0.00000001,1440.9900
1624257931121000,0,0.05000000,1441.0900
1624257931730000,0,0.15952200,1441.8100
1624257931730000,0,0.05000000,1441.8200
1624257931730000,0,0.05000000,1441.9200
1624257972390000,1,0.05000000,1454.9300
1624257972390000,1,0.04999999,1454.8300
1624257972397000,1,0.00000001,1454.8300
1624257972397000,1,0.05000000,1454.8200
1624257972397000,1,1.00000000,1454.2100
1624257972402000,1,0.24000000,1454.1100
1624257972402000,1,0.05000000,1454.0000
1624257979098000,0,0.24000000,1461.4400
1624258007716000,1,0.05000000,1458.0700
1624258007716000,1,0.05000000,1457.6800
1624258007716000,1,0.01729521,1457.6100
1624258025959000,1,0.14999998,1454.8200
1624258054017000,1,0.28000000,1453.6600
1624258054633000,1,0.00999305,1453.6600
1624258399294000,0,0.05000000,1464.2100
1624258816556000,0,0.04999999,1454.9500
1624258816558000,0,0.00000001,1454.9500
1624258892073000,0,0.05000000,1466.3500
1624258892073000,0,0.05000000,1466.8100
1624258892073000,0,0.20524579,1467.0800
1624259111276000,1,0.05000000,1478.8400
1624259111276000,1,0.05333520,1478.3700
1624259165640000,0,0.04999999,1483.3100
1624259218934000,0,0.05000000,1484.2500
1624259218934000,0,0.05000000,1484.4900
1624259218934000,0,0.40000000,1484.9900
1624259342844000,0,0.05000000,1474.6700
1624259342844000,0,0.83770000,1474.8700
1624259342844000,0,0.05000000,1474.8800
1624259342844000,0,0.05000000,1475.2500
1624259342844000,0,1.47526571,1475.3400
1624259342844000,0,1.70000000,1475.4000
1624259342844000,0,0.05000000,1475.4700
1624259342844000,0,1.47434104,1475.9800
1624259342844000,0,1.70000000,1476.5300
1624259342844000,0,0.24000000,1476.5400
1624259342844000,0,1.47377444,1476.5500
1624259342844000,0,5.47469635,1477.0900
1624259342844000,0,1.47348827,1477.1000
1624259342844000,0,1.47262396,1477.6500
1624259342844000,0,1.47074483,1482.6500
1624259342844000,0,0.43000000,1483.4900
1624259342844000,0,0.58291603,1484.6600
1624259342844000,0,1.45774807,1484.6600
1624259342844000,0,1.34000000,1484.6700
1624259342844000,0,3.78778638,1485.7100
1624259342844000,0,3.40891492,1485.7200
1624259360058000,1,2.35360000,1470.8600
1624259368206000,1,0.04900000,1468.6200
1624259369550000,1,0.05000000,1468.6200
1624259406658000,1,0.05000000,1467.1700
1624259406658000,1,0.05000000,1466.9600
1624259406658000,1,0.40000000,1466.4400
1624259418902000,1,0.05000000,1465.4300
1624259486193000,1,2.80000000,1459.3600
1624259693148000,1,0.04999999,1466.0900
1624259693151000,1,0.00000001,1466.0900
1624259752518000,0,0.05000000,1468.3100
1624259826236000,1,0.04900000,1469.3300
1624259828586000,1,0.01501359,1469.8100
1624259838624000,0,0.03210336,1472.1200
1624259859355000,1,1.70000000,1467.5000
1624259859355000,1,0.05000000,1467.4300
1624260027714000,0,0.05000000,1463.0800
1624260027714000,0,0.29002111,1463.1900
1624260114232000,1,0.05000000,1458.0400
1624260114232000,1,0.05000000,1457.6700
1624260114232000,1,1.70000000,1457.3900
1624260114232000,1,0.84837000,1457.3200
1624260114232000,1,1.70000000,1457.1800
1624260114232000,1,2.65163000,1457.1200
1624260180306000,0,0.19382663,1463.0600
1624260272192000,1,0.10000000,1458.6600
1624260294193000,1,0.10000000,1457.5200
1624260294827000,1,4.90620000,1457.5200
1624260323261000,1,0.42999999,1453.9800
1624260323264000,1,0.00000001,1453.9800
1624260326991000,0,1.69224630,1454.3300
1624260326993000,0,0.00775370,1454.3300
1624260329533000,1,0.42999999,1452.5000
1624260329546000,1,0.00000001,1452.5000
1624260401610000,1,0.96000000,1455.6200
1624260402863000,1,0.00486284,1455.6200
1624260462575000,1,0.30242126,1452.7000
1624260462587000,1,0.12757874,1452.7000
1624260474987000,1,1.17954935,1448.5700
1624260474987000,1,0.18121292,1448.5700
1624260474987000,1,0.18126786,1448.5700
1624260479479000,1,0.79000000,1447.2300
1624260548462000,0,1.69990000,1455.0500
1624260663062000,1,0.15000565,1456.3100
1624260663103000,1,0.00000001,1456.3100
1624260663381000,1,0.14000000,1456.2100
1624260663535000,1,0.01000566,1456.2100
1624260714880000,1,0.12080744,1453.0400
1624260715039000,1,0.00000001,1453.0400
1624260734914000,0,0.59073260,1453.9900
1624260734914000,0,0.04455825,1453.9900
1624260948287000,0,0.05000000,1457.3100
1624260951187000,0,0.95000000,1457.3100
1624261011875000,1,0.04999999,1458.0800
1624261011876000,1,0.00000001,1458.0800
1624261011929000,1,0.16330074,1457.8000
1624261381495000,1,0.13000000,1449.1700
1624261381588000,1,0.00187617,1449.1700
1624261383979000,0,0.05000000,1449.1100
1624261388142000,1,0.42999999,1446.7600
1624261388148000,1,0.00000001,1446.7600
1624261388393000,0,0.05000000,1446.6700
1624261416379000,0,0.05000000,1443.1300
1624261416379000,0,1.59203898,1443.3400
1624261416390000,0,0.10796102,1443.3400
1624261416459000,0,0.59486986,1443.5000
1624261425234000,0,1.48464339,1446.6300
1624261425234000,0,0.21525661,1446.7000
1624261439966000,0,0.70000000,1445.3300
1624261439966000,0,0.94189651,1445.5700
1624261439967000,0,0.75810349,1445.5700
1624261534112000,0,0.04000000,1446.9400
1624261535809000,0,1.70000000,1447.6500
1624261667790000,0,0.05000000,1453.9600
1624261673238000,0,0.75038670,1455.4700
1624261674892000,1,0.59152484,1453.5900
1624261905709000,0,0.05000000,1459.4000
1624261905709000,0,0.05000000,1459.6700
1624261905709000,0,0.17262606,1460.1300
1624261907830000,1,0.06335985,1457.2700
1624261907833000,1,1.63664014,1457.2700
1624261912032000,1,0.05000000,1456.3100
1624261912032000,1,0.05000000,1456.0300
1624261912032000,1,5.34694556,1455.5900
1624261912032000,1,0.05000000,1455.5700
1624261912032000,1,0.20087440,1455.1600
1624261912032000,1,1.48857525,1455.1500
1624261912032000,1,0.50218890,1454.9300
1624261912032000,1,0.31141589,1454.3500
1624262317050000,0,0.05000000,1456.9100
1624262317073000,0,0.12000000,1456.9100
1624262317145000,0,5.19754389,1456.9100
1624262336223000,1,0.05000000,1456.0300
1624262336223000,1,1.76928235,1455.7100
1624262513352000,1,0.02787945,1450.8600
1624262513438000,1,0.00000001,1450.8600
1624262515641000,0,0.14394074,1451.1300
1624262606150000,1,1.26071675,1447.4800
1624262606151000,1,0.43928325,1447.4800
1624263179911000,1,0.20000000,1466.0000
1624263216984000,1,0.05000000,1468.3900
1624263216988000,1,0.05000000,1468.3900
1624263245246000,0,0.05000000,1469.7200
1624263245246000,0,0.05000000,1469.9400
1624263260858000,1,1.00000000,1467.6200
1624263381226000,0,0.05000000,1468.4100
1624263401367000,0,0.92912516,1472.3000
1624263566365000,1,0.05000000,1465.4000
1624263566365000,1,1.64999999,1465.1400
1624263566367000,1,0.05000001,1465.1400
1624263738150000,0,0.10333519,1465.0000
1624263738182000,0,0.00000001,1465.0000
1624264019710000,1,0.10000000,1463.5000
1624264019710000,1,0.05000000,1463.4900
1624264079551000,1,0.50000000,1461.1900
1624264170432000,0,0.30000000,1466.3800
1624264190010000,0,0.10000000,1465.5300
1624264227047000,1,1.20000000,1461.1900
1624264242871000,1,0.04832115,1459.0000
1624264242893000,1,0.15167885,1459.0000
1624264497375000,1,0.04999999,1454.9400
1624264497377000,1,0.00000001,1454.9400
1624264863678000,0,0.05000000,1461.2700
1624264863678000,0,0.05000000,1461.5800
1624264863678000,0,0.15417758,1461.6100
1624265239116000,0,0.05000000,1462.5900
1624265239116000,0,0.04800662,1463.1600
1624265239140000,0,0.00199338,1463.1600
1624265239140000,0,1.01213027,1463.3000
1624265239141000,0,0.68786973,1463.3000
1624265566798000,1,0.05000000,1460.3200
1624265566803000,1,0.05000000,1460.0000
1624265566803000,1,1.58381761,1459.9200
1624265566805000,1,0.11618239,1459.9200
1624265566805000,1,1.48447336,1459.8300
1624265566805000,1,0.03316186,1459.3800
1624265566808000,1,0.11207991,1459.3800
1624265566808000,1,0.14524177,1459.3700
1624265566808000,1,1.37649593,1459.3600
1624265566835000,1,0.10794903,1459.3600
1624265566835000,1,0.05000000,1459.3300
1624265566835000,1,0.94411031,1458.8800
1624265566835000,1,0.53175827,1458.8700
1624265568090000,0,0.06419714,1460.5100
1624265568091000,0,1.63580285,1460.5100
1624265568128000,0,0.00000001,1460.5100
1624265710940000,1,0.05000000,1454.9200
1624265710940000,1,1.80000000,1454.8800
1624265710940000,1,4.82932203,1454.8400
1624265711129000,1,0.05000000,1455.1200
1624265711129000,1,0.05000000,1454.9900
1624265711129000,1,0.40000000,1454.9200
1624265768130000,0,1.63427351,1457.1700
1624265768131000,0,0.06572649,1457.1700
1624265768135000,0,0.05000000,1457.8000
1624265768142000,0,1.48919112,1457.9300
1624266006417000,0,1.49241167,1455.8300
1624266023144000,0,2.47190000,1458.7700
1624266024601000,1,0.93505795,1456.9800
1624266024719000,1,0.76494205,1456.9800
1624266024719000,1,0.86365869,1456.9200
1624266024720000,1,0.05314084,1456.9200
1624266028081000,1,0.14120491,1455.1800
1624266466768000,1,0.07000000,1454.1400
1624266534255000,1,1.69990000,1447.1800
1624266541289000,0,0.01716750,1451.5800
1624266633305000,0,0.03454244,1450.1000
1624266639248000,1,0.05000000,1447.8500
1624266641827000,1,0.12344550,1447.0000
1624266641841000,1,0.56264422,1447.0000
1624266642217000,1,0.31391028,1447.0000
1624266642217000,1,1.07000000,1447.0000
1624266644381000,1,0.07364465,1446.1000
1624266644382000,1,1.62635534,1446.1000
1624266644384000,1,0.00000001,1446.1000
1624266671613000,0,0.05000000,1443.7900
1624266671615000,0,0.05000000,1444.3500
1624266720211000,1,0.11907819,1444.7000
1624266720448000,1,0.00000001,1444.7000
1624266720448000,1,0.29769136,1444.5000
1624266720450000,1,0.00000002,1444.5000
1624266848505000,0,0.89000000,1456.7200
1624266890320000,1,0.05000000,1477.0100
1624266890320000,1,0.05000000,1476.9400
1624266890320000,1,1.53120882,1476.2800
1624266890324000,1,0.16879118,1476.2800
1624266890324000,1,0.05000000,1476.1200
1624266890324000,1,0.05000000,1476.1100
1624266890324000,1,1.36241765,1475.3800
1624267053812000,0,0.04999999,1463.9400
1624267053834000,0,0.00000001,1463.9400
1624267149471000,1,0.05000000,1453.5000
1624267150034000,1,0.14000000,1453.5000
1624267150035000,1,0.01000000,1453.5000
1624267154165000,1,0.70000000,1448.6900
1624267154165000,1,0.24000000,1448.5900
1624267172288000,0,0.05000000,1445.0500
1624267172288000,0,0.70000000,1445.6700
1624267172288000,0,0.89320807,1445.7700
1624267172295000,0,0.80679193,1445.7700
1624267172295000,0,0.05000000,1445.8400
1624267172295000,0,0.04999999,1445.9100
1624267172656000,0,0.05000000,1444.3300
1624267178337000,1,1.00000000,1440.0000
1624267195739000,1,0.05000000,1435.4900
1624267195739000,1,0.55000000,1434.7800
1624267204847000,1,0.05000000,1430.5900
1624267204847000,1,0.05000000,1430.5500
1624267205830000,1,0.23751374,1430.0000
1624267205868000,1,0.06248626,1430.0000
1624267206331000,1,0.05000000,1429.4700
1624267206331000,1,0.67580279,1428.7600
1624267242845000,0,0.05000000,1427.3900
1624267262358000,1,0.05000000,1425.6200
1624267274965000,0,0.24000000,1431.8500
1624267274965000,0,0.05000000,1431.8700
1624267312189000,1,0.05000000,1426.4200
1624267315998000,1,5.45991032,1420.2600
1624267325947000,1,0.04999999,1415.7200
1624267325948000,1,0.00000001,1415.7200
1624267329872000,1,0.36789568,1411.8300
1624267329885000,1,0.00000001,1411.8300
1624267330074000,1,0.24000000,1411.4700
1624267330074000,1,0.04999999,1411.4600
1624267330074000,1,0.00000001,1411.4600
1624267337578000,0,0.05000000,1416.3900
1624267337578000,0,0.05000000,1416.4000
1624267337578000,0,0.05000000,1416.7600
1624267337578000,0,0.05000000,1416.7700
1624267337578000,0,0.24000000,1417.0900
1624267337579000,0,1.64863935,1423.3400
1624267337579000,0,1.64863936,1423.3400
1624267337580000,0,1.07941676,1423.3400
1624267338652000,1,1.50000000,1409.7100
1624267338652000,1,0.24000000,1409.6100
1624267338652000,1,1.70000000,1409.6000
1624267338652000,1,0.18100359,1409.5300
1624267338652000,1,1.70000000,1408.8900
1624267338652000,1,0.87435000,1408.7200
1624267338652000,1,0.97516480,1408.0000
1624267393903000,0,0.05000000,1413.5200
1624267393903000,0,0.05000000,1413.5300
1624267393903000,0,0.10108575,1414.2200
1624267404744000,0,0.24000000,1417.3300
1624267432291000,1,0.05000000,1418.8900
1624267432291000,1,0.05000000,1418.8800
1624267442509000,0,0.05000000,1422.1700
1624267442802000,0,0.05000000,1422.4100
1624267460237000,1,0.05000000,1414.0700
1624267474658000,0,0.05000000,1417.2800
1624267498891000,1,0.04999999,1413.3300
1624267520908000,1,0.00000001,1413.3300
1624267574039000,0,0.04000000,1425.9500
1624267582310000,1,0.13207234,1422.5900
1624267582310000,1,0.33025507,1422.5900
1624267582315000,1,0.00000001,1422.5900
1624267596989000,1,0.11658633,1421.2500
1624267597035000,1,0.11658633,1421.2600
1624267597212000,1,0.35252923,1421.2700
1624267597321000,1,0.00000001,1421.2700
1624267597321000,1,0.14101165,1421.2600
1624267597323000,1,0.00000002,1421.2600
1624267627123000,1,0.05000000,1429.2300
1624267627123000,1,0.05000000,1429.2200
1624267679975000,0,0.03306051,1429.5000
1624267694729000,0,0.20000000,1426.8800
1624267694795000,0,0.00605300,1426.8800
1624267714382000,0,0.13836500,1425.6800
1624267714584000,0,0.05000000,1425.7800
1624267714584000,0,0.04999999,1425.8500
1624267714606000,0,0.00000001,1425.8500
1624267735982000,0,0.10000000,1439.5800
1624267736273000,0,0.05000000,1439.8200
1624267736273000,0,5.66466902,1439.9300
1624267751929000,1,0.05000000,1437.0600
1624267751929000,1,0.05000000,1437.0500
1624267751929000,1,0.24000000,1436.3500
1624267752012000,1,0.05000000,1436.2600
1624267794199000,0,0.05000000,1439.2300
1624267804124000,1,0.05000000,1435.1900
1624267804370000,1,0.24000000,1434.9700
1624267831616000,0,0.05000000,1432.4300
1624267870391000,0,0.00000001,1445.9100
1624267871566000,0,0.23999999,1448.7300
1624267871595000,0,0.00000001,1448.7300
1624267955925000,1,0.05000000,1454.5000
1624267956179000,1,0.05000000,1454.5100
1624267989537000,1,0.05000000,1450.6900
1624267989537000,1,0.05000000,1450.4700
1624267990093000,1,0.05000000,1450.9400
1624268035125000,0,0.05000000,1452.4300
1624268035125000,0,0.01181251,1452.5700
1624268073040000,0,0.58895935,1456.4200
1624268073040000,0,0.47104065,1456.4200
1624268073042000,0,1.00135773,1456.4200
1624268095725000,1,0.11932376,1454.3900
1624268095725000,1,0.29834219,1454.3900
1624268095750000,1,0.00000001,1454.3900
1624268180847000,1,0.18000000,1452.7200
1624268180964000,1,0.05000000,1452.7200
1624268181082000,1,0.04000000,1452.7200
1624268181198000,1,0.15999999,1452.7200
1624268181200000,1,0.00000001,1452.7200
1624268182169000,1,1.34000000,1451.8100
1624268212249000,1,0.99057522,1449.4000
1624268213223000,1,0.00000001,1449.4000
1624268263096000,0,0.14000000,1449.6100
1624268288025000,1,0.30990774,1445.2000
1624268288026000,1,0.01500614,1445.2000
1624268288026000,1,0.12997095,1445.1900
1624268288262000,1,0.33221144,1445.0200
1624268288310000,1,0.51238893,1445.0200
1624268297849000,0,0.05000000,1442.5100
1624268297849000,0,0.05000000,1442.8000
1624268327724000,0,0.05000000,1441.9100
1624268327724000,0,0.05000000,1441.9200
1624268335669000,0,0.11020685,1444.0000
1624268335729000,0,0.35907618,1444.0000
1624268390276000,1,0.35930735,1441.6900
1624268390339000,1,0.00000001,1441.6900
1624268462011000,0,0.70000000,1447.3100
1624268462011000,0,0.94765201,1447.4100
1624268462014000,0,0.75234799,1447.4100
1624268462014000,0,0.05000000,1447.8500
1624268462014000,0,0.59230919,1447.9200
1624268462014000,0,1.00534282,1448.1700
1624268462696000,1,0.05000000,1448.2100
1624268478821000,1,0.11900000,1450.6000
1624268478832000,1,0.00028755,1450.6000
1624268530025000,0,0.42411496,1450.1400
1624268530038000,0,0.07762309,1450.1400
1624268530040000,0,0.02587410,1450.1400
1624268530057000,0,0.06378411,1450.1400
1624268615875000,0,0.11900000,1449.2800
1624268616061000,0,0.05000000,1449.2800
1624268616476000,0,0.42286311,1449.2800
1624268794032000,1,0.14336365,1454.0200
1624268794032000,1,1.04337864,1454.0100
1624268794046000,1,0.65662136,1454.0100
1624269045018000,1,0.07239185,1451.6400
1624269045020000,1,0.25977035,1451.6400
1624269045020000,1,0.13286488,1451.6400
1624269341316000,1,0.05000000,1449.4900
1624269341316000,1,0.05000000,1449.1700
1624269341316000,1,0.80000000,1448.9400
1624269341316000,1,0.05000000,1448.8400
1624269341316000,1,0.05000000,1448.4700
1624269341316000,1,1.49182357,1448.3200
1624269341316000,1,0.38868134,1448.0600
1624269341316000,1,2.96954455,1448.0500
1624269408230000,1,0.14513514,1449.3500
1624269408236000,1,0.00000001,1449.3500
1624269410545000,0,0.05000000,1449.3100
1624269787227000,1,0.05000000,1448.1000
1624269819504000,1,0.11151733,1450.1400
1624269819504000,1,0.00000001,1450.1400
1624269947104000,0,0.36000000,1448.6800
1624269947193000,0,0.46000000,1448.6800
1624269947299000,0,0.04000000,1448.6800
1624269947655000,0,2.99118125,1448.6800
1624269966839000,1,0.70000000,1448.3000
1624269966839000,1,2.17310000,1448.2200
1624270122265000,1,0.94226755,1432.1700
1624270156324000,0,0.05000000,1431.2500
1624270222648000,1,0.02152768,1431.6300
1624270222696000,1,0.05000000,1431.6300
1624270222739000,1,0.04223696,1431.6300
1624270226324000,1,0.05000000,1430.0200
1624270226324000,1,0.71600000,1430.0100
1624270289170000,1,0.04999999,1447.7000
1624270289188000,1,0.00000001,1447.7000
1624270335985000,0,0.04999999,1443.1800
1624270335987000,0,0.00000001,1443.1800
1624270345553000,0,0.05000000,1443.4200
1624270345553000,0,1.50243406,1443.7200
1624270393443000,1,0.12894740,1438.8000
1624270393546000,1,0.00000001,1438.8000
1624270398243000,1,0.12901012,1436.3000
1624270398243000,1,0.12915909,1436.3000
1624270401027000,1,0.04999999,1435.3600
1624270401039000,1,0.04999999,1435.3600
1624270401041000,1,0.02785636,1435.3600
1624270401041000,1,0.12901012,1435.0500
1624270401387000,1,0.08012870,1434.5800
1624270401388000,1,0.04900883,1434.5800
1624270401797000,1,0.12785634,1434.4400
1624270401797000,1,0.12901011,1434.4400
1624270401801000,1,0.00000001,1434.4400
1624270488434000,0,0.58557810,1437.0100
1624270488665000,0,0.01195057,1437.0100
1624270507486000,1,0.12121426,1435.2700
1624270507486000,1,0.00000001,1435.2700
1624270626035000,0,0.05000000,1437.9100
1624270627164000,0,0.05000000,1437.9100
1624270644944000,1,0.12855675,1433.2500
1624270644944000,1,0.32139188,1433.2500
1624270644944000,1,0.83571151,1433.2500
1624270751361000,1,0.04999999,1430.9600
1624270751363000,1,0.00000001,1430.9600
1624270768456000,1,0.14000000,1427.3700
1624270768575000,1,0.29000000,1427.3700
1624270805600000,0,0.14000000,1428.0900
1624270990087000,1,0.05000000,1425.0900
1624270990244000,1,0.04232437,1425.0900
1624270990244000,1,0.23081417,1425.0900
1624271208159000,1,0.42329092,1422.7700
1624271208164000,1,0.00000001,1422.7700
1624271251305000,0,0.05000000,1421.8200
1624271251305000,0,5.75121749,1422.0900
1624271251305000,0,0.60306629,1422.2900
1624271251305000,0,0.05000000,1422.3000
1624271251305000,0,0.56060827,1422.3300
1624271293073000,0,0.60144650,1426.0600
1624271329099000,1,0.14035589,1424.2300
1624271365051000,0,0.04078462,1418.3100
1624271365052000,0,1.65921537,1418.3100
1624271365054000,0,0.00000001,1418.3100
1624271365534000,0,0.60468578,1418.9700
1624271365534000,0,1.51169712,1418.9700
1624271365534000,0,2.12361710,1418.9700
1624271365534000,0,1.65883002,1418.9700
1624271365538000,0,0.14802193,1418.9700
1624271365547000,0,1.65883002,1418.9800
1624271365551000,0,0.04116998,1418.9800
1624271366235000,0,0.97674987,1420.5700
1624271366235000,0,0.05000000,1420.9000
1624271573012000,1,0.04999999,1410.9700
1624271573045000,1,0.00000001,1410.9700
1624271573045000,1,0.05000000,1410.5800
1624271601357000,0,0.60786156,1410.6100
1624271601364000,0,0.00000001,1410.6100
1624271690553000,1,0.13252635,1411.4600
1624271721217000,0,0.04999999,1410.7100
1624271721250000,0,0.00000001,1410.7100
1624271740192000,0,1.34000000,1415.8600
1624271740593000,0,0.05000000,1413.8000
1624271740765000,0,0.05294600,1413.8000
1624271775807000,0,0.05257336,1419.3500
1624271826440000,0,2.76040000,1415.2200
1624272128211000,0,0.60420836,1418.5200
1624272128337000,0,0.00000001,1418.5200
1624272347555000,0,0.60272329,1421.9100
1624272347669000,0,0.00000001,1421.9100
1624272452588000,1,0.05000000,1419.6300
1624272457513000,1,0.10937224,1419.6300
1624272457538000,1,0.00000001,1419.6300
1624272977090000,0,0.05000000,1411.3700
1624272977090000,0,0.05000000,1411.6000
1624273054445000,1,0.04999999,1408.3700
1624273054446000,1,0.00000001,1408.3700
1624273058977000,1,0.05000000,1408.0000
1624273059120000,1,0.14000000,1408.0000
1624273060330000,1,0.44639180,1408.0000
1624273060335000,1,0.16038494,1408.0000
1624273060339000,1,0.05000000,1408.0000
1624273060452000,1,1.17805846,1408.0000
1624273103136000,0,0.47456355,1405.9600
1624273103136000,0,0.39515645,1405.9600
1624273107541000,0,0.14000000,1408.0200
1624273154729000,1,0.01487857,1400.0000
1624273154729000,1,0.06613861,1400.0000
1624273154730000,1,0.01083996,1400.0000
1624273154730000,1,0.33198105,1400.0000
1624273154754000,1,0.77853661,1400.0000
1624273155030000,1,0.88948234,1400.0000
1624273155030000,1,0.01051766,1400.0000
1624273157478000,0,0.35590692,1401.4900
1624273159127000,1,0.05000000,1400.0000
1624273160240000,1,0.10320115,1400.0000
1624273160247000,1,0.07628119,1400.0000
1624273162922000,1,0.02500000,1398.4300
1624273189143000,0,0.05000000,1397.4700
1624273190103000,0,1.53436496,1397.4700
1624273214296000,1,1.70000000,1392.8900
1624273214296000,1,0.05000000,1392.8300
1624273214296000,1,0.90000000,1392.6300
1624273214296000,1,0.14641841,1392.5300
1624273214296000,1,0.14655711,1392.5200
1624273214296000,1,0.43000000,1392.5100
1624273214296000,1,5.65719930,1391.3800
1624273214296000,1,0.95116049,1391.3700
1624273214296000,1,1.34000000,1389.6600
1624273214296000,1,0.24000000,1389.6600
1624273214296000,1,1.54984624,1389.6500
1624273214296000,1,1.54570122,1389.5000
1624273214296000,1,1.54942976,1387.8600
1624273214296000,1,1.55076043,1387.4400
1624273214296000,1,1.55152630,1387.2700
1624273214296000,1,4.53000000,1387.1100
1624273214296000,1,10.06640655,1387.0900
1624273214542000,0,0.05000000,1392.8300
1624273214569000,0,0.05000000,1392.8300
1624273214576000,0,25.85265669,1392.8300
1624273215059000,0,18.93336814,1392.8300
1624273262261000,0,0.05000000,1401.6000
1624273263482000,0,0.05000000,1402.2800
1624273444711000,0,0.75000000,1397.3900
1624273487906000,1,0.07628716,1392.4800
1624273487906000,1,0.08097317,1392.1800
1624273487911000,1,0.07628717,1392.1800
1624273493249000,1,0.07635951,1389.9800
1624273493266000,1,0.00000001,1389.9800
1624273505085000,1,0.05000000,1389.3400
1624273567996000,1,0.10343141,1391.3400
1624273568916000,1,0.10343141,1390.3400
1624273568919000,1,0.00000001,1390.3400
1624273569607000,1,0.05000000,1389.9500
1624273587128000,1,0.04984703,1387.2900
1624273638120000,1,0.05000000,1383.7300
1624273638152000,1,0.03275858,1383.7300
1624273647353000,1,0.04999999,1382.6000
1624273647356000,1,0.00000001,1382.6000
1624273654604000,1,0.05000000,1381.8100
1624273661822000,1,0.05000000,1381.8100
1624273661825000,1,0.09793940,1381.8100
1624273681807000,0,0.19910792,1386.0200
1624273681822000,0,0.23089208,1386.0200
1624273682417000,0,0.45910404,1387.5300
1624273682493000,0,0.40149056,1387.5300
1624273682548000,0,0.43000000,1387.2200
