timestamp ms,type,amount,price
1624579332827000,0,0.14000000,1431.7200
1624579332927000,0,0.45887836,1431.7200
1624580414593000,0,0.59386000,1444.3200
1624580415147000,0,0.05000000,1444.4000
1624580416142000,0,0.03915534,1445.3800
1624580607917000,0,0.59426028,1443.6200
1624580607917000,0,1.22633972,1443.6200
1624581217047000,1,1.57540399,1438.7400
1624583001471000,0,0.01752037,1419.4900
1624583122650000,1,0.04999999,1415.9900
1624583122653000,1,0.00000001,1415.9900
1624583213561000,1,1.57530000,1416.9100
1624584303592000,1,0.38074315,1414.0700
1624584303756000,1,0.09925684,1414.0700
1624584303772000,1,0.00000001,1414.0700
1624584305616000,1,0.14000000,1413.2000
1624584393339000,1,0.05000000,1410.0000
1624584393633000,1,0.95000000,1410.0000
1624584466238000,1,0.05000000,1411.7800
1624584466238000,1,1.69923181,1411.7800
1624584466239000,1,0.30076819,1411.7800
1624585811456000,1,1.99990000,1417.2800
1624586405404000,1,2.00000000,1427.0400
1624586509612000,1,1.70000000,1430.2300
1624586609697000,0,0.05000000,1436.0300
1624587037903000,1,6.00154040,1436.5300
1624587168445000,1,0.05000000,1441.4200
1624587723905000,1,2.00000000,1444.3300
1624587723905000,1,0.85000000,1444.1200
1624587800555000,0,6.06000000,1443.0500
1624588567728000,1,2.00000000,1448.5700
1624588567829000,1,0.05000000,1448.5000
1624588589191000,1,0.05000000,1449.3000
1624588589191000,1,0.04800000,1449.1800
1624588850036000,1,1.48810000,1445.4500
1624588881403000,1,0.00004615,1445.4500
1624589001720000,1,1.48920000,1444.8400
1624589083638000,1,1.48940000,1445.1600
1624589090590000,1,0.00005965,1445.1600
1624589200255000,1,0.00008203,1444.8400
1624589200255000,1,0.11991797,1443.8300
1624589200274000,1,0.00102405,1443.8300
1624589331660000,1,0.29000000,1441.0400
1624589331725000,1,0.00567836,1441.0400
1624590107082000,0,0.28609674,1438.0800
1624590436090000,0,0.08454574,1435.5300
1624590860656000,1,0.15377081,1433.9400
1624590988808000,0,0.05000000,1431.3100
1624590988823000,1,0.09887885,1431.3800
1624590989432000,1,0.14887885,1431.0400
1624590989432000,1,0.00655606,1431.0400
1624591806821000,1,0.15000000,1425.2500
1624592741977000,0,0.05000000,1431.4200
1624593163717000,0,0.04999999,1436.5500
1624593163723000,0,0.00000001,1436.5500
1624593425562000,1,0.13000000,1436.7500
1624594953355000,1,10.00000000,1425.0000
1624595135398000,1,0.15000000,1420.9600
1624595845792000,1,4.63000000,1419.0000
1624595845849000,1,0.37000000,1419.0000
1624596796242000,1,0.14699233,1418.8400
1624596796242000,1,0.35526495,1418.8300
1624597269827000,0,0.05000000,1424.9200
1624597269835000,0,0.05000000,1425.2300
1624597269835000,0,0.05000000,1425.5200
1624597269875000,0,0.05000000,1425.9600
1624597269875000,0,1.51295852,1426.0900
1624597269875000,0,0.19408952,1426.5900
1624597269876000,0,1.00000000,1425.8400
1624597269876000,0,0.75704804,1426.5900
1624597269899000,0,0.49869320,1426.5900
1624597355560000,1,0.14000000,1420.3000
1624597355603000,1,0.00424615,1420.3000
1624597446576000,1,0.04999999,1418.3800
1624597446576000,1,0.00000001,1418.3800
1624597521378000,0,5.54000000,1418.6800
1624597649989000,1,1.22000000,1416.3200
1624598363915000,1,0.05000000,1417.4600
1624598363915000,1,1.78232529,1417.2600
1624598679954000,1,2.40030000,1413.6900
1624598868519000,1,0.05000000,1413.2300
1624599787751000,1,0.06154945,1413.5200
1624599994577000,1,1.44665674,1405.8800
1624600522445000,0,0.02812919,1414.9000
1624600542073000,1,1.50810000,1413.0000
1624600547468000,1,8.49000000,1413.0000
1624600547474000,1,0.00190000,1413.0000
1624600748450000,1,0.57000000,1411.0000
1624600748483000,1,9.43000000,1411.0000
1624600801910000,1,10.00000000,1410.0000
1624600805268000,1,0.15000000,1409.0000
1624600805289000,1,0.04000000,1409.0000
1624600822944000,0,0.29999999,1410.9000
1624600822980000,0,0.00000001,1410.9000
1624601665793000,1,7.97000000,1412.0000
1624601665897000,1,0.00105790,1412.0000
1624602647493000,1,9.81000000,1409.0000
1624603867204000,0,1.51990973,1418.3800
1624603867204000,0,0.05000000,1418.5400
1624603867204000,0,0.09341563,1418.7500
1624604189076000,1,0.48703793,1413.6900
1624604435044000,0,2.00000000,1411.7000
1624604435044000,0,0.00900000,1411.7700
1624604435053000,0,0.04100000,1411.7700
1624604496249000,0,2.00000000,1408.6400
1624604531102000,1,0.70000000,1407.1200
1624605083948000,1,0.05000000,1407.0200
1624605083948000,1,2.00000000,1406.8000
1624605083948000,1,0.05000000,1406.7300
1624605083948000,1,5.89395858,1406.6600
1624605083948000,1,0.70000000,1406.6100
1624605084039000,0,0.05000000,1406.3100
1624605171873000,1,0.05000000,1405.7400
1624605349505000,1,0.13584928,1401.7300
1624605349505000,1,0.12087403,1401.5500
1624605349510000,1,0.21871882,1401.5500
1624605391534000,1,1.00000000,1400.0000
1624605398302000,1,1.49160754,1398.2700
1624605398304000,1,0.50839246,1398.2700
1624605398589000,1,0.13972216,1397.7700
1624605398589000,1,0.34930974,1397.7700
1624605398589000,1,0.11096810,1397.2900
1624605418520000,1,0.15205225,1398.8100
1624605418520000,1,0.04999999,1398.8000
1624605418521000,1,0.00000001,1398.8000
1624605597419000,1,0.15737726,1394.5200
1624605598633000,0,0.05000000,1394.4500
1624605711410000,1,0.47999999,1392.0300
1624605902682000,1,0.70000000,1396.6600
1624605902682000,1,1.54379553,1396.5600
1624606012151000,0,0.05000000,1399.3500
1624606012151000,0,5.98000000,1399.3800
1624606066067000,1,1.98000000,1397.1200
1624606329387000,0,0.14000000,1392.1200
1624606329458000,0,0.86607114,1392.1200
1624606626756000,1,7.62878217,1391.5800
1624606628458000,1,0.15568942,1391.5800
1624606628488000,1,0.00000001,1391.5800
1624606690711000,0,0.70000000,1392.4200
1624606690711000,0,0.05000000,1392.4700
1624606690920000,1,3.13963454,1392.5100
1624606728458000,1,0.08942747,1393.3900
1624606733489000,1,0.04470335,1393.3900
1624606733601000,1,8.84034155,1393.3900
1624606734613000,1,0.08399754,1393.3900
1624606751735000,1,0.00171424,1393.3900
1624606751735000,1,1.87910035,1392.8100
1624606751761000,1,1.88075948,1392.8100
1624606896718000,1,0.05000000,1390.9000
1624607020956000,0,0.05000000,1387.6200
1624607020963000,0,0.05000000,1387.9200
1624607149938000,0,5.84000000,1388.1200
1624607149975000,0,0.00691193,1388.1200
1624607474864000,1,2.00000000,1395.0200
1624607474864000,1,0.05000000,1394.9600
1624607490089000,1,0.14000000,1394.4300
1624607490230000,1,5.54400787,1394.4300
1624607642043000,0,0.05000000,1394.3100
1624607706728000,0,0.57071366,1394.7800
1624607837153000,0,5.62000000,1398.9200
1624607837204000,0,0.00669656,1398.9200
1624607985988000,0,0.87749000,1398.9700
1624607985988000,0,7.69251000,1398.9800
1624607986326000,0,0.61372147,1399.4700
1624608202109000,0,0.36000000,1389.1600
1624608202750000,0,0.61816983,1389.9000
1624608202750000,0,0.23454467,1389.9100
1624608202750000,0,1.76545532,1389.9100
1624608305740000,0,1.93000000,1393.5600
1624608317836000,1,0.04999999,1393.8900
1624608317837000,1,0.00000001,1393.8900
1624608484923000,0,0.05000000,1395.3200
1624608669962000,0,1.76580276,1396.0800
1624608669966000,0,0.23419723,1396.0800
1624608671132000,0,1.63880000,1396.5900
1624608695081000,1,0.36000000,1393.1100
1624608708026000,1,0.00773945,1393.1100
1624608713807000,1,0.04999999,1391.3200
1624608713898000,1,1.05888101,1391.3200
1624608714181000,1,0.28772656,1391.3200
1624608714320000,1,0.60339244,1391.3200
1624608782239000,1,0.05000000,1389.6300
1624608858539000,1,0.04900000,1386.7900
1624608859245000,1,0.04999999,1386.3400
1624608859246000,1,0.00000001,1386.3400
1624608859251000,1,0.05000000,1386.0000
1624609257584000,0,0.05000000,1384.4400
1624609257584000,0,1.76997874,1384.5000
1624609257585000,0,1.16278440,1384.5000
1624609550780000,0,5.50191369,1386.5800
1624609590505000,0,0.01792535,1387.4200
1624610122337000,1,1.81560000,1388.7200
1624611366590000,1,5.60284539,1393.3900
1624611611830000,0,0.05000000,1389.5400
1624611611830000,0,0.30797729,1389.8200
1624612437659000,0,0.61447098,1397.5600
1624612437659000,0,1.53598008,1397.6500
1624612536763000,1,0.05000000,1397.9400
1624612536763000,1,0.06888211,1397.7300
1624612966235000,1,0.05000000,1394.8400
1624612966882000,1,0.29714122,1394.8400
1624612967231000,1,1.29081543,1394.8400
1624612967346000,1,0.32272051,1394.8400
1624613167242000,1,0.02187699,1392.3900
1624613181606000,1,0.08417800,1392.4000
1624613182188000,1,0.02958900,1392.4000
1624613182188000,1,0.00000001,1392.3900
1624614179256000,1,0.05000000,1377.2600
1624614179463000,0,0.05000000,1378.3100
1624614179463000,0,0.05000000,1378.3600
1624614198395000,1,0.05000000,1379.9500
1624614198395000,1,0.05000000,1379.5800
1624614198395000,1,1.98750585,1379.4100
1624614359838000,1,0.73640557,1372.7700
1624614360374000,1,1.43451251,1372.7700
1624614373110000,0,0.14000000,1375.1700
1624614410802000,0,0.22865570,1374.9600
1624614410802000,0,1.77134429,1374.9600
1624614428475000,1,13.54000000,1372.7700
1624614466799000,1,2.23604450,1372.7700
1624614467134000,1,0.14000000,1372.7700
1624614468010000,1,1.58299154,1372.7700
1624614468010000,1,0.04730466,1372.7700
1624614468567000,1,0.07001232,1372.7700
1624614468805000,1,0.55663336,1372.7700
1624614468916000,1,0.48715547,1372.7700
1624614468926000,1,0.91894007,1372.7700
1624614771042000,1,0.05000000,1372.2200
1624614771042000,1,0.05000000,1372.1400
1624614771042000,1,0.10000000,1371.9500
1624614916813000,0,2.30780000,1376.0000
1624615232769000,1,0.05000000,1370.3400
1624615232769000,1,0.05000000,1369.9300
1624615232769000,1,0.42876943,1369.9300
1624615669137000,0,5.25000000,1371.9100
1624616171631000,0,0.19962927,1376.0000
1624616172991000,0,1.27710046,1376.0000
1624616173003000,0,1.27710046,1376.0000
1624616207979000,0,0.19778518,1376.0000
1624616228309000,0,0.03540484,1376.0000
1624616228796000,0,0.14000000,1376.0000
1624616228850000,0,4.24485040,1376.0000
1624616228863000,0,4.24485040,1376.0000
1624616228882000,0,2.12259449,1376.0000
1624616366691000,0,0.04900000,1371.0000
1624616679598000,1,5.77000000,1366.8000
1624616956053000,1,0.05000000,1360.4400
1624617009491000,1,0.36581617,1360.0000
1624617009491000,1,1.99418383,1360.0000
1624617009600000,1,0.00581617,1360.0000
1624617187323000,0,2.42000000,1363.4200
1624617322084000,1,1.30000000,1364.0000
1624617433257000,1,0.14000000,1360.3200
1624617433409000,1,0.17662694,1360.3200
1624617433441000,1,0.11484868,1360.3200
1624617585457000,1,0.45953403,1360.2200
1624617706571000,0,0.05000000,1351.3400
1624617717691000,1,0.05000000,1348.8100
1624617730129000,0,0.05000000,1350.6300
1624617806970000,1,0.70000000,1350.2900
1624617806970000,1,0.05000000,1350.2700
1624617806970000,1,0.91332536,1350.1900
1624617822713000,0,0.05000000,1350.1100
1624618272418000,0,0.05000000,1349.2200
1624618272418000,0,0.31933198,1349.6600
1624618598070000,1,0.28609674,1348.2000
1624619841777000,0,7.40000000,1340.1000
1624619854251000,1,16.45000000,1338.8800
1624619854715000,1,0.05000000,1337.6900
1624620136535000,1,2.00000000,1333.1400
1624620361088000,0,0.05000000,1337.6000
1624620361088000,0,0.05000000,1337.8800
1624620361088000,0,0.05000000,1338.1600
1624620361088000,0,1.65273252,1338.1700
1624620361088000,0,1.80273252,1338.1700
1624620361089000,0,1.80273251,1338.1700
1624620361090000,0,1.80273251,1338.1700
1624620362210000,0,0.05000000,1338.1500
1624620478771000,0,0.14000000,1338.7400
1624620596320000,0,0.80808285,1334.4300
1624620690743000,1,0.45684854,1338.1500
1624620752504000,0,0.11140470,1339.7100
1624620762342000,0,0.37200000,1339.7000
1624620765642000,0,0.04182279,1339.7000
1624621067536000,1,0.04999999,1340.4500
1624621147828000,1,0.00000001,1340.4500
1624621356218000,0,0.05000000,1337.9300
1624621443923000,0,0.05000000,1340.6500
1624621445564000,0,0.05000000,1340.6500
1624621446971000,0,0.05000000,1340.6500
1624621454976000,0,0.05000000,1340.6500
1624621456798000,0,16.25000000,1340.6500
1624621551067000,1,0.91253999,1345.8800
1624621551084000,1,0.00000001,1345.8800
1624621577905000,0,4.12000000,1347.3200
1624621587302000,1,0.03826683,1346.4400
1624621587645000,1,0.15058365,1346.4400
1624621587743000,1,0.00000001,1346.4400
1624621651075000,1,0.70000000,1342.1000
1624621651075000,1,2.15220000,1342.0300
1624621661835000,0,0.05000000,1344.0200
1624621661835000,0,4.96000000,1344.1500
1624621741825000,0,0.05000000,1338.9600
1624621800843000,0,0.05000000,1336.9000
1624622105761000,1,0.48000000,1331.8600
1624622105761000,1,0.15627444,1331.8600
1624622105761000,1,0.39089722,1331.3500
1624622537861000,1,0.05000000,1335.7900
1624622703524000,0,0.64719953,1326.6800
1624622703566000,0,0.00000001,1326.6800
1624622712452000,0,0.64676596,1328.4000
1624622712452000,0,0.90682403,1328.9000
1624622712452000,0,0.71037177,1328.9000
1624622712452000,0,0.64644330,1328.9000
1624622712452000,0,0.05000000,1328.9100
1624622712452000,0,0.39211684,1329.0800
1624623398161000,1,1.79169411,1339.0200
1624623398162000,1,0.20830589,1339.0200
1624623398162000,1,0.05000000,1338.9000
1624623398162000,1,1.53338821,1338.6700
1624623669940000,1,1.80000000,1349.0400
1624623794387000,0,0.09000000,1348.1800
1624623794390000,0,0.14000000,1348.1800
1624623794438000,0,7.67000000,1348.1800
1624623885256000,1,0.80000000,1351.2500
1624623885256000,1,0.05000000,1351.2400
1624623885256000,1,0.09276752,1351.0200
1624623954203000,0,1.08000000,1350.3300
1624623954206000,0,0.52004623,1350.3300
1624623954235000,0,0.63674419,1350.7200
1624623954235000,0,1.14693534,1350.7300
1624624051241000,0,0.63000000,1347.8600
1624624304649000,1,2.00000000,1342.9300
1624624347196000,1,0.05000000,1339.2900
1624624581334000,0,0.05000000,1337.7800
1624624721822000,1,0.80000000,1332.5100
1624624973328000,0,0.04999999,1333.6600
1624624973332000,0,0.00000001,1333.6600
1624625161254000,1,1.49260000,1330.0100
1624625164292000,1,0.90178771,1329.9900
1624625164295000,1,0.90256037,1329.9900
1624625164374000,1,0.05000000,1329.9900
1624625164956000,1,14.67000000,1329.9900
1624625165033000,1,0.00443785,1329.9900
1624625173262000,0,0.05000000,1330.0400
1624625173262000,0,0.02480828,1330.1200
1624625239031000,0,0.89151622,1334.9400
1624625345204000,1,0.04900000,1328.7300
1624625345269000,1,0.00100000,1328.7300
1624625406371000,1,0.05000000,1328.4000
1624625432908000,1,0.05000000,1328.1500
1624625451510000,1,5.13000000,1327.3900
1624625811340000,0,0.09000000,1332.6400
1624625811424000,0,4.83759312,1332.6400
1624625950660000,1,2.00000000,1337.1300
1624626035388000,1,0.05000000,1335.8200
1624626037295000,1,2.00000000,1335.5600
1624626061845000,1,4.97000000,1333.1000
1624626192185000,0,4.80000000,1335.5100
1624626289577000,0,0.05000000,1338.9400
1624626295901000,0,0.05000000,1340.3600
1624626295901000,0,0.18359882,1340.6100
1624626909924000,1,0.16810711,1324.2200
1624626909924000,1,0.00000001,1324.2200
1624626915235000,1,0.16093773,1320.4400
1624626915235000,1,0.01513004,1320.4400
1624626997670000,0,0.05000000,1321.2700
1624627143236000,1,0.17827264,1326.5700
1624627143236000,1,0.44568161,1326.5700
1624627427354000,1,0.05000000,1327.3300
1624627427354000,1,0.97079479,1327.2200
1624627741163000,0,0.05000000,1328.6100
1624627741163000,0,1.30000000,1328.7800
1624627741163000,0,0.33341523,1328.8700
1624627929366000,0,0.04999999,1335.2500
1624627929366000,0,0.00000001,1335.2500
1624627929373000,0,1.61736715,1335.5700
1624627929373000,0,0.16052353,1335.5800
1624627929396000,0,1.45679255,1335.5800
1624627929396000,0,0.05000000,1335.8400
1624627929396000,0,0.27109813,1336.0900
1624627962022000,1,0.05000000,1334.8700
1624628017190000,1,0.04999999,1335.5700
1624628017209000,1,0.00000001,1335.5700
1624628039294000,0,0.07450169,1335.5400
1624628044744000,1,0.05000000,1334.4800
1624628044744000,1,1.63341523,1334.4100
1624628117651000,0,0.05000000,1336.6600
1624628117651000,0,0.02443433,1336.9300
1624628174591000,1,0.44046287,1333.9200
1624628174595000,1,0.42111270,1333.9200
1624628174608000,1,1.85303070,1333.9200
1624628174689000,1,0.16846823,1333.9200
1624628174953000,1,0.21692549,1333.9200
1624628174985000,1,0.00000001,1333.9200
1624628414484000,0,0.03733051,1332.6900
1624628446721000,0,4.92000000,1334.2100
1624628446770000,0,0.00681264,1334.2100
1624628826795000,1,0.05000000,1338.5800
1624628910796000,1,0.05000000,1340.8100
1624629123432000,1,0.14000000,1337.9000
1624629128116000,1,5.00000000,1337.9000
1624629128155000,1,0.00519910,1337.9000
1624630409535000,0,0.05000000,1344.6000
1624630745806000,0,0.64151328,1339.7700
1624630745806000,0,0.61591849,1339.7700
1624630745917000,0,0.02500000,1339.7700
1624630748039000,0,0.00066187,1339.7700
1624630748039000,0,0.11433813,1340.0400
1624630748937000,0,3.97413929,1340.0400
1624630749436000,0,0.08110488,1340.0400
1624630759410000,0,0.39059816,1340.1700
1624630759415000,0,0.13363906,1340.1700
1624630759439000,0,0.17576278,1340.1700
1624631195254000,1,0.48000000,1333.2300
1624631902420000,1,0.16026562,1323.8700
1624631902426000,1,0.00000001,1323.8700
1624631976431000,1,0.14000000,1321.0700
1624631976504000,1,0.03161311,1321.0700
1624631976728000,1,0.42903276,1320.7900
1624631976728000,1,0.68586724,1320.6300
1624632024020000,1,0.16000000,1316.9100
1624632024146000,1,0.00498827,1316.9100
1624632024344000,1,0.41247069,1316.4500
1624632024344000,1,1.07243900,1316.4400
1624632058928000,1,0.17205056,1317.1500
1624632058928000,1,0.43012640,1316.8300
1624632058928000,1,0.51612304,1316.5400
1624632069272000,1,0.19999999,1315.0000
1624632069272000,1,0.00000001,1315.0000
1624632114570000,1,0.04999999,1316.6900
1624632114570000,1,1.03115999,1316.6900
1624632114571000,1,0.91884002,1316.6900
1624632114571000,1,0.05000000,1316.4000
1624632114818000,1,0.14898319,1316.0400
1624632114818000,1,0.05000000,1316.0300
1624632136095000,1,0.04900000,1317.3400
1624632198241000,1,1.13977995,1311.8200
1624632198241000,1,0.17509491,1311.8200
1624632198241000,1,0.17529212,1311.8200
1624632198241000,1,0.05000000,1311.8100
1624632198241000,1,0.05000000,1311.7200
1624632202747000,1,2.00000000,1310.0000
1624632208784000,0,0.05000000,1310.4500
1624632209977000,0,0.05000000,1310.7300
1624632221286000,0,0.04000000,1310.1300
1624632267115000,1,0.04895546,1311.3700
1624632267461000,1,0.16755397,1310.5700
1624632286076000,1,0.05000000,1310.5700
1624632294200000,1,5.25000000,1309.5100
1624632307258000,1,0.05000000,1306.1200
1624632307426000,1,0.14000000,1305.7600
1624632307433000,1,0.35965771,1305.7600
1624632307435000,1,0.58151951,1305.7600
1624632307435000,1,0.05000000,1305.7400
1624632307482000,1,0.16635054,1305.0400
1624632307482000,1,0.16645497,1305.0400
1624632307482000,1,1.08127849,1305.0400
1624632308860000,1,0.81000000,1302.9700
1624632310416000,1,8.94000000,1302.6600
1624632312477000,0,0.05000000,1301.9300
1624632313306000,0,0.27389836,1301.9200
1624632313452000,0,0.38609252,1301.9200
1624632396626000,1,1.67000000,1310.6600
1624632396644000,1,0.33000000,1310.6600
1624632406917000,1,0.16000000,1309.0200
1624632415690000,1,0.16000000,1307.9900
1624632498505000,1,0.70000000,1309.9900
1624632498505000,1,1.64351991,1309.9600
1624632498505000,1,0.93592000,1309.9000
1624632498505000,1,0.15695370,1309.8900
1624632498505000,1,0.39238424,1309.8900
1624632498505000,1,1.02021306,1309.8900
1624632498505000,1,0.05000000,1309.8800
1624632498505000,1,0.05000000,1309.5800
1624632498505000,1,1.81438337,1309.5500
1624632506472000,0,0.05000000,1313.6400
1624632506613000,0,0.05000000,1313.7800
1624632508229000,0,0.05000000,1314.4500
1624632531869000,1,0.24129536,1315.7400
1624632531875000,1,0.01354895,1315.7400
1624632532411000,1,0.25467836,1315.5100
1624632611214000,1,1.31000000,1316.5200
1624632611224000,1,0.00051819,1316.5200
1624632676361000,1,0.05000000,1316.3400
1624632738666000,0,0.05000000,1312.6600
1624632928444000,1,0.05000000,1310.1900
1624632928444000,1,0.15138686,1310.1400
1624633237435000,1,0.16000000,1314.3700
1624633237715000,1,0.00829645,1314.3700
1624633237715000,1,0.25170355,1314.1100
1624633237881000,1,0.16906958,1314.1100
1624633239180000,1,0.04999999,1313.7300
1624633239181000,1,0.00000001,1313.7300
1624633240111000,1,0.04999999,1313.3900
1624633240179000,1,0.00000001,1313.3900
1624633347457000,1,0.15000000,1305.7600
1624633393213000,1,0.05000000,1304.3500
1624633393215000,1,0.37490647,1304.3500
1624633430584000,1,0.05000000,1301.7000
1624633430584000,1,0.15790809,1301.6900
1624633430584000,1,1.58979592,1301.6600
1624633430584000,1,0.06509302,1301.6600
1624633430587000,1,0.37426669,1301.7000
1624633430632000,1,0.15790808,1301.7000
1624633430633000,1,0.08272057,1301.7000
1624633430649000,1,0.15000000,1301.7000
1624633430654000,1,0.15790808,1301.7000
1624633430657000,1,0.15790808,1301.7000
1624633430658000,1,0.04627633,1301.7000
1624633430658000,1,0.47685779,1301.7000
1624633430727000,1,0.03198366,1301.7000
1624633430729000,1,0.36417072,1301.7000
1624633430757000,1,0.39498876,1301.4100
1624633430956000,1,0.15807136,1301.7100
1624633435172000,1,0.07653846,1300.0000
1624633435172000,1,3.73136154,1300.0000
1624633435769000,1,0.05000000,1300.0000
1624633435893000,1,1.30000000,1300.0000
1624633435988000,1,1.42000000,1300.0000
1624633436435000,1,0.83984355,1300.0000
1624633436859000,1,0.05000000,1300.0000
1624633437358000,1,1.18000000,1300.0000
1624633437902000,1,0.00579491,1300.0000
1624633440014000,0,0.04420509,1299.8600
1624633447954000,0,0.75852529,1301.5200
1624633480197000,1,0.04999999,1296.9500
1624633509909000,0,0.05000000,1301.1000
1624633521126000,0,0.09000000,1303.6100
1624633646477000,1,0.04999999,1298.3900
1624633646498000,1,0.00000001,1298.3900
1624633647233000,1,0.05000000,1297.8500
1624633647233000,1,0.05000000,1297.6500
1624633647233000,1,0.00000001,1296.9500
1624633677070000,0,0.05000000,1297.8600
1624633677070000,0,0.04800000,1297.9600
1624633702137000,0,0.05000000,1297.7000
1624633702137000,0,0.01900289,1297.9600
1624633722257000,1,0.14776194,1293.3300
1624633722257000,1,0.15362469,1293.3200
1624633722261000,1,0.00000001,1293.3200
1624633722382000,1,0.09891897,1293.0400
1624633723187000,0,0.05000000,1293.0400
1624633744977000,1,0.14186401,1292.0100
1624633744979000,1,0.00000001,1292.0100
1624633745402000,1,0.14186402,1291.3400
1624633745402000,1,0.19709237,1291.3300
1624633745403000,1,0.15758143,1291.3300
1624633748775000,0,0.04999999,1290.9300
1624633748777000,0,0.00000001,1290.9300
1624633785238000,0,0.04999999,1288.3200
1624633785240000,0,0.00000001,1288.3200
1624633810422000,1,0.14000000,1290.3900
1624633813078000,0,0.04900000,1291.4700
1624633921473000,1,0.05000000,1296.6900
1624633923701000,1,0.05000000,1296.4600
1624634011693000,1,0.05000000,1297.2400
1624634035184000,0,0.23452140,1297.6700
1624634035275000,0,0.34825580,1297.6700
1624634169576000,1,0.04900000,1302.9000
1624634173184000,1,1.96000000,1302.5800
1624634173217000,1,0.04000000,1302.5800
1624634308802000,1,0.05000000,1299.1600
1624634412412000,1,3.06326601,1302.1400
1624634790727000,0,0.04999999,1302.0700
1624634790748000,0,0.00000001,1302.0700
1624634791791000,0,0.04999999,1302.4700
1624634791834000,0,0.00000001,1302.4700
1624635253071000,1,2.36420000,1305.8700
1624635335873000,0,0.05000000,1309.8200
1624635603140000,1,0.37944374,1315.6100
1624635604604000,1,0.00000001,1315.6100
1624635830727000,1,0.14000000,1320.3600
1624635830812000,0,0.05000000,1321.7600
1624635830813000,0,0.29963024,1322.0800
1624635830813000,0,0.45119476,1322.0800
1624635987803000,1,0.04999999,1323.4900
1624636002259000,0,0.05000000,1324.7800
1624636002259000,0,0.05000000,1324.9200
1624636002259000,0,0.05000000,1325.3300
1624636002259000,0,0.19267393,1325.4400
1624636355042000,1,0.60000000,1318.9500
1624636456628000,1,2.00000000,1317.0100
1624636535589000,1,2.00000000,1316.8500
1624636654240000,1,0.05000000,1310.3000
1624636665603000,1,0.05000000,1310.0700
1624636767684000,0,5.17232791,1313.2200
1624636767706000,0,0.10555771,1313.2200
1624636818177000,1,0.05000000,1311.2500
1624636830145000,0,0.11261546,1312.1100
1624636830167000,0,1.52568156,1312.1100
1624636830167000,0,0.23028255,1312.1100
1624636841725000,0,0.14000000,1312.1900
1624636841769000,0,0.51486901,1312.1900
1624637029637000,0,0.04999999,1328.0300
1624637182509000,0,0.05000000,1325.9800
1624637182509000,0,0.05000000,1326.3000
1624637182509000,0,0.05000000,1326.5600
1624637182509000,0,0.00043570,1326.6000
1624637257892000,0,0.03760336,1323.0200
1624637588021000,0,0.04130029,1324.9300
1624637588082000,1,0.04900000,1323.5300
1624637610036000,1,0.05000000,1320.7700
1624637612278000,1,0.04900000,1320.6500
1624637742296000,0,0.04679189,1316.0400
1624637866377000,1,0.04999999,1314.4300
1624637974716000,1,0.05000000,1311.4500
1624638075862000,1,0.05000000,1303.2100
1624638089001000,1,1.96000000,1302.0000
1624638093543000,1,0.04000000,1302.0000
1624638097803000,1,0.05000000,1302.5400
1624638133671000,0,0.66282083,1295.7600
1624638133675000,0,0.00000001,1295.7600
1624638147789000,1,0.05000000,1294.6800
1624638192598000,1,0.16000000,1297.5900
1624638192861000,1,0.04999999,1297.4600
1624638192891000,1,0.00000001,1297.4600
1624638425824000,1,0.15451449,1291.2700
1624638425824000,1,0.38619655,1291.2700
1624638429815000,1,0.14999999,1290.0000
1624638429835000,1,0.00000001,1290.0000
1624638456211000,0,0.04999999,1291.5400
1624638456213000,0,0.00000001,1291.5400
1624638637745000,1,0.69386913,1295.9700
1624638637826000,1,0.80965094,1295.9700
1624638710147000,0,0.05000000,1295.1900
1624638710147000,0,0.05000000,1295.4100
1624638710147000,0,0.17318563,1295.8300
1624638710148000,0,1.77681436,1295.8300
1624638749872000,0,0.05000000,1300.5500
1624638749872000,0,1.77453976,1300.8200
1624638749872000,0,0.22546024,1300.8200
1624638794081000,0,0.05000000,1301.5100
1624638794081000,0,0.02644377,1301.8000
1624638816165000,1,0.04900000,1302.0700
1624638827261000,0,0.08945600,1303.7000
1624638827263000,0,0.05000000,1304.0300
1624638967907000,0,0.37954973,1310.7900
1624639081588000,1,0.04999999,1301.1600
1624639084140000,1,0.24000000,1298.9500
1624639146985000,1,0.05000000,1292.5800
1624639190392000,0,0.05000000,1299.5200
1624639191556000,0,0.04999999,1300.1600
1624639191666000,0,0.00000001,1300.1600
1624639211533000,1,0.05000000,1300.4900
1624639299984000,1,0.05000000,1300.0300
1624639344750000,1,0.05000000,1301.1400
1624639366196000,0,0.05000000,1301.0800
1624639366196000,0,0.03128100,1301.3600
1624639432740000,1,0.05000000,1306.1200
1624639490751000,1,0.05000000,1306.7800
1624639733641000,0,0.05000000,1310.7600
1624639752640000,0,0.07000000,1312.3200
1624639752750000,0,0.00825200,1312.3200
1624639765237000,0,0.05000000,1312.2100
1624639765237000,0,0.05000000,1312.3200
1624639765237000,0,1.60427581,1312.8500
1624640038580000,1,0.05000000,1305.2500
1624640136011000,0,0.05000000,1309.6000
1624640136011000,0,0.02616993,1309.9000
1624640136863000,1,0.05000000,1307.7900
1624640246368000,1,0.04900000,1306.3200
1624640246797000,1,0.00100000,1306.3200
1624640593598000,0,0.08634388,1316.2100
1624640593618000,0,0.00176212,1316.2100
1624640598529000,0,0.11680000,1316.6900
1624640599568000,0,0.05000000,1317.8300
1624640675869000,0,0.07000000,1318.0800
1624640675896000,0,0.00510000,1318.0800
1624640684562000,0,4.75000000,1319.2300
1624640758974000,1,0.16039400,1318.3500
1624640828596000,0,0.05000000,1313.7800
1624640918104000,1,0.05000000,1312.7800
1624640974664000,0,0.05000000,1311.8600
1624641041690000,1,4.82000000,1313.9000
1624641111827000,0,4.98205631,1310.1100
1624641171202000,1,0.80000000,1312.9100
1624641171202000,1,0.05000000,1312.9000
1624641171202000,1,0.80000000,1312.7000
1624641171202000,1,0.05000000,1312.4200
1624641171202000,1,0.00427581,1312.2500
1624641365061000,0,0.05000000,1318.1200
1624641380021000,0,0.37199700,1319.8600
1624641392722000,1,0.16057900,1319.9700
1624641392987000,0,0.47916978,1322.0300
1624641392992000,0,1.52083022,1322.0300
1624641454921000,0,0.05000000,1319.1700
1624641454921000,0,0.05000000,1319.4500
1624641454921000,0,0.70000000,1319.6600
1624641454921000,0,0.88861299,1319.7500
1624641665676000,0,0.05000000,1317.5800
1624641810403000,1,0.15622020,1311.3900
1624642297622000,1,0.04900000,1309.9100
1624642711159000,1,2.87000000,1302.2400
1624643103060000,1,2.00000000,1295.3800
1624643125047000,1,0.05000000,1299.2700
1624643190123000,1,0.05000000,1301.8900
1624643248171000,1,0.05000000,1301.3000
1624643448167000,1,0.24000000,1305.7700
1624643448778000,1,0.12000000,1305.7800
1624643449135000,1,0.00074000,1305.7800
1624643449135000,1,0.00098600,1305.7700
1624643462548000,1,0.05000000,1303.4000
1624643473412000,1,0.02000000,1301.9000
1624643511173000,1,0.75890637,1299.4000
1624643602359000,1,0.19000000,1305.2100
1624643933994000,0,0.05000000,1302.9000
1624643964392000,1,0.17934000,1299.6900
1624643964392000,1,0.80000000,1299.6000
1624643964392000,1,0.18636000,1299.4200
1624644112627000,1,0.05000000,1297.2100
1624644112627000,1,0.05000000,1296.9000
1624644112627000,1,0.16134637,1296.7500
1624644112627000,1,1.49084001,1296.7400
1624644112630000,1,0.17383844,1296.7400
1624644112630000,1,1.75218638,1296.6400
1624644191576000,1,0.05000000,1296.5500
1624644192568000,1,0.05000000,1296.5500
1624644240903000,0,0.91000000,1303.4700
1624644275148000,0,0.07399399,1309.3100
1624644275158000,0,0.00000001,1309.3100
1624644313812000,0,0.14000000,1312.0000
1624644314095000,0,0.05000000,1312.0000
1624644314412000,0,0.12460019,1312.0000
1624644314732000,0,0.21000000,1312.0000
1624644314785000,0,0.00418574,1312.0000
1624644318327000,0,0.05000000,1315.3100
1624644319317000,0,0.70288450,1316.0000
1624644353200000,1,0.05000000,1316.4000
1624644372358000,0,0.18489500,1316.5400
1624644372710000,0,0.11753643,1316.5400
1624644372721000,0,2.01687204,1316.5400
1624644373470000,0,0.40718034,1316.5400
1624644373484000,0,0.73242012,1316.5400
1624644392527000,1,0.05000000,1317.6400
1624644392611000,0,0.05000000,1317.6000
1624644392756000,0,0.09000000,1317.6000
1624644438750000,0,0.00312903,1317.6000
1624644438750000,0,0.05000000,1317.7900
1624644438750000,0,0.05587097,1318.4400
1624644468145000,0,0.05000000,1321.3300
1624644590852000,0,0.05000000,1317.5400
1624644706986000,0,0.05000000,1320.7700
1624644707322000,0,0.05000000,1321.2100
1624644707479000,0,0.05000000,1321.5400
1624644953279000,1,0.05000000,1311.6800
1624645226793000,1,0.04999999,1324.0300
1624645226814000,1,0.00000001,1324.0300
1624645569690000,0,0.05000000,1323.0200
1624645569690000,0,0.05000000,1323.3900
1624645569690000,0,0.27721306,1323.3900
1624646270216000,1,0.05000000,1322.5300
1624646338488000,1,0.05000000,1323.2500
1624646440188000,1,0.05000000,1327.4300
1624646443384000,1,1.74755023,1327.4300
1624646443385000,1,0.25244977,1327.4300
1624646443385000,1,0.05000000,1327.4200
1624646443385000,1,0.04999999,1327.2100
1624646443401000,1,0.00000001,1327.2100
1624646458439000,1,0.71000000,1328.0700
1624646458466000,1,0.09000000,1328.0700
1624646465446000,1,1.68861299,1326.5700
1624646669957000,0,0.05000000,1328.2400
1624646773958000,0,0.26231889,1326.8800
1624646773958000,0,0.05568289,1326.8800
1624646773959000,0,1.68199822,1326.8800
1624646812659000,1,1.62785614,1327.6300
1624646812659000,1,0.00000001,1327.6300
1624646882519000,0,0.05000000,1327.4500
1624646882519000,0,0.08417986,1327.6700
1624647077238000,1,0.05000000,1323.7900
1624647077239000,1,0.05000000,1323.4900
1624647078299000,1,0.04900000,1323.1200
1624647119225000,0,0.05000000,1322.7100
1624647149606000,1,0.16945636,1320.8000
1624647150263000,1,2.70000000,1320.7500
1624647153677000,0,0.05000000,1321.2100
1624647153846000,0,0.05000000,1321.5100
1624647153846000,0,2.00000000,1321.5500
1624647153846000,0,0.05000000,1321.6100
1624647153846000,0,0.05000000,1322.0700
1624647155094000,0,9.60000000,1323.0300
1624647170288000,1,1.55126409,1325.2100
1624647170397000,1,0.16046812,1324.5000
1624647170397000,1,1.58395725,1324.4900
1624647170400000,1,0.21869682,1324.4900
1624647170400000,1,0.19734593,1324.4900
1624647170724000,1,0.96261864,1324.3300
1624647470326000,1,0.22773088,1324.8300
1624647623359000,1,0.05000000,1327.3400
1624647666530000,1,2.62920000,1327.4500
1624647990489000,1,0.04900000,1323.3200
1624648136675000,1,0.04999999,1317.4800
1624648136696000,1,0.00000001,1317.4800
1624648616895000,1,0.05000000,1330.9300
1624648888157000,0,0.86456362,1345.9800
1624649278375000,1,0.15809281,1342.6800
1624649367439000,0,0.05000000,1344.8200
1624649367439000,0,0.05000000,1345.1300
1624649367439000,0,0.40000000,1345.1300
1624649394917000,1,0.15421589,1345.2600
1624649395567000,1,0.04900000,1344.8600
1624649515010000,0,0.64107766,1341.4800
1624649515018000,0,0.24000000,1341.6200
1624649658327000,0,0.53533915,1341.1000
1624649658341000,0,0.57045729,1341.1000
1624649658346000,0,0.78343717,1341.1000
1624649658347000,0,0.11076639,1341.1000
1624649940431000,0,0.04999999,1340.0700
1624649940434000,0,0.00000001,1340.0700
1624649940496000,0,0.05000000,1340.3800
1624649940496000,0,1.15000000,1340.6300
1624649992684000,1,2.00000000,1339.3300
1624650172679000,1,0.16377417,1337.6100
1624650172701000,1,0.00334233,1337.6100
1624650231795000,1,0.31485462,1336.8000
1624650231799000,1,0.31485462,1336.8000
1624650231799000,1,1.37029076,1336.8000
1624650232163000,1,0.16545547,1336.3900
1624650232260000,1,0.00000001,1336.3900
1624650232334000,1,0.41363251,1335.9000
1624650232334000,1,1.07545959,1335.1800
1624650304261000,1,0.49000000,1334.7800
1624650449923000,0,0.35541721,1333.2500
1624650466669000,1,0.15000000,1329.1600
1624650466707000,1,0.00620985,1329.1600
1624650649469000,0,0.05000000,1331.5700
1624650649469000,0,0.32450036,1331.9600
1624650688612000,0,0.67588475,1329.9600
1624650688620000,0,0.28629693,1329.9600
1624650688621000,0,1.03781832,1329.9600
1624650714933000,0,0.09000000,1330.6100
1624650715543000,0,1.90520000,1330.6100
1624650962963000,0,0.05000000,1335.7900
1624650962963000,0,2.00000000,1335.9600
1624650962963000,0,2.40000000,1336.0200
1624650962963000,0,0.05000000,1336.0900
1624650962963000,0,1.47358974,1336.1100
1624650967281000,0,2.00000000,1336.0100
1624650984287000,1,2.00000000,1335.2900
1624650984287000,1,0.00900000,1335.2400
1624651100265000,1,0.05000000,1335.6600
1624651100265000,1,0.05000000,1335.5400
1624651100265000,1,0.50000000,1335.2200
1624651214091000,0,0.05000000,1332.3700
1624651214091000,0,0.05000000,1332.6600
1624651214091000,0,0.43809625,1332.9000
1624651319342000,1,0.05000000,1326.8300
1624651450777000,1,0.05000000,1330.7100
1624651458907000,1,0.05000000,1329.6900
1624651591391000,1,0.05000000,1331.7800
1624651889265000,0,3.97448799,1331.0000
1624651889274000,0,3.97448799,1331.0000
1624651889289000,0,1.98427082,1331.0000
1624651973304000,0,0.25000000,1328.2500
1624652110513000,0,0.64581621,1331.1500
1624652110513000,0,6.79418379,1331.1600
1624652110526000,0,0.00581621,1331.1600
1624652406539000,1,1.56200000,1335.7200
1624652406667000,1,0.14000000,1335.7200
1624652410508000,1,8.89800000,1335.7200
1624652421396000,1,0.05000000,1334.0000
1624652421469000,1,0.51247005,1334.0000
1624652550171000,1,0.18426159,1337.3500
1624652550203000,1,1.31996506,1337.3500
1624652550204000,1,0.31471503,1337.3500
1624652550208000,1,0.18105832,1337.3500
1624652550277000,1,1.31176934,1337.1300
1624652760334000,1,1.99980000,1336.7300
1624652889228000,1,4.77000000,1336.8300
1624652889261000,1,0.00181490,1336.8300
1624653232536000,1,1.61000000,1339.9500
1624653596161000,1,0.03076300,1342.4700
1624654608635000,1,0.01604723,1342.7100
1624655469612000,1,0.04999999,1332.5800
1624655469613000,1,0.00000001,1332.5800
1624655476626000,0,0.05000000,1332.2800
1624655476626000,0,0.01973500,1332.6300
1624655495516000,0,0.05000000,1330.4100
1624655504243000,0,0.05000000,1332.8700
1624655558866000,0,0.04000000,1331.7100
1624655570903000,1,1.71571370,1328.6100
1624655570904000,1,0.28428629,1328.6100
1624655570908000,1,0.00000001,1328.6100
1624655571359000,1,0.15506947,1327.8900
1624655571879000,1,0.15511148,1327.4100
1624655601207000,1,0.15185066,1325.9700
1624655601209000,1,0.00000001,1325.9700
1624655609977000,0,0.64913810,1325.6000
1624655609977000,0,0.64919694,1325.6100
1624655609977000,0,0.05000000,1325.7000
1624655609986000,0,1.62282080,1325.8100
1624655609986000,0,0.09814430,1325.8200
1624655610327000,0,0.64894207,1325.8100
1624655610327000,0,0.64919694,1325.8100
1624655641727000,1,0.02430925,1328.8700
1624655641729000,1,0.00000001,1328.8700
1624655669605000,0,0.55680616,1328.2100
1624655669640000,0,0.61530678,1328.2100
1624655669704000,0,0.02425184,1328.8800
1624655753511000,1,0.04999999,1325.9700
1624655753561000,1,0.00000001,1325.9700
1624656369775000,1,0.20582405,1334.4600
1624657105159000,1,1.29872127,1338.8400
1624657105164000,1,0.31461468,1338.8400
1624657105164000,1,0.18450930,1338.8000
1624657228396000,1,0.09142800,1341.5600
1624657229142000,1,0.00000062,1341.5600
1624657230057000,1,0.05000000,1341.6000
1624657231862000,0,0.50554679,1342.5600
1624657237822000,1,0.07008652,1342.3100
1624657237822000,1,0.04999999,1342.3000
1624657237839000,1,0.00000001,1342.3000
1624657281914000,1,0.02820789,1343.8600
1624657281914000,1,0.07051971,1343.8600
1624657281951000,1,0.00000001,1343.8600
1624657287298000,1,0.01965297,1343.4400
1624657287298000,1,0.04913242,1343.4400
1624657287298000,1,0.12232461,1343.4400
1624657287298000,1,1.53080367,1343.4300
1624657287299000,1,0.35453495,1343.4300
1624657287306000,1,1.49804235,1343.4300
1624657299408000,1,0.03420947,1342.9400
1624657299408000,1,0.03567653,1342.7800
1624657309930000,1,0.03420234,1342.7800
1624657309930000,1,0.08384840,1342.7700
1624657309930000,1,0.05000000,1342.7600
1624657309930000,1,0.56186683,1342.6600
1624657363437000,1,0.02200000,1343.1100
1624657363540000,1,0.00039507,1343.1100
1624657577548000,0,0.01854033,1341.4000
1624657620106000,0,0.05000000,1338.4100
1624657620106000,0,0.13613000,1338.5800
1624657804764000,1,0.05000000,1332.1000
1624657806469000,1,0.05000000,1331.1600
1624657806475000,1,0.11800000,1331.1600
1624657806547000,1,8.23200000,1331.1600
1624658286983000,0,4.69153843,1329.0600
1624658286983000,0,0.82846157,1329.0700
1624658286983000,0,0.79828931,1329.0700
1624658286983000,0,0.05000000,1329.2500
1624658286983000,0,1.62822582,1329.3700
1624658289788000,0,1.62000000,1329.0700
1624658290545000,0,0.05000000,1328.7800
1624658294828000,0,1.59429102,1328.8300
1624658296395000,0,0.03188582,1328.8300
1624658299278000,0,0.00065073,1328.8300
1624658299278000,0,1.61934927,1328.8300
1624658312410000,0,0.00675088,1329.0700
1624658312410000,0,1.62324912,1329.3700
1624658312425000,0,0.00497670,1329.3700
1624658312601000,0,1.62669421,1329.7700
1624658312601000,0,0.04330579,1329.8600
1624658347712000,0,1.62000000,1330.7600
1624658419301000,0,6.80000000,1334.6200
1624658531706000,1,0.31000000,1326.3700
1624658531761000,1,0.13000000,1326.3700
1624658531797000,1,0.17000000,1326.3700
1624658800280000,1,0.05000000,1330.9300
1624658886536000,0,0.04999999,1332.4500
1624659341214000,1,0.10959427,1331.8700
1624659341428000,1,0.10959262,1331.5800
1624659342004000,1,0.13000000,1331.2400
1624659342020000,1,0.12000000,1331.2400
1624659342020000,1,0.02398156,1331.2400
1624659342020000,1,0.10959262,1331.2400
1624659595260000,0,0.05000000,1331.1100
1624660286038000,1,0.05000000,1326.7900
1624660346727000,0,0.80000000,1326.7200
1624660346727000,0,0.74986327,1326.8200
1624660346743000,0,0.88085931,1326.8200
1624660347780000,0,0.74953239,1327.2300
1624660347850000,0,0.05655364,1327.2300
1624660347861000,0,0.37590176,1327.2300
1624660348612000,0,0.62158302,1327.2300
1624660348884000,0,0.16172935,1327.2300
1624660349141000,0,0.14000000,1327.2300
1624660489136000,0,0.05000000,1329.3300
1624660489139000,0,0.49929117,1329.3300
1624660489162000,0,1.12808072,1329.3300
1624660489990000,0,0.59283346,1329.3300
1624660490072000,0,0.05000000,1329.3300
1624660690067000,1,0.80000000,1322.1100
1624660690067000,1,0.25000000,1322.0000
1624660695081000,1,0.45388206,1321.2500
1624660695088000,1,1.72472971,1321.2500
1624660695095000,1,1.72472971,1321.2500
1624660695096000,1,1.72472971,1321.2500
1624660695166000,1,0.14000000,1321.2500
1624660805028000,0,0.04999999,1320.3600
1624660805031000,0,0.00000001,1320.3600
1624660808306000,1,0.04900000,1319.2400
1624660983995000,0,4.23000000,1319.4600
1624660984150000,0,0.66112449,1319.4600
1624660984227000,0,0.14000000,1319.4600
1624661070898000,1,1.90240000,1317.6500
1624661100545000,1,0.11900000,1316.6600
1624661153705000,1,0.02100000,1320.4800
1624661183745000,0,0.88000000,1317.4500
1624661217001000,1,0.05000000,1312.4900
1624661233857000,0,0.05000000,1308.2400
1624661240505000,0,0.05000000,1308.5300
1624661306888000,0,0.04000000,1308.3500
1624661325237000,1,0.05000000,1307.6400
1624661325237000,1,0.04999999,1307.5500
1624661325249000,1,0.00000001,1307.5500
1624661325287000,1,0.54047806,1306.9900
1624661325288000,1,1.45952194,1306.9900
1624661325288000,1,0.05000000,1306.8800
1624661325571000,1,0.15000000,1306.5000
1624661325581000,1,0.00336074,1306.5000
1624661325651000,1,0.15330681,1306.2700
1624661341441000,0,0.57600892,1305.9700
1624661341505000,0,1.73257725,1305.9700
1624661341519000,0,1.73232883,1305.9700
1624661341538000,0,1.75693130,1305.9700
1624661341580000,0,0.30730746,1305.9700
1624661341595000,0,0.57397572,1305.9700
1624661341722000,0,0.94692158,1305.9700
1624661347772000,0,0.05000000,1305.7500
1624661358713000,0,0.04900000,1304.7200
1624661363730000,0,0.04900000,1304.3500
1624661406180000,0,0.16012284,1303.9600
1624661408020000,0,0.05000000,1303.9600
1624661408338000,0,0.19017579,1303.9600
1624661409230000,0,0.00000001,1303.9600
1624661412869000,1,0.05000000,1304.3000
1624661412869000,1,0.33060947,1304.1800
1624661414529000,1,0.05000000,1304.8300
1624661414529000,1,0.10224853,1304.1800
1624661415105000,1,0.05000000,1304.8300
1624661415105000,1,0.05000000,1304.1800
1624661415105000,1,0.17831448,1304.1800
1624661441155000,1,0.14504203,1301.6500
1624661441155000,1,0.36260507,1301.6500
1624661455166000,1,0.37559802,1300.5500
1624661455166000,1,0.15023921,1300.5500
1624661456936000,1,0.15038245,1299.3800
1624661456936000,1,1.34191755,1299.2200
1624661490805000,0,0.04900000,1302.2800
1624661546118000,1,0.13458575,1301.0300
1624661546143000,1,0.00000001,1301.0300
1624661571102000,1,0.13309756,1299.2100
1624661571102000,1,0.33288192,1299.2100
1624661571105000,1,0.00000001,1299.2100
1624661571105000,1,0.86550352,1299.0600
1624661571105000,1,0.05000000,1299.0500
1624661571122000,1,0.05000000,1298.6600
1624661571122000,1,1.68812345,1298.4300
1624661571126000,1,1.73812346,1298.4300
1624661571141000,1,1.73812345,1298.4300
1624661571302000,1,0.49000000,1298.8600
1624661571505000,1,0.33288193,1298.8700
1624661571505000,1,0.13309756,1298.8700
1624661571505000,1,0.86550352,1298.8700
1624661580781000,0,0.05000000,1297.7000
1624661580781000,0,0.05000000,1297.7600
1624661580781000,0,0.03612426,1298.3400
1624661581028000,0,1.29340276,1298.3400
1624661625204000,0,1.55939309,1300.6900
1624661625410000,0,1.32940000,1300.6900
1624661625438000,0,0.05000000,1300.6900
1624661650561000,1,0.11621868,1299.0900
1624661653888000,1,0.11400000,1299.2500
1624661703559000,0,0.11400000,1300.3200
1624661766946000,0,0.05000000,1304.4400
1624661778949000,1,0.17108668,1303.5200
1624661778949000,1,0.05000000,1303.5100
1624661778949000,1,0.20663002,1303.2800
1624661778953000,1,0.22108668,1303.2800
1624661778953000,1,0.01003732,1303.2700
1624661779162000,0,0.05000000,1303.5200
1624661796119000,1,0.14000000,1301.7500
1624661796636000,1,0.00671306,1301.7500
1624661806790000,0,0.04999999,1301.7500
1624661806819000,0,0.08999715,1301.7500
1624661811757000,1,0.05000000,1301.0400
1624661877453000,0,2.00000000,1299.4700
1624661877453000,0,0.05000000,1299.4800
1624661935835000,0,0.05100000,1299.9300
1624661974340000,0,0.05000000,1297.2000
1624661995086000,1,0.14161880,1298.8400
1624661995086000,1,0.04999999,1298.8300
1624662063312000,0,0.12108699,1301.0400
1624662063317000,0,0.00000001,1301.0400
1624662121138000,0,0.19999999,1303.6500
1624662121165000,0,0.00000001,1303.6500
1624662128798000,0,0.05000000,1303.9900
1624662128798000,0,0.05000000,1304.2700
1624662128798000,0,0.09121342,1304.4900
1624662431391000,0,0.05000000,1309.4800
1624662431391000,0,0.05000000,1309.8600
1624662431391000,0,0.07288389,1310.0700
1624662616306000,0,2.11400000,1309.5500
1624662739616000,1,0.05000000,1306.9500
1624662740241000,1,0.05000000,1306.6700
1624662878416000,0,2.00000000,1307.7800
1624662981864000,0,0.05000000,1308.2200
1624663287321000,0,8.70000000,1300.9100
1624663919372000,0,2.00000000,1309.8100
1624664144334000,0,0.27678959,1311.1200
1624664144334000,0,0.37800013,1311.1200
1624664144334000,0,0.05395931,1311.1200
1624664144343000,0,0.57069624,1311.1200
1624664144353000,0,0.08521292,1311.1200
1624664144487000,0,0.92740573,1311.1200
1624664196769000,0,0.05000000,1314.0900
1624664196953000,0,0.09781216,1314.0900
1624664268783000,0,0.11301400,1314.5300
1624664272633000,0,0.07687459,1315.3100
1624664272637000,0,0.01748241,1315.3100
1624664355646000,0,0.05000000,1316.0600
1624664355646000,0,0.32895258,1316.2900
1624664746846000,0,7.74200000,1317.6500
1624664747878000,0,0.15484000,1317.6500
1624664773511000,0,0.05000000,1320.4800
1624664793360000,1,0.10000000,1319.4600
1624665136601000,1,0.04707299,1310.8000
1624665136604000,1,0.00000001,1310.8000
1624665354260000,1,0.45658712,1309.9400
1624665604802000,0,0.57493298,1304.9400
1624665744906000,1,0.14000000,1298.5300
1624665770639000,1,0.17128891,1296.1800
1624665770640000,1,0.00000001,1296.1800
1624665807958000,0,7.20000000,1298.4600
1624665866879000,1,0.04999999,1297.8600
1624665866879000,1,0.00000001,1297.8600
1624665902743000,0,0.05000000,1300.0100
1624665983917000,0,0.09000000,1302.1900
1624666078139000,1,1.74176631,1310.2300
1624666078143000,1,0.25823369,1310.2300
1624666078143000,1,0.16705497,1309.9500
1624666078143000,1,0.41771387,1309.9500
1624666078147000,1,0.16702949,1309.6400
1624666136766000,0,0.05000000,1307.5700
1624666181250000,1,0.05000000,1301.4300
1624666181250000,1,0.04999999,1301.4000
1624666181260000,1,0.00000001,1301.4000
1624666389554000,0,0.05000000,1297.8000
1624666391305000,0,0.04999999,1298.2100
1624666391307000,0,0.00000001,1298.2100
1624666449143000,0,0.60895421,1304.3600
1624666449143000,0,0.05000000,1304.3600
1624666449145000,0,1.75080508,1304.3600
1624666449168000,0,7.09024071,1304.3600
1624666497196000,1,0.05000000,1302.4000
1624666611638000,0,0.04999999,1305.4300
1624666611678000,0,0.00000001,1305.4300
1624667481473000,0,0.05000000,1321.4400
1624667481473000,0,0.05000000,1321.4500
1624667508805000,1,0.14000000,1325.3400
1624667586143000,1,0.05000000,1321.2100
1624667649425000,1,0.10000000,1319.7500
1624667649431000,1,0.00186505,1319.7500
1624667695812000,0,4.89000000,1323.4600
1624667823911000,0,0.14000000,1317.3900
1624667823998000,0,0.60639232,1317.3900
1624667824043000,0,0.74808150,1317.3900
1624667824044000,0,0.13800280,1317.3900
1624667934470000,0,0.12970700,1313.9600
1624669669841000,0,4.77000000,1318.0500
1624669704136000,0,2.46000000,1316.7500
1624669803014000,0,1.64112131,1318.7400
1624669905544000,1,0.05000000,1312.0000
1624669905704000,1,0.14000000,1311.5500
1624669905730000,1,0.02205299,1311.5500
1624669905730000,1,0.95794955,1311.0800
1624669905817000,1,0.40501523,1311.5400
1624669905817000,1,1.04205045,1311.0800
1624669905817000,1,1.05360007,1310.9900
1624670014185000,1,0.41000000,1310.2700
1624670014253000,1,0.00083969,1310.2700
1624670110084000,1,3.82120000,1308.8100
1624670591129000,1,0.14663416,1303.3800
1624670591130000,1,0.00000001,1303.3800
1624670618900000,0,1.05685766,1303.7500
1624670618900000,0,0.94314234,1303.7500
1624670619106000,0,0.14000000,1304.0800
1624670619412000,0,5.26000000,1304.0800
1624670713852000,0,3.14000000,1305.9600
1624670762391000,0,0.04999999,1304.1000
1624670762396000,0,0.00000001,1304.1000
1624670763967000,0,9.10000000,1304.7500
1624670820316000,0,1.99990000,1304.2900
1624670882324000,0,0.80000000,1304.5900
1624671547221000,1,0.05000000,1299.0000
1624671602517000,1,0.09000000,1298.1400
1624672148477000,0,0.04999999,1300.8400
1624672148479000,0,0.00000001,1300.8400
1624672186579000,0,1.82000000,1303.7900
1624672627644000,0,6.20000000,1313.9400
1624672735661000,0,0.05000000,1318.7500
1624672743899000,1,0.39328830,1317.1200
1624672743899000,1,0.04671170,1317.0900
1624673317263000,0,0.09000000,1317.4500
1624673317382000,0,0.05000000,1317.4500
1624673319121000,0,0.05000000,1317.4500
1624673320307000,0,0.05000000,1317.4500
1624673321842000,0,0.05000000,1317.4500
1624673322043000,0,1.88354866,1317.4500
1624674411925000,1,0.05000000,1306.0600
1624674534741000,0,0.05000000,1306.1400
1624675103172000,0,1.00000000,1302.4700
1624675265687000,0,1.00000000,1300.5400
1624675265771000,0,1.02077425,1300.5400
1624675266129000,0,0.34648615,1300.5400
1624675266142000,0,1.34493102,1300.5400
1624675534742000,0,4.28000000,1310.4400
1624675723221000,1,0.03679300,1314.6300
1624677788467000,0,1.97532495,1309.4200
1624677948855000,0,2.18000000,1308.6600
1624677948856000,0,0.28000000,1308.6600
1624677948906000,0,4.33000000,1308.6600
1624677970087000,0,1.97530000,1313.8400
1624678390359000,0,3.38000000,1317.0100
1624678390391000,0,2.25000000,1317.0100
1624678390408000,0,1.27000000,1317.0100
1624678989244000,0,3.91000000,1318.5400
1624678989328000,0,3.51000000,1318.5400
1624679044505000,1,0.14000000,1317.9900
1624679044561000,1,0.83504452,1317.9900
1624680018941000,0,9.10000000,1314.2700
1624681557495000,0,0.36895944,1311.7400
1624681557541000,0,0.28625692,1311.7400
1624681624656000,0,0.23298043,1313.8800
1624682477104000,1,2.00000000,1316.9500
1624682780186000,0,0.05000000,1318.6500
1624682781196000,0,0.05000000,1318.9900
1624683845316000,0,0.04999999,1332.7100
1624683845369000,0,0.00000001,1332.7100
1624683845689000,0,0.05000000,1333.5600
1624683845689000,0,0.05000000,1333.8900
1624683845689000,0,0.91068831,1334.1200
1624683856387000,1,0.05000000,1334.2600
1624683880167000,1,0.05000000,1333.9700
1624683880167000,1,2.00000000,1333.9700
1624683886160000,1,4.91555775,1333.1500
1624684099277000,1,0.05000000,1329.3900
1624684482169000,1,1.07080555,1328.4000
1624685792541000,0,1.16212209,1320.4000
1624685974725000,0,0.05000000,1320.7700
1624685974725000,0,0.13833710,1320.7700
1624689027034000,0,0.28948936,1325.9900
1624689705133000,1,1.64040000,1316.3900
1624689705343000,1,0.00005728,1316.3900
1624689718412000,1,0.05000000,1313.6600
1624689718412000,1,3.09100000,1313.2600
1624689848997000,0,0.21630064,1309.9800
1624690006641000,0,0.09000000,1304.4100
1624690217391000,0,0.20231933,1304.3400
1624690221388000,0,0.20231933,1304.3400
1624690221880000,0,0.20231933,1304.3400
1624690222382000,0,0.20231933,1304.3400
1624690322560000,0,0.17251218,1300.9000
1624690323536000,0,0.04258228,1300.9000
1624690409624000,0,0.05000000,1302.9500
1624690409624000,0,0.13315420,1302.9500
1624690429806000,1,0.05000000,1301.4500
1624690614850000,1,0.04999999,1302.1200
1624690614851000,1,0.00000001,1302.1200
1624690614903000,1,0.05000000,1302.0500
1624690647980000,0,0.05000000,1300.7800
1624690647980000,0,0.95185615,1301.0800
1624690841895000,0,1.29990000,1304.5700
1624690903813000,0,0.21839817,1302.8800
1624690903940000,0,0.33806048,1302.8800
1624690904214000,0,1.44354135,1302.8800
1624691156380000,1,0.02221987,1297.8100
1624691156380000,1,0.92258013,1297.8000
1624691157869000,1,0.05000000,1297.8700
1624691185384000,1,0.05000000,1297.7300
1624691185387000,1,0.09817987,1297.4600
1624691185570000,1,0.01610250,1297.4000
1624691252022000,0,0.05000000,1296.7300
1624691252022000,0,0.78309433,1297.0800
1624691255322000,1,0.03742892,1294.8300
1624691255322000,1,0.09732418,1294.8300
1624691255328000,1,0.00000001,1294.8300
1624691255785000,1,0.04999999,1294.6800
1624691255786000,1,0.00000001,1294.6800
1624691256693000,1,0.05000000,1294.2500
1624691257269000,1,0.03742891,1293.5300
1624691257269000,1,0.00000001,1293.5300
1624691257694000,1,0.03367525,1293.5300
1624691366013000,1,0.02412888,1291.3500
1624691366493000,1,0.06271764,1290.6000
1624691366493000,1,0.02412887,1290.6000
1624691366496000,1,0.00000001,1290.6000
1624691367149000,1,0.05000000,1290.0500
1624691367401000,1,0.05000000,1289.4600
1624691386355000,1,0.25886116,1286.6300
1624691386356000,1,1.04983701,1286.6300
1624691386358000,1,0.69130183,1286.6300
1624691386358000,1,0.01575661,1286.5700
1624691395981000,0,0.05000000,1285.5900
1624691397099000,0,0.05000000,1286.2900
1624691430116000,1,0.03983317,1283.2300
1624691431330000,1,0.03983316,1281.9800
1624691431413000,1,0.00000001,1281.9800
1624691439885000,0,0.38749600,1283.9100
1624691586098000,0,0.19549304,1282.7300
1624691586119000,0,10.30450696,1282.7300
1624691863856000,0,0.05000000,1281.3200
1624691863856000,0,0.05000000,1281.5700
1624691863856000,0,0.05000000,1281.9600
1624691863856000,0,0.34752839,1281.9600
1624691878287000,1,0.05000000,1276.0300
1624691878287000,1,0.03627118,1275.9900
1624691878287000,1,0.04430506,1275.9900
1624691880441000,1,0.03000000,1274.4300
1624691933153000,0,0.05000000,1276.3500
1624691935221000,0,0.05000000,1277.7000
1624692025204000,1,0.04999999,1275.0600
1624692025218000,1,0.00000001,1275.0600
1624692025716000,1,0.04999999,1274.9000
1624692025729000,1,0.00000001,1274.9000
1624692026213000,1,0.09290058,1274.4300
1624692026213000,1,0.05000000,1274.4200
1624692026213000,1,0.04709942,1274.3700
1624692026334000,1,0.00290058,1274.3700
1624692099602000,1,0.02435656,1274.7300
1624692145903000,0,0.05000000,1276.4600
1624692145903000,0,0.05000000,1276.7400
1624692145903000,0,1.10000000,1276.9500
1624692145903000,0,0.05000000,1277.0500
1624692145903000,0,0.30843154,1277.0500
1624692172131000,1,0.05000000,1275.6900
1624692172131000,1,1.69514930,1275.6000
1624692172131000,1,0.25485070,1275.4600
1624692290753000,1,0.05000000,1275.5300
1624692290901000,1,0.02136099,1275.3100
1624692373572000,0,0.04999999,1274.1700
1624692373584000,0,0.00000001,1274.1700
1624692382097000,1,0.05000000,1273.3100
1624692707264000,1,0.05000000,1276.3800
1624692707264000,1,0.05000000,1276.3300
1624692707264000,1,0.05000000,1275.9800
1624692707264000,1,0.86068831,1275.7500
1624692937385000,0,0.04999999,1266.9400
1624692937387000,0,0.00000001,1266.9400
1624693036114000,1,0.05000000,1267.1500
1624693036512000,1,0.03009245,1266.7100
1624693036512000,1,0.03009200,1266.4900
1624693036512000,1,0.05000000,1266.4800
1624693038402000,1,0.05000000,1265.0500
1624693187754000,1,0.35543313,1265.0000
1624693187760000,1,0.44456687,1265.0000
1624693238414000,0,0.04356673,1267.9400
1624693481125000,1,0.06000000,1268.0600
1624693481446000,1,0.00488079,1268.0600
1624693501132000,1,0.06434794,1263.4900
1624693501132000,1,2.00000000,1263.4800
1624693501957000,1,1.95000000,1263.7000
1624693502110000,1,0.05000000,1263.7000
1624693504154000,0,0.04999999,1263.4800
1624693504170000,0,0.00000001,1263.4800
1624693510974000,1,0.04743654,1263.7500
1624693511028000,1,0.05000000,1263.8600
1624693521632000,1,0.09664928,1263.0100
1624693524417000,0,0.04999999,1263.0000
1624693524423000,0,0.00000001,1263.0000
1624693547660000,0,0.05000000,1264.1600
1624693594270000,0,0.05000000,1270.3300
1624693594270000,0,0.02221400,1270.4700
1624693615865000,0,0.05000000,1271.9600
1624693615865000,0,0.03021000,1272.0700
1624693851272000,1,0.37000000,1267.3300
1624693882211000,1,0.91684472,1264.9600
1624693882212000,1,0.34657163,1264.9600
1624693882213000,1,0.73658365,1264.9600
1624693884620000,1,0.04900000,1262.7500
1624693985206000,1,0.05000000,1263.1400
1624693985206000,1,0.01660658,1262.6200
1624693985206000,1,0.80000000,1262.6100
1624693985206000,1,0.04151646,1262.5200
1624693985206000,1,0.60254784,1262.5100
1624694065141000,1,0.80000000,1262.1700
1624694145545000,1,0.05000000,1261.0100
1624694145999000,1,1.95000000,1261.0100
1624694148341000,1,0.10000000,1260.0000
1624694166407000,1,0.04999999,1261.2200
1624694166414000,1,0.00000001,1261.2200
1624694204575000,0,0.80000000,1265.9900
1624694204575000,0,0.95141183,1266.0900
1624694204577000,0,1.04858817,1266.0900
1624694204577000,0,0.70282365,1266.2000
1624694229543000,0,0.05000000,1269.0000
1624694229543000,0,0.34198417,1269.2400
1624694238326000,1,0.05000000,1268.4900
1624694238326000,1,0.05000000,1267.9300
1624694238326000,1,0.15022405,1267.8800
1624694238326000,1,0.80000000,1267.6800
1624694238326000,1,0.39058254,1266.8100
1624694238326000,1,0.62377895,1266.8000
1624694492447000,0,1.00000000,1266.8100
1624694610426000,0,0.05000000,1261.2000
1624694648987000,0,0.24000000,1262.2000
1624694660384000,1,0.05000000,1260.6800
1624694660384000,1,0.05000000,1260.3800
1624694660384000,1,0.02684491,1260.0500
1624694660384000,1,0.00000001,1260.0500
1624694660384000,1,0.05000000,1260.0400
1624694660386000,1,0.06711230,1259.8100
1624694660386000,1,0.17445846,1259.8000
1624694660386000,1,0.03291923,1259.7900
1624694711633000,1,0.05000000,1259.1300
1624694711633000,1,2.00000000,1258.9700
1624694711633000,1,5.14632704,1258.9600
1624694711633000,1,0.05000000,1258.8500
1624694711633000,1,0.05000000,1258.5800
1624694711633000,1,1.71699493,1258.4800
1624694711633000,1,0.02000150,1258.1700
1624694711633000,1,0.05000376,1258.1700
1624694711633000,1,0.13000977,1258.1700
1624694711633000,1,0.05000000,1258.0900
1624694711633000,1,1.71745395,1258.0700
1624694711633000,1,1.71609223,1257.6700
1624694711633000,1,1.71642629,1257.3700
1624694711633000,1,6.60000000,1257.3400
1624694711633000,1,0.49000000,1256.8100
1624694711633000,1,1.71717634,1256.7700
1624694711633000,1,1.71744725,1256.5800
1624694711633000,1,0.06206694,1256.0500
1624694726630000,0,0.05000000,1259.6200
1624694726630000,0,0.05000000,1259.6300
1624694726630000,0,0.05000000,1259.9500
1624694726630000,0,0.00798254,1260.2500
1624694751047000,1,0.01700847,1255.0900
1624694751047000,1,0.04358565,1255.0000
1624694751047000,1,0.04249477,1254.4100
1624694751047000,1,0.04246166,1254.4100
1624694751047000,1,0.05000000,1253.9600
1624694751054000,1,1.71982321,1253.8000
1624694751054000,1,0.03507928,1253.3800
1624694751073000,1,1.68711688,1253.3800
1624694752435000,0,0.04999999,1253.8100
1624694752442000,0,0.00000001,1253.8100
1624694828773000,1,0.05000000,1250.0000
1624694887354000,1,0.04007999,1250.0000
1624694887438000,1,0.00000001,1250.0000
1624694998853000,1,0.03529380,1249.1500
1624695074933000,1,0.02755832,1251.3600
1624695074933000,1,0.07164820,1251.3600
1624695074954000,1,0.00000001,1251.3600
1624695077971000,1,0.02755832,1250.3100
1624695077971000,1,0.07164821,1250.3100
1624695079979000,1,0.06448131,1249.6300
1624695079979000,1,0.02480049,1249.6300
1624695080051000,1,0.00000001,1249.6300
1624695080671000,1,0.02480049,1249.2200
1624695080694000,1,0.00000001,1249.2200
1624695092343000,1,0.03589871,1247.6700
1624695092343000,1,0.00000001,1247.6700
1624695114568000,1,0.03719051,1248.1000
1624695114568000,1,0.00000001,1248.1000
1624695135233000,1,0.05000000,1243.6800
1624695135233000,1,0.05000000,1243.4900
1624695135233000,1,0.03183034,1243.0600
1624695135233000,1,0.05000000,1243.0500
1624695135233000,1,0.49000000,1241.8900
1624695135233000,1,4.74264467,1241.8800
1624695135233000,1,1.73719422,1241.8700
1624695135233000,1,1.73839412,1241.7300
1624695135233000,1,1.45000000,1240.8600
1624695135233000,1,0.24000000,1240.8600
1624695135233000,1,4.97000000,1240.8500
1624695135233000,1,1.73681101,1240.8400
1624695135233000,1,1.73837355,1240.6900
1624695135233000,1,0.99000000,1240.6500
1624695135233000,1,1.73778209,1240.6300
1624695135233000,1,3.23697000,1239.7200
1624695150268000,1,0.02949843,1244.3100
1624695168667000,1,0.02737753,1243.5200
1624695168676000,1,0.00000001,1243.5200
1624695244218000,1,0.02542807,1240.8600
1624695244220000,1,0.00000001,1240.8600
1624695669604000,0,0.05000000,1243.9900
1624695669604000,0,0.35086349,1244.3600
1624695716997000,1,1.73790000,1243.8400
1624695771144000,1,0.00005283,1243.8400
1624695890610000,1,1.73490000,1245.9700
1624695890617000,1,0.00005001,1245.9700
1624695973356000,1,1.74134865,1241.2400
1624696249400000,0,0.02019692,1250.7100
1624696406418000,0,0.05000000,1260.1900
1624696406418000,0,0.61445272,1260.5200
1624696423914000,0,0.05000000,1261.1200
1624696423914000,0,0.05000000,1261.5700
1624697119988000,0,0.24000000,1245.7400
1624697367793000,1,0.05000000,1248.4100
1624697367793000,1,1.09626110,1248.2700
1624697370807000,0,4.99000000,1250.0900
1624697370887000,0,0.00655430,1250.0900
1624697637014000,0,0.05000000,1245.9900
1624697637014000,0,0.05000000,1246.2600
1624697637014000,0,0.01976455,1246.5500
1624697745688000,1,1.73120000,1243.4900
1624697863788000,0,0.23944938,1246.6100
1624697989398000,0,0.05977136,1251.7700
1624698004558000,0,0.80000000,1250.6600
1624698004558000,0,0.54452652,1250.7600
1624698054729000,0,0.05000000,1255.9500
1624698294322000,0,0.01594960,1247.6800
1624698767889000,0,0.79900044,1248.5600
1624698775632000,1,0.04999999,1246.4700
1624698775640000,1,0.00000001,1246.4700
1624699110877000,0,0.19040847,1247.1400
1624699219483000,0,0.06204704,1247.8100
1624699242956000,0,0.04882986,1249.7500
1624699302074000,0,0.05000000,1251.1800
1624699693822000,0,0.12062882,1256.2000
1624700051673000,0,0.07419823,1262.2500
1624700051724000,0,0.05000000,1262.2500
1624700051742000,0,0.25474754,1262.2500
1624700051748000,0,0.11105423,1262.2500
1624700242639000,0,0.03944124,1261.3700
1624700265638000,0,1.71740133,1261.8200
1624700265638000,0,0.04638049,1262.1300
1624700331598000,0,0.05000000,1267.9800
1624700331598000,0,0.05000000,1268.2100
1624700336149000,0,1.76095121,1269.2800
1624700336150000,0,0.23904879,1269.2800
1624700336150000,0,0.97690000,1269.3400
1624700336150000,0,0.54500241,1269.3600
1624700336151000,0,1.45499759,1269.3600
1624700336151000,0,0.05000000,1269.7800
1624700336151000,0,0.05000000,1270.0800
1624700336151000,0,0.20595362,1270.6000
1624700336152000,0,0.47101118,1270.6000
1624700336152000,0,1.29000012,1270.8500
1624700336154000,0,0.40246638,1270.8500
1624700336154000,0,1.35848482,1270.8500
1624700337926000,1,0.03348840,1268.6300
1624700340786000,0,4.78370000,1270.8400
1624700364317000,0,0.67434253,1274.9700
1624700364317000,0,0.15232545,1274.9700
1624700364334000,0,0.05000000,1274.9700
1624700365311000,0,0.05000000,1276.3000
1624700369707000,0,0.80000000,1278.4900
1624700369707000,0,0.75649582,1278.5900
1624700374507000,1,0.14000000,1275.7400
1624700375298000,1,0.59229383,1275.7400
1624700384198000,1,0.29345199,1277.6000
1624700384203000,1,1.70654801,1277.6000
1624700384203000,1,0.04999999,1277.5400
1624700407363000,0,0.05000000,1284.0900
1624700408473000,0,0.75000000,1284.0900
1624700412843000,1,0.05000000,1284.8000
1624700412843000,1,0.05000000,1284.7700
1624700420638000,1,0.97000000,1284.8700
1624700441725000,1,0.04900000,1282.2600
1624700535611000,1,0.00000001,1277.5400
1624700604919000,1,0.20000000,1274.9700
1624700604919000,1,0.05000000,1274.9600
1624700797041000,0,0.05000000,1269.2200
1624700797041000,0,0.05000000,1269.2300
1624700797503000,0,0.05000000,1269.0500
1624700823665000,0,0.05000000,1269.4800
1624700832572000,0,0.14000000,1271.2300
1624700835114000,0,0.05000000,1272.7700
1624700839679000,0,0.05000000,1272.8700
1624700839679000,0,0.05000000,1273.0400
1624700839679000,0,0.05000000,1273.3000
1624700839679000,0,0.30733606,1273.5000
1624700841200000,0,0.05000000,1272.5100
1624700847748000,1,0.04999999,1271.7700
1624700847769000,1,0.00000001,1271.7700
1624700864860000,1,0.04936219,1273.5000
1624700864862000,1,0.00063781,1273.5000
1624700951934000,0,0.05000000,1275.8800
1624701029001000,1,0.05000000,1273.6700
1624701147745000,0,0.05000000,1277.8800
1624701326272000,1,0.34907592,1275.0000
1624701326281000,1,0.03020479,1275.0000
1624701326286000,1,0.35422131,1275.0000
1624701326379000,1,0.83764307,1275.0000
1624701676244000,0,0.05000000,1280.2100
1624701735354000,1,0.14000000,1279.9100
1624701737029000,1,1.66000000,1279.9100
1624701828679000,0,0.05000000,1277.4200
1624701875479000,0,5.19129254,1277.7500
1624701875479000,0,0.05000000,1278.0400
1624701875479000,0,0.19740746,1278.4500
1624701964961000,1,0.05000000,1277.7800
1624702021874000,1,0.05000000,1276.8200
1624702021874000,1,0.28806303,1276.5600
1624702032940000,0,1.75656896,1276.6700
1624702032941000,0,0.24343104,1276.6700
1624702032941000,0,1.04871711,1276.8300
1624702525648000,0,0.05000000,1270.7100
1624702525648000,0,0.11476200,1271.0700
1624702743288000,0,0.14000000,1276.4900
1624702743511000,0,0.05000000,1276.4900
1624702952789000,0,0.99442979,1274.6400
1624703047730000,0,0.49000000,1274.7600
1624703118803000,0,0.49000000,1276.4300
1624703738924000,1,0.04999999,1271.2200
1624703738924000,1,0.00000001,1271.2200
1624703739346000,1,0.05000000,1270.8900
1624703740300000,1,0.05000000,1270.5800
1624703980561000,0,0.49000000,1271.4300
1624703980561000,0,1.70452601,1271.4500
1624703980561000,0,0.05000000,1271.5100
1624703980561000,0,0.00559737,1271.7300
1624703980562000,0,1.69895323,1271.7300
1624703980562000,0,0.05000000,1271.8500
1624703980562000,0,0.01117015,1271.9800
1624703980564000,0,1.69349499,1271.9800
1624703980564000,0,0.06662839,1272.1600
1624703980592000,0,1.63819813,1272.1600
1624703980592000,0,0.12192525,1272.3800
1624703981181000,0,0.05000000,1271.9100
1624703985725000,0,1.33760000,1274.1800
1624704220358000,1,0.04999999,1262.5700
1624704385762000,0,5.12000000,1263.9800
1624704385774000,0,0.00127823,1263.9800
1624704991127000,0,0.05000000,1271.3900
1624704991127000,0,1.06973107,1271.7500
1624705097387000,1,0.15560700,1273.9700
1624705101170000,1,0.07386600,1274.4100
1624705124372000,0,0.05000000,1276.2300
1624705124372000,0,0.05000000,1276.5000
1624705124372000,0,1.65668809,1276.5000
1624705124374000,0,0.34331191,1276.5000
1624705205721000,0,1.77050000,1276.1100
1624705248315000,0,0.19443923,1279.3200
1624705307066000,0,0.49000000,1284.1600
1624705327823000,1,0.05000000,1290.4100
1624705329342000,1,0.09000000,1289.7700
1624705346654000,1,0.05000000,1290.0100
1624705351551000,1,2.00000000,1289.7400
1624705352057000,1,0.05000000,1289.3300
1624705353456000,1,2.00000000,1287.7400
1624705712429000,1,4.09000000,1285.9800
1624705712754000,1,1.63260776,1285.9800
1624705712824000,1,0.34325779,1285.9800
1624705713126000,1,0.25166031,1286.1400
1624706161711000,0,0.47986377,1289.3000
1624706161711000,0,0.04999999,1289.3000
1624706161713000,0,1.47013624,1289.3000
1624706161713000,0,0.29067070,1289.3500
1624706708536000,0,0.04999999,1287.3200
1624706708618000,0,0.00000001,1287.3200
1624707017947000,1,0.93523572,1289.0800
1624707072619000,0,2.00000000,1287.6400
1624707350188000,0,2.00000000,1288.3100
1624707461070000,0,0.03854436,1290.9800
1624707668168000,0,0.05000000,1297.0400
1624707749232000,0,0.25000000,1298.2600
1624707768210000,0,1.66910000,1298.7400
1624707768276000,0,1.66930000,1298.9800
1624707768785000,0,0.00007415,1298.9800
1624707768785000,0,0.49000000,1299.2200
1624707787574000,0,0.04999999,1303.0000
1624707787578000,0,0.00000001,1303.0000
1624707789093000,0,2.12140000,1303.8000
1624707798456000,1,2.00000000,1303.3700
1624707914646000,1,0.05000000,1300.7600
1624708100741000,1,0.05000000,1301.6700
1624708113159000,1,0.03202767,1301.2300
1624708113159000,1,0.03202767,1301.2300
1624708113192000,1,0.03202767,1301.2300
1624708113194000,1,0.03202767,1301.2300
1624708113195000,1,0.03202767,1301.2300
1624708113228000,1,0.03202767,1301.2300
1624708113229000,1,0.03202767,1301.2300
1624708113251000,1,0.57580631,1301.2300
1624708113401000,1,0.03202768,1301.0400
1624708113644000,0,0.03343576,1302.3300
1624708134226000,0,0.05000000,1303.5500
1624708135136000,0,3.82849773,1303.5500
1624708136337000,0,0.07321594,1303.5500
1624708136687000,0,15.05444670,1303.5500
1624708137491000,0,4.66968503,1303.5500
1624708137858000,0,0.09529969,1303.5500
1624708153624000,1,0.03463452,1304.4800
1624708639913000,0,0.05000000,1302.2200
1624708639913000,0,0.93529809,1302.4500
1624709040031000,0,0.68938418,1298.0100
1624709040039000,0,1.37584218,1298.0100
1624709040086000,0,0.04039821,1298.0100
1624709040118000,0,0.14000000,1298.0100
1624709040129000,0,1.18678644,1298.0100
1624709040570000,0,0.21783784,1298.0100
1624709042439000,0,0.05000000,1298.0100
1624709042450000,0,0.33977528,1298.0100
1624709042458000,0,0.28963063,1298.0100
1624709042483000,0,0.52129451,1298.0100
1624709043672000,0,0.13711835,1298.0100
1624709043673000,0,1.15813022,1298.0100
1624709043677000,0,0.95380216,1298.0100
1624709067907000,0,1.53000000,1300.1400
1624709067924000,0,3.35664489,1300.1400
1624709762036000,0,0.07919510,1293.4500
1624709762056000,0,0.55204784,1293.4500
1624709935078000,0,0.05000000,1291.7300
1624709935078000,0,0.13000000,1291.9900
1624709998766000,1,0.05000000,1291.3400
1624709998766000,1,0.20609552,1291.2100
1624710380600000,1,0.05000000,1306.0700
1624710383804000,1,0.09000000,1306.3600
1624710754220000,0,0.01960000,1297.4200
1624710754257000,0,0.00040000,1297.4200
1624710970866000,1,2.09000000,1302.1500
1624710991810000,0,0.05000000,1302.4000
1624711227201000,1,3.70000000,1300.0000
1624711229830000,1,0.33000000,1300.0000
1624711229854000,1,19.67268585,1300.0000
1624711229904000,1,0.07148338,1300.0000
1624711767511000,0,0.01917708,1296.8600
1624711799168000,1,0.05000000,1295.1600
1624712091639000,1,0.34999999,1292.5800
1624712138839000,1,0.00000001,1292.5800
1624712204882000,0,0.05000000,1292.0400
1624712308152000,1,0.04999999,1290.6700
1624712308273000,1,0.00000001,1290.6700
1624712614876000,0,0.05000000,1292.6600
1624712614876000,0,0.12088232,1292.7200
1624713350828000,1,0.05000000,1291.1600
1624713350828000,1,0.05000000,1291.1100
1624713352027000,1,8.90000000,1290.2300
1624713405484000,1,0.06037463,1292.4600
1624713479634000,0,0.04900000,1290.3700
1624713479651000,0,0.00100000,1290.3700
1624713479715000,0,2.00000000,1290.4200
1624713494197000,0,1.26000000,1291.6700
1624714155307000,1,0.05000000,1288.3500
1624714314302000,1,0.90565944,1276.5800
1624714314302000,1,1.03890530,1276.5800
1624714332131000,0,0.04999999,1276.7300
1624714332131000,0,0.00000001,1276.7300
1624714332131000,0,0.05000000,1277.0100
1624714332131000,0,0.26142864,1277.1000
1624714332132000,0,1.73857136,1277.1000
1624714377538000,0,0.04900000,1279.0100
1624715016333000,0,1.70000000,1270.8100
1624715046153000,1,0.05000000,1268.9700
1624715363202000,1,0.04999999,1260.1700
1624715363203000,1,0.00000001,1260.1700
1624715363203000,1,0.02435124,1260.0800
1624715363781000,1,0.04999999,1259.8900
1624715364825000,1,0.00000001,1259.8900
1624716053708000,1,0.05000000,1254.3800
1624716120350000,1,0.05607871,1252.1100
1624716120378000,1,0.00000001,1252.1100
1624716121456000,0,0.04900000,1252.0800
1624716121507000,0,0.00099999,1252.0800
1624716847438000,1,0.04900000,1250.8500
1624716965651000,0,0.80000000,1252.7500
1624716965651000,0,0.05000000,1253.4300
1624717068757000,1,0.05000000,1259.1900
1624717085034000,0,0.08000000,1265.8400
1624717143892000,1,5.05000000,1262.9400
1624717309463000,0,0.05000000,1257.0700
1624717354918000,0,0.26994980,1260.7200
1624717520622000,0,0.03565304,1260.3200
1624717687945000,0,4.82000000,1261.7600
1624717817783000,0,0.49000000,1264.5300
1624717875152000,0,0.49000000,1268.5600
1624718281526000,0,0.05000000,1266.5800
1624718282701000,0,0.04900000,1266.8900
1624718282993000,0,0.00100000,1266.8900
1624718284732000,0,10.09400000,1267.4800
1624718285564000,0,0.20600000,1267.4800
1624718368259000,0,0.97000000,1273.4000
1624718368280000,0,0.00222000,1273.4000
1624718448701000,0,0.56307438,1280.1000
1624718523845000,1,0.05000000,1285.1500
1624718578565000,1,0.05000000,1282.1500
1624718578565000,1,0.04999999,1281.9900
1624718578568000,1,0.00000001,1281.9900
1624718749283000,0,0.04900000,1283.3900
1624718754079000,1,0.04999999,1282.8500
1624718754099000,1,0.00000001,1282.8500
1624718754099000,1,0.05000000,1282.7200
1624718979993000,0,4.87000000,1281.0600
1624719096602000,0,0.05000000,1293.7600
1624719113509000,0,0.37619253,1292.7800
1624719113510000,0,1.75056352,1292.7800
1624719113673000,0,1.36591558,1293.3000
1624719113688000,0,0.13259513,1293.3000
1624719120814000,1,0.01928010,1291.5800
1624719266312000,0,1.92290000,1287.3700
1624719267330000,0,0.63465781,1287.3700
1624719267347000,0,0.21600861,1287.3700
1624719267518000,0,0.46992762,1287.3700
1624719267527000,0,0.52572987,1287.3700
1624719267585000,0,0.65367609,1287.3700
1624719637086000,1,0.96114275,1285.9300
1624719637191000,1,0.05000000,1285.9300
1624719637274000,1,1.53257555,1285.9300
1624719637435000,1,0.02654374,1285.9300
1624719638408000,1,0.08461047,1285.9300
1624719638737000,1,0.00000001,1285.9300
1624719842694000,0,6.18000000,1276.2600
1624719843043000,0,3.12000000,1276.2600
1624719860775000,0,0.05000000,1277.5000
1624720045140000,1,0.05000000,1280.7000
1624720084012000,1,0.05000000,1278.9100
1624720084012000,1,0.05000000,1278.9000
1624720160308000,1,0.03336699,1278.5300
1624720506079000,0,0.05000000,1281.5900
1624720641138000,1,2.05000000,1279.2100
1624720641247000,1,0.00191838,1279.2100
1624721030864000,0,6.60000000,1277.9400
1624721713701000,1,0.02009209,1278.0100
1624721713710000,1,0.02009209,1278.0100
1624721713760000,1,0.02009098,1278.0100
1624722030007000,0,0.49000000,1276.8300
1624722376597000,0,2.00000000,1283.6100
1624722433667000,0,2.00000000,1286.0500
1624722823079000,1,0.26105854,1283.0500
1624722875400000,0,0.28261569,1286.9800
1624722897813000,1,0.66000000,1287.2300
1624723094402000,0,0.20000000,1286.6300
1624723227102000,0,7.90000000,1284.9000
1624723317916000,0,1.76773158,1280.7400
1624723317916000,0,0.23226841,1280.7400
1624723317922000,0,0.00000001,1280.7400
1624723387126000,1,0.06204324,1281.1500
1624723387127000,1,0.00000001,1281.1500
1624723410944000,0,1.99990000,1282.7900
1624723411705000,0,1.96000000,1282.7900
1624723411964000,0,1.45596419,1282.7900
1624723412346000,0,0.03380583,1282.7900
1624723412354000,0,0.08786416,1282.7900
1624723412362000,0,0.05000000,1282.7900
1624723412386000,0,0.37040268,1282.7900
1624723412403000,0,0.29302757,1282.7900
1624723412406000,0,0.44227491,1282.7900
1624723416702000,1,0.02408797,1282.7800
1624723416702000,1,0.06021992,1282.7800
1624723416702000,1,0.15657180,1282.7800
1624723416702000,1,1.52129968,1282.7700
1624723416705000,1,0.47870031,1282.7700
1624723429811000,1,0.80000000,1281.1300
1624723429811000,1,0.89370000,1280.9600
1624723431174000,1,0.69307337,1280.9600
1624723431186000,1,0.10701075,1280.9600
1624723685645000,0,0.05000000,1277.8000
1624723799087000,0,0.05000000,1271.8900
1624723973701000,1,4.88503260,1262.9700
1624724167767000,1,0.05000000,1255.5500
1624724223925000,1,0.02907104,1249.1300
1624724223925000,1,0.00000001,1249.1300
1624724225799000,0,0.05000000,1249.1200
1624724238200000,0,0.05000000,1252.2200
1624724238930000,0,0.05000000,1252.5900
1624724514432000,1,0.05000000,1256.7700
1624724514432000,1,0.15000000,1256.5600
1624724805068000,1,0.28479880,1263.5400
1624724805071000,1,1.71520120,1263.5400
1624724805071000,1,0.04999999,1263.5400
1624724805071000,1,0.00000001,1263.5400
1624725005011000,0,0.11000000,1266.7400
1624725058157000,0,0.08000000,1268.3000
1624725058222000,0,0.00973000,1268.3000
1624725132251000,1,0.05000000,1268.1700
1624725253762000,1,0.02772399,1261.0000
1624725253765000,1,0.00000001,1261.0000
1624725328732000,0,0.05000000,1259.9400
1624725401307000,0,0.05000000,1259.7000
1624725401307000,0,0.05000000,1259.7400
1624725695297000,0,0.16000000,1267.8300
1624725912209000,1,0.13710399,1261.3400
1624725912223000,1,0.00000001,1261.3400
1624725914405000,1,0.07798982,1260.4400
1624725919089000,1,0.04897551,1260.4500
1624726265070000,1,0.06000000,1268.4800
1624726405600000,0,0.14414900,1269.5400
1624726405600000,0,0.87964009,1269.5500
1624726420724000,1,0.08561200,1268.4300
1624726423797000,1,0.07484900,1268.4300
1624726431258000,1,0.07379900,1268.7200
1624726437792000,0,0.14000000,1269.5300
1624726437874000,0,0.00268700,1269.5300
1624726483999000,1,0.07923000,1269.4100
1624726576279000,0,0.08418199,1270.7900
1624726576282000,0,0.00000001,1270.7900
1624726610087000,1,2.00000000,1271.2500
1624726639153000,0,0.05672557,1271.7200
1624727128971000,1,3.65020000,1272.9900
1624727802369000,0,0.40756905,1268.0100
1624727802599000,0,0.14000000,1268.0100
1624727802673000,0,0.53368851,1268.0100
1624727802706000,0,8.31874244,1268.0100
1624728136373000,0,0.13723528,1263.6400
1624728306828000,0,0.32000000,1271.0200
1624728307318000,0,0.05000000,1271.0200
1624728308060000,0,0.05000000,1271.0200
1624728308298000,0,0.67730153,1271.0200
1624728308304000,0,1.06382262,1271.0200
1624728308461000,0,7.23887585,1271.0200
1624728315314000,0,2.09484162,1273.8400
1624728354605000,0,5.21000000,1273.2500
1624728488477000,1,0.09000000,1267.3900
1624728492227000,1,0.00456118,1267.3900
1624728671502000,1,0.08000000,1265.7500
1624728908889000,1,0.05000000,1268.4800
1624728909135000,1,0.00790100,1268.4800
1624728911448000,1,0.07000000,1267.3700
1624729186833000,1,2.98000000,1265.5500
1624729918193000,0,10.10000000,1283.3500
1624730031411000,1,0.04900000,1280.6000
1624730150154000,1,0.58553494,1285.5400
1624730262592000,0,1.72168139,1287.9200
1624730262671000,0,0.44082100,1287.9200
1624730262725000,0,0.25386597,1287.9200
1624730262815000,0,0.46125716,1287.9200
1624730262906000,0,4.22237448,1287.9200
1624730263133000,0,1.03000000,1289.3000
1624730265049000,0,2.01877775,1290.0000
1624730270488000,0,1.75622225,1290.0000
1624730282808000,1,0.72588742,1290.0600
1624730411261000,0,0.21726049,1293.9500
1624730411263000,0,0.27273951,1293.9500
1624731260227000,0,0.05000000,1293.7900
1624731260469000,0,5.23246232,1294.0400
1624731260469000,0,0.28753768,1294.0500
1624731610782000,0,0.48999999,1291.4700
1624731610784000,0,0.00000001,1291.4700
1624732014740000,0,0.04999999,1288.0700
1624732014824000,0,1.44839181,1288.0700
1624732014876000,0,0.08754895,1288.0700
1624732014907000,0,0.41405925,1288.0700
1624733074513000,1,4.96000000,1286.0600
1624733098753000,1,1.77042946,1285.7000
1624733098769000,1,0.04999999,1285.7000
1624733098778000,1,0.14000000,1285.7000
1624734607113000,1,0.08068900,1292.4400
1624734607633000,0,0.05000000,1293.6500
1624734607633000,0,0.01341099,1293.9700
1624737007301000,0,2.00000000,1286.0500
1624737162845000,0,1.23300000,1291.1700
1624738211167000,1,1.30064640,1274.3500
1624738211331000,1,0.32942949,1274.3500
1624738211490000,1,0.85424347,1274.3500
1624738211490000,1,0.05000000,1274.3500
1624738211599000,1,0.35490529,1274.3500
1624738211684000,1,0.02975969,1274.3500
1624738212012000,1,0.45303527,1274.3500
1624738212450000,1,0.43941365,1274.3500
1624738212512000,1,0.00000001,1274.3500
1624738406517000,1,0.05000000,1275.9900
1624738518705000,1,0.05000000,1269.5100
1624738518705000,1,0.05000000,1269.4800
1624738524675000,0,1.20541529,1269.7800
1624738524765000,0,1.86118405,1269.7800
1624738524873000,0,0.54193032,1269.7800
1624738524945000,0,0.56143660,1269.7800
1624738525126000,0,5.53003374,1269.7800
1624738713901000,0,0.14000000,1269.4800
1624739209864000,1,0.05000000,1273.5800
1624741385566000,0,0.74651724,1266.2400
1624742274987000,1,2.00000000,1267.0100
1624742274987000,1,1.70701050,1267.0000
1624742274987000,1,0.07243823,1266.9600
1624742274987000,1,0.05000000,1266.9500
1624742274987000,1,4.99427094,1266.6900
1624742274987000,1,0.18109842,1266.6800
1624742274987000,1,1.70747067,1266.6700
1624742274987000,1,2.00000000,1266.6700
1624742275027000,0,0.47060690,1266.6700
1624742275140000,0,10.62770684,1266.6700
1624742293417000,0,1.39939100,1269.1000
1624742434959000,0,0.03402559,1269.8800
1624742439963000,0,0.03402749,1269.8800
1624742442935000,0,4.90000000,1269.8800
1624742703414000,0,0.05000000,1270.8800
1624743162980000,0,0.04732919,1269.7700
1624743823357000,0,0.04900000,1270.9500
1624743993393000,0,0.16095638,1271.6000
1624743993615000,0,0.11820868,1271.6000
1624743993620000,0,0.62055157,1271.6000
1624743993653000,0,0.70911121,1271.6000
1624743993665000,0,0.56131121,1271.6000
1624743993899000,0,0.26586313,1271.6000
1624743993952000,0,3.16399782,1271.6000
1624744026769000,0,0.15182300,1278.4100
1624744027702000,0,1.17000000,1280.8200
1624744027702000,0,0.05000000,1280.8900
1624744027702000,0,0.05000000,1281.2000
1624744027702000,0,0.05000000,1281.3400
1624744059538000,0,0.23841600,1280.8900
1624744060307000,0,0.01731083,1282.1900
1624744145713000,0,5.70000000,1278.4600
1624744164051000,1,0.22000000,1276.5800
1624744164070000,1,0.00161800,1276.5800
1624744198094000,0,9.20000000,1276.8400
1624744262175000,0,0.06932300,1276.4500
1624744263256000,0,0.07254800,1276.4500
1624744354609000,0,7.70000000,1276.5900
1624744662268000,1,1.69389392,1276.4900
1624745494398000,1,0.03100000,1282.4600
1624745904223000,0,4.97000000,1280.7200
1624746807322000,1,3.99930000,1283.3600
1624747606821000,1,1.90000000,1287.4700
1624747625741000,1,0.04999999,1288.7500
1624747625777000,1,0.00000001,1288.7500
1624749130060000,1,0.05000000,1294.6000
1624749275691000,0,0.01537486,1294.3200
1624750558658000,0,0.05000000,1291.2500
1624751537405000,0,0.24000000,1309.0500
1624751537772000,0,1.19000000,1310.3200
1624751537772000,0,0.05000000,1310.7100
1624751542653000,0,0.05000000,1312.0000
1624751587145000,0,0.16345220,1309.0400
1624751609291000,0,1.65000000,1308.3100
1624751672525000,1,0.05000000,1308.2200
1624751833278000,0,0.05000000,1308.9400
1624751872355000,0,0.05000000,1314.2500
1624751872355000,0,0.05000000,1314.7200
1624751876385000,0,0.20111710,1317.6300
1624751877317000,0,2.95111459,1317.6300
1624751949164000,0,0.05000000,1319.9900
1624751949181000,0,1.30776341,1319.9900
1624751949184000,0,0.55104491,1319.9900
