timestamp ms,type,amount,price
1627516870423000,1,0.02534800,1653.6800
1627516870426000,1,0.00000001,1653.6800
1627516894920000,1,0.02349756,1654.4600
1627516894927000,1,0.00000001,1654.4600
1627516897973000,1,0.02020664,1653.2100
1627517198296000,1,1.74076888,1649.2700
1627517198297000,1,0.45923112,1649.2700
1627517198297000,1,0.01462068,1649.2600
1627517198297000,1,0.03801376,1649.2600
1627517198300000,1,0.00000001,1649.2600
1627517199835000,1,0.03801377,1648.5400
1627517199835000,1,0.01198623,1648.5400
1627517209207000,1,0.03000000,1647.6700
1627517213720000,1,0.00054230,1647.6700
1627517247920000,1,0.02373705,1646.5300
1627517255236000,1,0.02019739,1646.5300
1627517450517000,1,0.01464411,1652.9300
1627517450517000,1,0.02535589,1652.9300
1627517450617000,1,0.00106033,1652.9300
1627517468159000,1,0.01464411,1651.8600
1627517468159000,1,0.02535589,1651.8600
1627517468194000,1,0.00972235,1651.8600
1627517511358000,1,0.02707917,1653.1200
1627517511656000,1,0.00055264,1653.1200
1627517538166000,1,0.02510271,1652.5500
1627517538209000,1,0.00051230,1652.5500
1627517620909000,1,0.02327116,1654.2700
1627517620943000,1,0.00047492,1654.2700
1627517659142000,0,0.51000000,1659.7200
1627517659147000,0,0.00147619,1659.7200
1627517960582000,1,0.02212088,1654.9300
1627517960585000,1,0.00000001,1654.9300
1627518021331000,1,0.01880846,1653.3300
1627518023232000,1,0.00000001,1653.3300
1627519135222000,1,0.03000000,1646.4200
1627519143337000,1,0.02569880,1646.4200
1627519143353000,1,0.00052447,1646.4200
1627519152253000,0,0.21173870,1646.6000
1627519286829000,1,0.01457365,1646.6300
1627519286829000,1,0.03542635,1646.6300
1627519286833000,1,0.00246515,1646.6300
1627519309852000,1,0.03073479,1645.6900
1627519309860000,1,0.00000001,1645.6900
1627519352135000,1,0.02648415,1645.2200
1627519353915000,1,0.02648415,1644.2800
1627519728650000,1,0.02898080,1647.9300
1627519729056000,1,0.00059145,1647.9300
1627519748162000,1,0.02276648,1646.7200
1627519748794000,1,0.00046462,1646.7200
1627519765826000,1,0.01955303,1645.5900
1627519766676000,1,0.00039904,1645.5900
1627521602219000,1,0.05279099,1636.8300
1627521602220000,1,0.00000001,1636.8300
1627521743297000,1,0.01363964,1635.7500
1627522447962000,1,0.04000000,1637.9100
1627522447965000,1,1.27673042,1637.9100
1627522459463000,0,1.73296389,1639.4200
1627522459465000,0,1.31643888,1639.5000
1627522459465000,0,0.41652500,1639.5500
1627522503405000,0,1.81066048,1639.7000
1627523237647000,0,0.02662783,1641.9400
1627523445493000,0,0.02400000,1643.4300
1627523516413000,0,0.00034600,1643.4300
1627524305193000,0,0.60000000,1646.8800
1627524438900000,0,1.30880000,1648.2400
1627527568416000,1,0.09000000,1640.9700
1627529144792000,1,1.31000000,1635.7600
1627529144838000,1,0.00692098,1635.7600
1627531348325000,1,0.04513799,1633.5100
1627531348326000,1,0.00000001,1633.5100
1627531348333000,1,0.63268341,1633.3900
1627532381529000,1,0.06100000,1642.3800
1627532381699000,1,0.06112131,1642.3800
1627532746537000,0,1.30910000,1646.5300
1627532747126000,1,0.06000000,1646.5700
1627532753154000,1,0.06167600,1646.9500
1627533351199000,0,0.12101876,1648.6700
1627533352583000,0,1.20570000,1649.7600
1627535603849000,1,0.02400000,1642.9200
1627535631865000,0,0.51000000,1643.7400
1627538436243000,0,0.26617825,1652.6800
1627538436244000,0,1.03713048,1652.6800
1627538877815000,1,0.02989594,1652.4000
1627540256449000,1,1.00000000,1649.2500
1627540283919000,1,0.02420396,1649.1200
1627540283919000,1,0.60000000,1649.1200
1627540283919000,1,0.37579604,1649.0300
1627540482577000,0,0.28624118,1651.1600
1627540866265000,1,1.30493182,1649.2700
1627542766023000,0,0.06872787,1649.8400
1627547115183000,0,0.15000000,1641.9800
1627547940495000,1,0.58000000,1640.4700
1627547940496000,1,0.18000000,1640.4700
1627547940613000,1,0.16000000,1640.4700
1627547940848000,1,0.98000000,1640.4700
1627547946899000,1,1.90000000,1640.8400
1627547947685000,1,1.86000000,1640.8400
1627547947723000,1,0.04000000,1640.8400
1627547956940000,1,0.50000000,1640.8600
1627547956943000,1,0.22000000,1640.8600
1627547967912000,1,0.93000000,1641.1000
1627547967935000,1,0.78000000,1641.1000
1627547970687000,1,1.90000000,1641.9500
1627547971454000,1,1.90000000,1641.9500
1627548025824000,1,0.02357269,1642.6400
1627548420068000,1,0.16546162,1647.1700
1627548713271000,1,1.30570000,1645.4900
1627549626286000,0,0.12077221,1647.7300
1627549708899000,1,1.30504124,1646.9300
1627549708899000,1,1.90000000,1646.9300
1627549708899000,1,1.30470541,1646.8600
1627549708899000,1,1.30529260,1646.7400
1627549708899000,1,0.60000000,1646.7300
1627549708899000,1,0.02589551,1646.6600
1627549708899000,1,0.13761516,1646.5200
1627549708899000,1,1.30517050,1646.5100
1627549708899000,1,0.02428883,1646.3200
1627549708899000,1,0.34403373,1646.1500
1627549708899000,1,1.30502588,1646.1400
1627549708899000,1,0.02456117,1645.9800
1627549708899000,1,0.54838073,1645.7300
1627549721728000,1,0.16310134,1647.5200
1627549722846000,1,1.13689866,1647.5200
1627549722846000,1,1.30440134,1647.5100
1627549723296000,1,1.30000000,1647.3100
1627549753269000,1,1.30480000,1646.7900
1627549810911000,1,0.60000000,1647.8000
1627549810911000,1,0.10000000,1647.7100
1627549810911000,1,0.60440000,1647.7000
1627549810981000,1,0.70003249,1647.7000
1627549810981000,1,0.60456751,1647.5100
1627549936090000,1,0.60000000,1649.5500
1627549936090000,1,0.70310000,1649.5300
1627549938901000,0,0.09000000,1650.0000
1627549938929000,0,0.31694307,1650.0000
1627549955454000,0,0.02543835,1650.9600
1627549955454000,0,0.57725341,1650.9600
1627551371859000,0,9.22000000,1659.3700
1627551371957000,0,4.09000000,1659.3700
1627551372157000,0,1.79000000,1659.3700
1627551372352000,0,3.07000000,1659.3700
1627551372559000,0,1.21000000,1659.3700
1627551375786000,0,0.45000000,1659.3700
1627551375805000,0,2.42000000,1659.3700
1627551375869000,0,4.05000000,1659.3700
1627551377193000,0,17.44000000,1659.3700
1627551377875000,0,8.19000000,1659.3700
1627551378540000,0,0.00559068,1659.3700
1627551613030000,1,0.60000000,1661.7700
1627551613030000,1,2.01200000,1661.6700
1627552006591000,0,0.02591619,1663.7700
1627552684951000,1,1.29000000,1663.1500
1627553025290000,1,0.06017324,1658.9800
1627553237364000,1,1.29540445,1658.9100
1627553237364000,1,2.70000000,1658.8800
1627553237364000,1,1.29552321,1658.7400
1627553237364000,1,0.60000000,1658.6900
1627553237364000,1,1.29564774,1658.5800
1627553237364000,1,1.29577680,1658.4100
1627553237364000,1,0.12262960,1657.6800
1627553237364000,1,1.29571320,1657.6700
1627553237364000,1,0.02468794,1657.6300
1627553237364000,1,5.16181318,1657.3200
1627553237364000,1,0.30658139,1657.3000
1627553237364000,1,0.02556486,1657.2900
1627553237364000,1,0.79697497,1657.2600
1627553237364000,1,1.29565137,1657.2500
1627553237364000,1,0.02549800,1656.9100
1627553237364000,1,0.40000000,1656.8800
1627553237364000,1,7.30000000,1656.7900
1627553237364000,1,1.21000000,1655.5800
1627553237364000,1,1.29558333,1655.3000
1627553237364000,1,0.24000000,1652.1300
1627553237364000,1,4.11000000,1652.1200
1627553237364000,1,6.87000000,1652.1100
1627553237364000,1,30.11000000,1649.7500
1627553237364000,1,25.94234578,1648.9500
1627553326758000,0,0.16699200,1658.8600
1627553332047000,0,0.56000000,1658.8600
1627553332059000,0,0.17000000,1658.8600
1627553332061000,0,0.47000000,1658.8600
1627553346454000,0,0.46000000,1659.2800
1627553368135000,0,0.17000000,1659.1700
1627553368158000,0,0.37000000,1659.1700
1627553368209000,0,0.52920000,1659.1700
1627553368356000,0,0.45000000,1659.1700
1627553368396000,0,0.37000000,1659.1700
1627553368581000,0,0.21000000,1659.1700
1627553369230000,0,0.90000000,1659.1700
1627553386193000,0,0.02438547,1657.9500
1627553391439000,0,0.40000000,1658.5200
1627553395677000,1,1.29622156,1657.5800
1627553395946000,0,0.06250000,1657.1000
1627553427386000,0,1.90000000,1657.2600
1627553427857000,0,0.06468000,1657.2200
1627553429838000,0,0.40000000,1657.3000
1627553451877000,0,0.40000000,1657.8200
1627553453437000,0,0.40000000,1658.0300
1627553456120000,0,0.13000000,1658.2800
1627553456149000,0,0.07000000,1658.2800
1627553456770000,0,0.40000000,1658.3200
1627553473903000,0,0.40000000,1657.9600
1627553476662000,0,0.17000000,1658.0900
1627553476699000,0,0.14000000,1658.0900
1627553476926000,0,0.09000000,1658.0900
1627553478659000,0,0.40000000,1658.3900
1627553481610000,0,0.48000000,1658.7800
1627553481971000,0,0.73000000,1658.7800
1627553482658000,0,0.40000000,1658.7000
1627553484250000,0,0.03600000,1658.9100
1627553484634000,0,0.36400000,1658.9100
1627553484634000,0,1.20600000,1659.3200
1627553537854000,0,0.40000000,1659.5000
1627553541438000,0,0.40000000,1659.8800
1627553590542000,0,0.40000000,1658.8900
1627553638181000,1,0.85818918,1657.5300
1627553638183000,1,0.43823714,1657.5300
1627553645529000,0,0.40000000,1657.9600
1627553646869000,0,0.40000000,1658.3300
1627553656518000,0,0.40000000,1659.0500
1627553671819000,0,0.40000000,1659.0600
1627553672989000,0,0.40000000,1659.2300
1627553740293000,0,0.39200000,1659.0500
1627553740382000,0,0.00800000,1659.0500
1627553752737000,0,0.39200000,1659.0900
1627553752982000,0,0.00800000,1659.0900
1627553761085000,0,0.39200000,1659.6600
1627553761471000,0,0.00800000,1659.6600
1627553767412000,0,0.39200000,1659.9100
1627553767674000,0,0.00800000,1659.9100
1627553779190000,0,0.39200000,1660.2500
1627553782121000,0,0.39200000,1660.8400
1627553782961000,0,0.00800000,1660.8400
1627553831256000,0,0.39200000,1661.3600
1627553843612000,0,0.40000000,1662.3600
1627553873315000,0,0.40000000,1663.3800
1627553885400000,0,0.40000000,1663.1600
1627553945771000,0,0.39200000,1662.6200
1627553945785000,0,0.00800000,1662.6200
1627553983398000,0,0.39200000,1663.2300
1627553983428000,0,0.00800000,1663.2300
1627554008615000,0,0.40000000,1663.2300
1627554012174000,0,0.40000000,1663.5500
1627554109072000,0,0.22000000,1664.9100
1627554109090000,0,0.18000000,1664.9100
1627554288696000,0,0.40000000,1661.8300
1627554306318000,1,1.29377934,1660.4100
1627554306318000,1,1.74255183,1660.3000
1627554306318000,1,0.15744817,1660.3000
1627554306365000,1,1.29356766,1660.2200
1627554306365000,1,0.44886350,1659.8700
1627554308683000,1,0.05134600,1658.6100
1627554308683000,1,0.01115400,1658.6000
1627554309135000,1,0.02575900,1658.6100
1627554309135000,1,4.25424100,1658.6000
1627554425650000,0,0.40000000,1657.6700
1627554437111000,0,0.40000000,1658.4000
1627554536433000,0,0.18000000,1658.0500
1627554536445000,0,0.22000000,1658.0500
1627554603603000,0,0.40000000,1658.1900
1627555265964000,1,1.29627169,1655.0900
1627555327221000,0,0.40000000,1656.5000
1627555454586000,0,0.40000000,1656.6800
1627555696490000,0,0.40000000,1654.9900
1627555698731000,1,0.59999999,1654.6500
1627555979855000,1,0.57000000,1654.8600
1627555979952000,1,0.38000000,1654.8600
1627555980606000,1,1.93000000,1654.8600
1627555981107000,1,0.73000000,1654.8600
1627556297011000,1,2.40000000,1654.8600
1627556297014000,1,0.00295577,1654.8600
1627556473585000,0,0.39200000,1657.6000
1627556473604000,0,0.00800000,1657.6000
1627557077018000,1,2.30000000,1659.0500
1627557077029000,1,0.01277538,1659.0500
1627557333893000,0,0.40000000,1660.5400
1627557655573000,0,0.40000000,1657.9500
1627557774159000,0,0.60000000,1659.8000
1627558401694000,0,0.12004367,1657.7300
1627558457913000,0,0.02404130,1656.8600
1627558457913000,0,0.42956980,1656.9700
1627558487736000,0,0.12000000,1656.4400
1627558502909000,0,0.02128510,1657.0700
1627559021570000,1,3.67000000,1640.7000
1627559021595000,1,3.67000000,1640.7000
1627559021649000,1,0.03600000,1640.7000
1627559021650000,1,0.18000000,1640.7000
1627559035463000,1,12.04000000,1640.7000
1627559160806000,0,0.03600000,1643.7100
1627559160988000,0,0.28000000,1643.7100
1627559233416000,1,0.03600000,1640.7000
1627559233436000,1,3.80000000,1640.7000
1627559233804000,1,28.96000000,1640.7000
1627559235078000,1,0.00867044,1640.7000
1627559401282000,0,0.03600000,1643.6900
1627560061694000,1,0.03600000,1639.7500
1627562392469000,0,0.06250000,1638.2100
1627562637172000,1,1.30000000,1642.0300
1627562929611000,0,0.01498678,1645.4500
1627563557914000,0,0.03600000,1645.6600
1627564262139000,0,0.02412300,1649.9300
1627564262139000,0,1.30376706,1649.9900
1627564262150000,0,1.30371323,1650.1700
1627564724803000,0,0.30036526,1656.3500
1627566197423000,0,1.29509727,1657.4600
1627566197425000,0,0.60490273,1657.4600
1627566197425000,0,0.02447568,1657.6200
1627566197425000,0,0.60000000,1657.6200
1627566197431000,0,0.02469287,1658.2000
1627566197431000,0,1.27011088,1658.3000
1627566197490000,1,0.06250000,1657.7600
1627566399254000,1,0.02582211,1657.7900
1627566399254000,1,1.29503870,1657.6300
1627566399362000,1,0.06250000,1657.7700
1627567581913000,0,0.06270000,1660.6800
1627567637270000,1,0.10700000,1659.2100
1627568259895000,1,0.12971217,1655.7400
1627568259895000,1,0.32028783,1655.7300
1627568259926000,1,0.00380486,1655.7300
1627568260480000,1,0.34000000,1655.5600
1627568260943000,1,0.03600000,1655.5600
1627568261131000,1,0.28910000,1655.5600
1627568261791000,1,0.17000000,1655.5600
1627568262482000,1,0.00799784,1655.5600
1627568285741000,1,0.18000000,1653.4200
1627568285741000,1,0.00381900,1653.4200
1627568294836000,1,0.04000000,1653.0000
1627568295156000,1,0.18000000,1653.0000
1627568295160000,1,0.00915607,1653.0000
1627568375965000,1,0.12000000,1651.2400
1627568388199000,0,0.05800000,1649.6500
1627568389018000,0,0.02511975,1649.4100
1627568389018000,0,0.09488025,1649.6000
1627568590473000,1,0.02456555,1652.2000
1627568590473000,1,0.00000001,1652.2000
1627568590473000,1,1.71750527,1651.9700
1627568659761000,1,1.29991861,1650.3100
1627569010232000,0,2.82160000,1659.3300
1627569012918000,0,0.03600000,1659.3300
1627569015263000,0,0.06250000,1659.3300
1627569015380000,0,1.01679759,1659.3300
1627569015411000,0,1.52662268,1659.3300
1627569015569000,0,0.55273961,1659.3300
1627569015574000,0,1.53040103,1659.3300
1627569015584000,0,1.61644209,1659.3300
1627569015586000,0,1.61623297,1659.3300
1627569015595000,0,1.61602390,1659.3300
1627569015605000,0,1.61581486,1659.3300
1627569015764000,0,0.75397541,1659.3300
1627569015770000,0,1.61550834,1659.3300
1627569015777000,0,1.34609735,1659.3300
1627569016061000,0,0.41321621,1659.3300
1627569016505000,0,34.22000000,1659.3300
1627569017247000,0,0.00056878,1659.3300
1627569021550000,0,0.15000000,1662.4400
1627569101646000,1,0.02033312,1662.6700
1627569132759000,1,0.12354370,1662.0000
1627569132759000,1,1.29033874,1661.9900
1627569132759000,1,0.30535828,1661.6800
1627569132763000,1,0.00364584,1661.6800
1627569132763000,1,1.29077382,1661.6600
1627569132763000,1,0.02420590,1661.4400
1627569132763000,1,0.40061516,1661.3900
1627569132766000,1,0.89037527,1661.3900
1627569132804000,1,1.29045578,1661.0900
1627569132804000,1,0.42878494,1661.0600
1627569132809000,1,0.60000000,1662.1000
1627569132809000,1,0.37432535,1661.0600
1627569132809000,1,0.02544792,1661.0500
1627569132809000,1,0.71946745,1660.4500
1627569132810000,1,0.57117391,1660.4500
1627569132810000,1,0.64338357,1659.7500
1627569143502000,1,0.73516999,1660.7800
1627569143532000,1,0.00000001,1660.7800
1627569171050000,0,0.02445981,1657.7100
1627569171050000,0,0.01554019,1657.7200
1627569197193000,0,0.02539598,1657.5300
1627569200038000,0,1.90000000,1658.2100
1627569235374000,1,0.05009700,1655.6800
1627569255138000,1,0.03426999,1655.2500
1627569255163000,1,0.00000001,1655.2500
1627569268962000,1,0.02570300,1654.3700
1627569269653000,1,0.01900000,1653.1300
1627569269879000,1,0.00027700,1653.1300
1627569275288000,1,0.01400000,1651.4800
1627569578801000,0,1.29000000,1656.2300
1627569578845000,0,0.00644356,1656.2300
1627569708670000,0,0.40000000,1662.2700
1627570673383000,0,0.03300000,1662.4100
1627571067872000,1,0.50000000,1659.4000
1627571262271000,1,0.50000000,1660.3500
1627571405090000,0,0.17574600,1667.8300
1627571405533000,0,1.32430000,1668.4000
1627571405561000,0,3.27570000,1668.4000
1627571406345000,0,0.59999999,1669.9200
1627571406356000,0,0.00000001,1669.9200
1627571686834000,1,0.13622527,1659.8000
1627571686835000,1,0.04728373,1659.8000
1627571706768000,1,0.03600000,1657.1600
1627571717964000,1,0.02114399,1654.9600
1627571717966000,1,0.00000001,1654.9600
1627571739147000,0,0.24000000,1657.0300
1627571918361000,0,0.02487174,1665.7400
1627571918361000,0,0.09490685,1665.7400
1627572894349000,0,1.01651993,1662.4400
1627573984255000,1,0.15000000,1663.1300
1627574028299000,0,0.03600000,1663.9200
1627574028717000,1,0.06000000,1664.0000
1627574028769000,1,0.00250000,1664.0000
1627574329692000,1,0.50000000,1662.5200
1627574543822000,1,0.62000000,1667.7900
1627574546892000,1,0.02575110,1668.3000
1627574551830000,0,0.02442058,1671.8000
1627574551830000,0,0.02450338,1672.3200
1627574551830000,0,1.47107604,1672.3800
1627574564252000,1,0.84000000,1668.7500
1627574567455000,1,0.00319397,1668.7500
1627574590336000,1,0.55000000,1665.8500
1627574616688000,1,0.06250000,1662.0600
1627574616694000,1,0.01579400,1662.0600
1627574616764000,1,0.03600000,1662.0500
1627574616996000,1,0.49000000,1662.0500
1627574617142000,1,0.03914700,1662.0600
1627574617142000,1,0.00551358,1662.0500
1627574624242000,1,0.02935999,1661.0200
1627574628454000,1,0.00000001,1661.0200
1627574751582000,1,0.02417019,1666.8200
1627574751582000,1,0.04987184,1666.5300
1627574751867000,1,0.07404203,1666.2300
1627574752030000,1,0.07300000,1666.2100
1627574789515000,1,0.02452058,1667.5800
1627574789515000,1,0.47547942,1667.3700
1627575524396000,1,0.04717700,1671.8900
1627575547281000,0,0.03600000,1672.6900
1627575667088000,1,0.37390992,1676.5500
1627575667296000,1,0.95697282,1676.5500
1627575667321000,1,0.17215465,1676.5500
1627575667736000,1,0.47266987,1676.5500
1627575667747000,1,1.19712784,1676.5500
1627575667781000,1,1.02716490,1676.5500
1627575668348000,1,1.70488697,1676.5500
1627575668348000,1,0.31391687,1676.5500
1627575668359000,1,1.02845423,1676.5500
1627575668381000,1,0.06250000,1676.5500
1627575668475000,1,1.09024193,1676.5500
1627576865545000,1,0.03600000,1666.0000
1627576873321000,1,0.06000000,1666.2400
1627576876586000,1,0.25000000,1665.4700
1627576876621000,1,0.00725100,1665.4700
1627576899079000,1,0.18000000,1665.6600
1627577098408000,0,0.06250000,1671.4200
1627577356818000,1,0.18000000,1665.3700
1627577383748000,1,0.18000000,1664.4200
1627577383786000,1,0.00322100,1664.4200
1627577386306000,1,0.24253600,1663.6100
1627577395058000,1,0.15701300,1663.4000
1627577397518000,1,0.17009700,1662.7800
1627577744460000,1,0.08000000,1663.1600
1627577744488000,1,0.00946400,1663.1600
1627578328893000,1,0.07000000,1661.8200
1627581087975000,0,0.05000000,1668.7400
1627582236663000,0,0.02984116,1667.1600
1627582725618000,0,1.90000000,1664.9600
1627582725618000,0,0.60000000,1665.0400
1627582725618000,0,1.29017042,1665.2200
1627582725618000,0,1.29000252,1665.4000
1627582725618000,0,0.02524132,1665.4800
1627582725618000,0,1.29023170,1665.8100
1627582725618000,0,0.02448516,1665.8500
1627582725679000,1,0.06250000,1665.8800
1627582725834000,1,3.51736888,1665.8800
1627583084464000,1,0.02575601,1662.4500
1627583084464000,1,1.28424399,1662.2300
1627583350466000,1,0.02429800,1657.6300
1627584338349000,0,0.03003410,1656.4500
1627585400539000,1,5.49780000,1654.3900
1627585424662000,0,1.29810000,1655.1000
1627585479409000,0,0.60000000,1655.2300
1627585479409000,0,8.30000000,1655.3200
1627585479409000,0,1.29821489,1655.3300
1627585479409000,0,1.29806929,1655.5100
1627585479518000,1,1.29821489,1655.6900
1627585479577000,1,1.90000000,1655.6900
1627585479577000,1,0.60000000,1655.6900
1627585479633000,1,21.63456512,1655.6900
1627585479680000,1,9.94768810,1655.6900
1627585546030000,0,0.15000000,1653.4700
1627586101501000,0,0.20000000,1658.4900
1627586101501000,0,1.09580000,1658.5000
1627586101610000,0,1.29560000,1658.7400
1627586105246000,0,0.06250000,1658.7300
1627586582557000,1,0.89641984,1653.9200
1627586823438000,1,0.65462100,1652.6700
1627587603559000,1,0.62247142,1650.2100
1627587624215000,1,1.81066048,1649.7300
1627588214142000,0,0.05660833,1655.9400
1627588557832000,1,4.54000000,1656.3500
1627588557832000,1,0.00042321,1656.3500
1627592728644000,0,0.07499547,1658.5000
1627592984084000,1,0.10298356,1654.7200
1627594432365000,1,0.02507770,1653.0700
1627594432365000,1,0.02339280,1652.9900
1627596264825000,1,0.02446758,1655.3000
1627596264825000,1,0.07560467,1655.3000
1627596510700000,0,0.02593205,1663.2500
1627596510700000,0,0.02498136,1663.6100
1627596510700000,0,1.23809871,1663.9500
1627596556556000,0,0.41000000,1664.3500
1627596556556000,0,0.01570347,1664.8100
1627596606512000,0,0.11000000,1664.9300
1627596606519000,0,0.30000000,1664.9300
1627596627871000,1,0.02407832,1664.1600
1627596634780000,1,0.02421951,1665.1700
1627596634780000,1,0.02463321,1664.7300
1627596641270000,0,0.02469624,1667.6600
1627596641270000,0,0.02505116,1667.9000
1627596641270000,0,0.02410611,1668.2600
1627596645352000,0,0.02419296,1668.4800
1627596718970000,0,1.26367477,1666.6500
1627596719992000,0,0.02527349,1666.6500
1627596763906000,0,0.00051579,1666.6500
1627596763906000,0,1.26284912,1667.4800
1627596765005000,0,0.02526730,1667.4800
1627596769061000,0,0.00051566,1667.4800
1627596861008000,0,1.26251550,1667.8700
1627596862147000,0,0.02525031,1667.8700
1627596862833000,0,0.00051531,1667.8700
1627596863738000,0,0.02525031,1667.8700
1627596865397000,0,1.26251550,1668.1300
1627596866279000,0,0.02576562,1668.1300
1627597029343000,0,0.03600000,1669.3000
1627597029405000,0,0.37400000,1669.3000
1627598772179000,0,0.27000000,1669.9800
1627598835357000,0,0.06250000,1674.4600
1627598851545000,0,1.28375037,1674.0000
1627598851722000,0,0.41000000,1674.0900
1627599071667000,1,0.03600000,1671.6400
1627599645200000,0,0.41000000,1675.7200
1627599778547000,0,0.02439060,1676.0400
1627599778547000,0,0.02515815,1676.4200
1627599778547000,0,0.01805201,1676.5300
1627599797934000,0,0.03600000,1679.2300
1627599798328000,0,0.59999999,1679.8200
1627599800306000,0,1.62597604,1681.0400
1627599800371000,0,1.08809380,1681.0400
1627599800439000,0,1.46765828,1681.0400
1627599800451000,0,1.70150538,1681.0400
1627599800451000,0,0.06250000,1681.0400
1627599800452000,0,0.35426650,1681.0400
1627599801360000,0,0.22175040,1683.1000
1627599801753000,0,2.79203960,1683.1000
1627599806582000,1,0.03000000,1684.6500
1627599806907000,1,1.97000000,1684.6500
1627599818815000,1,0.02500000,1689.8200
1627599819311000,1,0.00083778,1689.8200
1627599819311000,1,0.02360211,1689.8200
1627599819311000,1,1.66693049,1688.9800
1627599819313000,1,0.33306951,1688.9800
1627599819313000,1,0.02561275,1688.9000
1627599819313000,1,0.15173456,1688.0600
1627599819315000,1,1.69137038,1687.2100
1627599863144000,1,0.14953572,1689.7100
1627599865287000,0,0.02442052,1691.2000
1627599865287000,0,1.27062667,1691.3500
1627599865287000,0,0.02406369,1691.4600
1627599865287000,0,0.73648903,1691.8200
1627599871409000,0,0.02451238,1691.0900
1627599871409000,0,1.27045927,1691.3700
1627599871998000,1,0.00000001,1689.7100
1627599872554000,1,0.04342382,1689.1100
1627599873036000,1,0.33041581,1689.1100
1627599884911000,0,0.02466584,1689.3700
1627600024384000,0,0.02438993,1694.8100
1627600089942000,0,0.41000000,1694.8900
1627600162570000,0,0.13000000,1697.5600
1627600162571000,0,0.00927460,1697.5600
1627600188241000,1,1.28658276,1696.8800
1627600188263000,1,0.77517649,1696.8800
1627600188293000,1,0.23824075,1696.8800
1627600267371000,0,52.32000000,1699.7600
1627600267374000,0,0.00288500,1699.7600
1627600486350000,0,0.73000000,1699.8100
1627600693461000,0,0.02400000,1704.1000
1627600705901000,0,0.60000000,1706.6100
1627600705901000,0,0.01389100,1706.7000
1627600705901000,0,0.41000000,1706.7100
1627600705901000,0,0.71856700,1706.9600
1627600709206000,0,1.00000000,1711.0000
1627600709206000,0,0.19045726,1711.2900
1627600709206000,0,0.48943530,1711.3000
1627600709206000,0,1.67989257,1711.3000
1627600709212000,0,1.67989256,1711.3000
1627600709217000,0,1.67989257,1711.3000
1627600709241000,0,1.60954996,1711.3000
1627600709244000,0,1.68072723,1711.3000
1627600709246000,0,1.00270657,1711.3000
1627600709614000,0,1.86790324,1711.3000
1627600709751000,0,0.06250000,1711.7400
1627600710134000,0,1.24202903,1711.7400
1627600719039000,1,0.02400000,1716.3700
1627600722321000,1,0.02538723,1714.6000
1627600722325000,1,0.00000001,1714.6000
1627600722931000,1,0.02538722,1714.8800
1627600787670000,0,0.02557375,1714.0900
1627600787670000,0,0.02442625,1714.1000
1627600986749000,0,0.91034373,1711.7600
1627601026940000,1,0.19106416,1708.8900
1627601057987000,1,0.02277589,1710.2200
1627601173038000,0,0.02573523,1713.2100
1627601234164000,1,3.10000000,1711.7700
1627601271601000,0,0.02252772,1712.8500
1627601290867000,1,1.30000000,1711.9400
1627601416129000,0,4.79000000,1714.0900
1627601419190000,1,0.69526529,1713.4100
1627601519251000,1,0.60000000,1712.2300
1627601519251000,1,0.65350000,1712.1300
1627601616179000,0,0.41000000,1715.9000
1627601947150000,0,3.68000000,1712.8700
1627601958813000,0,0.00936176,1712.8700
1627601958813000,0,1.99063824,1714.0100
1627602155174000,1,0.10089500,1707.6900
1627602179488000,1,0.08000000,1707.5500
1627602179504000,1,0.00391000,1707.5500
1627602187904000,1,0.06087300,1706.1800
1627602213557000,0,2.00000000,1707.8200
1627602326648000,1,0.07293799,1705.4600
1627602326676000,1,0.00000001,1705.4600
1627602391498000,1,0.03507900,1704.6200
1627602398004000,1,0.02630900,1703.8200
1627602398308000,1,0.06250000,1702.3700
1627602468254000,1,0.60000000,1697.2300
1627602678916000,0,0.02770937,1705.5600
1627603043198000,1,0.02578429,1706.0100
