timestamp ms,type,amount,price
1627516870423000,1,0.02534800,1653.6800
1627516870426000,1,0.00000001,1653.6800
1627516894920000,1,0.02349756,1654.4600
1627516894927000,1,0.00000001,1654.4600
1627516897973000,1,0.02020664,1653.2100
1627517198296000,1,1.74076888,1649.2700
1627517198297000,1,0.45923112,1649.2700
1627517198297000,1,0.01462068,1649.2600
1627517198297000,1,0.03801376,1649.2600
1627517198300000,1,0.00000001,1649.2600
1627517199835000,1,0.03801377,1648.5400
1627517199835000,1,0.01198623,1648.5400
1627517209207000,1,0.03000000,1647.6700
1627517213720000,1,0.00054230,1647.6700
1627517247920000,1,0.02373705,1646.5300
1627517255236000,1,0.02019739,1646.5300
1627517450517000,1,0.01464411,1652.9300
1627517450517000,1,0.02535589,1652.9300
1627517450617000,1,0.00106033,1652.9300
1627517468159000,1,0.01464411,1651.8600
1627517468159000,1,0.02535589,1651.8600
1627517468194000,1,0.00972235,1651.8600
1627517511358000,1,0.02707917,1653.1200
1627517511656000,1,0.00055264,1653.1200
1627517538166000,1,0.02510271,1652.5500
1627517538209000,1,0.00051230,1652.5500
1627517620909000,1,0.02327116,1654.2700
1627517620943000,1,0.00047492,1654.2700
1627517659142000,0,0.51000000,1659.7200
1627517659147000,0,0.00147619,1659.7200
1627517960582000,1,0.02212088,1654.9300
1627517960585000,1,0.00000001,1654.9300
1627518021331000,1,0.01880846,1653.3300
1627518023232000,1,0.00000001,1653.3300
1627519135222000,1,0.03000000,1646.4200
1627519143337000,1,0.02569880,1646.4200
1627519143353000,1,0.00052447,1646.4200
1627519152253000,0,0.21173870,1646.6000
1627519286829000,1,0.01457365,1646.6300
1627519286829000,1,0.03542635,1646.6300
1627519286833000,1,0.00246515,1646.6300
1627519309852000,1,0.03073479,1645.6900
1627519309860000,1,0.00000001,1645.6900
1627519352135000,1,0.02648415,1645.2200
1627519353915000,1,0.02648415,1644.2800
1627519728650000,1,0.02898080,1647.9300
1627519729056000,1,0.00059145,1647.9300
1627519748162000,1,0.02276648,1646.7200
1627519748794000,1,0.00046462,1646.7200
1627519765826000,1,0.01955303,1645.5900
1627519766676000,1,0.00039904,1645.5900
1627521602219000,1,0.05279099,1636.8300
1627521602220000,1,0.00000001,1636.8300
1627521743297000,1,0.01363964,1635.7500
1627522447962000,1,0.04000000,1637.9100
1627522447965000,1,1.27673042,1637.9100
1627522459463000,0,1.73296389,1639.4200
1627522459465000,0,1.31643888,1639.5000
1627522459465000,0,0.41652500,1639.5500
1627522503405000,0,1.81066048,1639.7000
1627523237647000,0,0.02662783,1641.9400
1627523445493000,0,0.02400000,1643.4300
1627523516413000,0,0.00034600,1643.4300
1627524305193000,0,0.60000000,1646.8800
1627524438900000,0,1.30880000,1648.2400
1627527568416000,1,0.09000000,1640.9700
1627529144792000,1,1.31000000,1635.7600
1627529144838000,1,0.00692098,1635.7600
1627531348325000,1,0.04513799,1633.5100
1627531348326000,1,0.00000001,1633.5100
1627531348333000,1,0.63268341,1633.3900
1627532381529000,1,0.06100000,1642.3800
1627532381699000,1,0.06112131,1642.3800
1627532746537000,0,1.30910000,1646.5300
1627532747126000,1,0.06000000,1646.5700
1627532753154000,1,0.06167600,1646.9500
1627533351199000,0,0.12101876,1648.6700
1627533352583000,0,1.20570000,1649.7600
1627535603849000,1,0.02400000,1642.9200
1627535631865000,0,0.51000000,1643.7400
1627538436243000,0,0.26617825,1652.6800
1627538436244000,0,1.03713048,1652.6800
1627538877815000,1,0.02989594,1652.4000
1627540256449000,1,1.00000000,1649.2500
1627540283919000,1,0.02420396,1649.1200
1627540283919000,1,0.60000000,1649.1200
1627540283919000,1,0.37579604,1649.0300
1627540482577000,0,0.28624118,1651.1600
1627540866265000,1,1.30493182,1649.2700
1627542766023000,0,0.06872787,1649.8400
1627547115183000,0,0.15000000,1641.9800
1627547940495000,1,0.58000000,1640.4700
1627547940496000,1,0.18000000,1640.4700
1627547940613000,1,0.16000000,1640.4700
1627547940848000,1,0.98000000,1640.4700
1627547946899000,1,1.90000000,1640.8400
1627547947685000,1,1.86000000,1640.8400
1627547947723000,1,0.04000000,1640.8400
1627547956940000,1,0.50000000,1640.8600
1627547956943000,1,0.22000000,1640.8600
1627547967912000,1,0.93000000,1641.1000
1627547967935000,1,0.78000000,1641.1000
1627547970687000,1,1.90000000,1641.9500
1627547971454000,1,1.90000000,1641.9500
1627548025824000,1,0.02357269,1642.6400
1627548420068000,1,0.16546162,1647.1700
1627548713271000,1,1.30570000,1645.4900
1627549626286000,0,0.12077221,1647.7300
1627549708899000,1,1.30504124,1646.9300
1627549708899000,1,1.90000000,1646.9300
1627549708899000,1,1.30470541,1646.8600
1627549708899000,1,1.30529260,1646.7400
1627549708899000,1,0.60000000,1646.7300
1627549708899000,1,0.02589551,1646.6600
1627549708899000,1,0.13761516,1646.5200
1627549708899000,1,1.30517050,1646.5100
1627549708899000,1,0.02428883,1646.3200
1627549708899000,1,0.34403373,1646.1500
1627549708899000,1,1.30502588,1646.1400
1627549708899000,1,0.02456117,1645.9800
1627549708899000,1,0.54838073,1645.7300
1627549721728000,1,0.16310134,1647.5200
1627549722846000,1,1.13689866,1647.5200
1627549722846000,1,1.30440134,1647.5100
1627549723296000,1,1.30000000,1647.3100
1627549753269000,1,1.30480000,1646.7900
1627549810911000,1,0.60000000,1647.8000
1627549810911000,1,0.10000000,1647.7100
1627549810911000,1,0.60440000,1647.7000
1627549810981000,1,0.70003249,1647.7000
1627549810981000,1,0.60456751,1647.5100
1627549936090000,1,0.60000000,1649.5500
1627549936090000,1,0.70310000,1649.5300
1627549938901000,0,0.09000000,1650.0000
1627549938929000,0,0.31694307,1650.0000
1627549955454000,0,0.02543835,1650.9600
1627549955454000,0,0.57725341,1650.9600
1627551371859000,0,9.22000000,1659.3700
1627551371957000,0,4.09000000,1659.3700
1627551372157000,0,1.79000000,1659.3700
1627551372352000,0,3.07000000,1659.3700
1627551372559000,0,1.21000000,1659.3700
1627551375786000,0,0.45000000,1659.3700
1627551375805000,0,2.42000000,1659.3700
1627551375869000,0,4.05000000,1659.3700
1627551377193000,0,17.44000000,1659.3700
1627551377875000,0,8.19000000,1659.3700
1627551378540000,0,0.00559068,1659.3700
1627551613030000,1,0.60000000,1661.7700
1627551613030000,1,2.01200000,1661.6700
1627552006591000,0,0.02591619,1663.7700
1627552684951000,1,1.29000000,1663.1500
1627553025290000,1,0.06017324,1658.9800
1627553237364000,1,1.29540445,1658.9100
1627553237364000,1,2.70000000,1658.8800
1627553237364000,1,1.29552321,1658.7400
1627553237364000,1,0.60000000,1658.6900
1627553237364000,1,1.29564774,1658.5800
1627553237364000,1,1.29577680,1658.4100
1627553237364000,1,0.12262960,1657.6800
1627553237364000,1,1.29571320,1657.6700
1627553237364000,1,0.02468794,1657.6300
1627553237364000,1,5.16181318,1657.3200
1627553237364000,1,0.30658139,1657.3000
1627553237364000,1,0.02556486,1657.2900
1627553237364000,1,0.79697497,1657.2600
1627553237364000,1,1.29565137,1657.2500
1627553237364000,1,0.02549800,1656.9100
1627553237364000,1,0.40000000,1656.8800
1627553237364000,1,7.30000000,1656.7900
1627553237364000,1,1.21000000,1655.5800
1627553237364000,1,1.29558333,1655.3000
1627553237364000,1,0.24000000,1652.1300
1627553237364000,1,4.11000000,1652.1200
1627553237364000,1,6.87000000,1652.1100
1627553237364000,1,30.11000000,1649.7500
1627553237364000,1,25.94234578,1648.9500
1627553326758000,0,0.16699200,1658.8600
1627553332047000,0,0.56000000,1658.8600
1627553332059000,0,0.17000000,1658.8600
1627553332061000,0,0.47000000,1658.8600
1627553346454000,0,0.46000000,1659.2800
1627553368135000,0,0.17000000,1659.1700
1627553368158000,0,0.37000000,1659.1700
1627553368209000,0,0.52920000,1659.1700
1627553368356000,0,0.45000000,1659.1700
1627553368396000,0,0.37000000,1659.1700
1627553368581000,0,0.21000000,1659.1700
1627553369230000,0,0.90000000,1659.1700
1627553386193000,0,0.02438547,1657.9500
1627553391439000,0,0.40000000,1658.5200
1627553395677000,1,1.29622156,1657.5800
1627553395946000,0,0.06250000,1657.1000
1627553427386000,0,1.90000000,1657.2600
1627553427857000,0,0.06468000,1657.2200
1627553429838000,0,0.40000000,1657.3000
1627553451877000,0,0.40000000,1657.8200
1627553453437000,0,0.40000000,1658.0300
1627553456120000,0,0.13000000,1658.2800
1627553456149000,0,0.07000000,1658.2800
1627553456770000,0,0.40000000,1658.3200
1627553473903000,0,0.40000000,1657.9600
1627553476662000,0,0.17000000,1658.0900
1627553476699000,0,0.14000000,1658.0900
1627553476926000,0,0.09000000,1658.0900
1627553478659000,0,0.40000000,1658.3900
1627553481610000,0,0.48000000,1658.7800
1627553481971000,0,0.73000000,1658.7800
1627553482658000,0,0.40000000,1658.7000
1627553484250000,0,0.03600000,1658.9100
1627553484634000,0,0.36400000,1658.9100
1627553484634000,0,1.20600000,1659.3200
1627553537854000,0,0.40000000,1659.5000
1627553541438000,0,0.40000000,1659.8800
1627553590542000,0,0.40000000,1658.8900
1627553638181000,1,0.85818918,1657.5300
1627553638183000,1,0.43823714,1657.5300
1627553645529000,0,0.40000000,1657.9600
1627553646869000,0,0.40000000,1658.3300
1627553656518000,0,0.40000000,1659.0500
1627553671819000,0,0.40000000,1659.0600
1627553672989000,0,0.40000000,1659.2300
1627553740293000,0,0.39200000,1659.0500
1627553740382000,0,0.00800000,1659.0500
1627553752737000,0,0.39200000,1659.0900
1627553752982000,0,0.00800000,1659.0900
1627553761085000,0,0.39200000,1659.6600
1627553761471000,0,0.00800000,1659.6600
1627553767412000,0,0.39200000,1659.9100
1627553767674000,0,0.00800000,1659.9100
1627553779190000,0,0.39200000,1660.2500
1627553782121000,0,0.39200000,1660.8400
1627553782961000,0,0.00800000,1660.8400
1627553831256000,0,0.39200000,1661.3600
1627553843612000,0,0.40000000,1662.3600
1627553873315000,0,0.40000000,1663.3800
1627553885400000,0,0.40000000,1663.1600
1627553945771000,0,0.39200000,1662.6200
1627553945785000,0,0.00800000,1662.6200
1627553983398000,0,0.39200000,1663.2300
1627553983428000,0,0.00800000,1663.2300
1627554008615000,0,0.40000000,1663.2300
1627554012174000,0,0.40000000,1663.5500
1627554109072000,0,0.22000000,1664.9100
1627554109090000,0,0.18000000,1664.9100
1627554288696000,0,0.40000000,1661.8300
1627554306318000,1,1.29377934,1660.4100
1627554306318000,1,1.74255183,1660.3000
1627554306318000,1,0.15744817,1660.3000
1627554306365000,1,1.29356766,1660.2200
1627554306365000,1,0.44886350,1659.8700
1627554308683000,1,0.05134600,1658.6100
1627554308683000,1,0.01115400,1658.6000
1627554309135000,1,0.02575900,1658.6100
1627554309135000,1,4.25424100,1658.6000
1627554425650000,0,0.40000000,1657.6700
1627554437111000,0,0.40000000,1658.4000
1627554536433000,0,0.18000000,1658.0500
1627554536445000,0,0.22000000,1658.0500
1627554603603000,0,0.40000000,1658.1900
1627555265964000,1,1.29627169,1655.0900
1627555327221000,0,0.40000000,1656.5000
1627555454586000,0,0.40000000,1656.6800
1627555696490000,0,0.40000000,1654.9900
1627555698731000,1,0.59999999,1654.6500
1627555979855000,1,0.57000000,1654.8600
1627555979952000,1,0.38000000,1654.8600
1627555980606000,1,1.93000000,1654.8600
1627555981107000,1,0.73000000,1654.8600
1627556297011000,1,2.40000000,1654.8600
1627556297014000,1,0.00295577,1654.8600
1627556473585000,0,0.39200000,1657.6000
1627556473604000,0,0.00800000,1657.6000
1627557077018000,1,2.30000000,1659.0500
1627557077029000,1,0.01277538,1659.0500
1627557333893000,0,0.40000000,1660.5400
1627557655573000,0,0.40000000,1657.9500
1627557774159000,0,0.60000000,1659.8000
1627558401694000,0,0.12004367,1657.7300
1627558457913000,0,0.02404130,1656.8600
1627558457913000,0,0.42956980,1656.9700
1627558487736000,0,0.12000000,1656.4400
1627558502909000,0,0.02128510,1657.0700
1627559021570000,1,3.67000000,1640.7000
1627559021595000,1,3.67000000,1640.7000
1627559021649000,1,0.03600000,1640.7000
1627559021650000,1,0.18000000,1640.7000
1627559035463000,1,12.04000000,1640.7000
1627559160806000,0,0.03600000,1643.7100
1627559160988000,0,0.28000000,1643.7100
1627559233416000,1,0.03600000,1640.7000
1627559233436000,1,3.80000000,1640.7000
1627559233804000,1,28.96000000,1640.7000
1627559235078000,1,0.00867044,1640.7000
1627559401282000,0,0.03600000,1643.6900
1627560061694000,1,0.03600000,1639.7500
1627562392469000,0,0.06250000,1638.2100
1627562637172000,1,1.30000000,1642.0300
1627562929611000,0,0.01498678,1645.4500
1627563557914000,0,0.03600000,1645.6600
1627564262139000,0,0.02412300,1649.9300
1627564262139000,0,1.30376706,1649.9900
1627564262150000,0,1.30371323,1650.1700
1627564724803000,0,0.30036526,1656.3500
1627566197423000,0,1.29509727,1657.4600
1627566197425000,0,0.60490273,1657.4600
1627566197425000,0,0.02447568,1657.6200
1627566197425000,0,0.60000000,1657.6200
1627566197431000,0,0.02469287,1658.2000
1627566197431000,0,1.27011088,1658.3000
1627566197490000,1,0.06250000,1657.7600
1627566399254000,1,0.02582211,1657.7900
1627566399254000,1,1.29503870,1657.6300
1627566399362000,1,0.06250000,1657.7700
1627567581913000,0,0.06270000,1660.6800
1627567637270000,1,0.10700000,1659.2100
1627568259895000,1,0.12971217,1655.7400
1627568259895000,1,0.32028783,1655.7300
1627568259926000,1,0.00380486,1655.7300
1627568260480000,1,0.34000000,1655.5600
1627568260943000,1,0.03600000,1655.5600
1627568261131000,1,0.28910000,1655.5600
1627568261791000,1,0.17000000,1655.5600
1627568262482000,1,0.00799784,1655.5600
1627568285741000,1,0.18000000,1653.4200
1627568285741000,1,0.00381900,1653.4200
1627568294836000,1,0.04000000,1653.0000
1627568295156000,1,0.18000000,1653.0000
1627568295160000,1,0.00915607,1653.0000
1627568375965000,1,0.12000000,1651.2400
1627568388199000,0,0.05800000,1649.6500
1627568389018000,0,0.02511975,1649.4100
1627568389018000,0,0.09488025,1649.6000
1627568590473000,1,0.02456555,1652.2000
1627568590473000,1,0.00000001,1652.2000
1627568590473000,1,1.71750527,1651.9700
1627568659761000,1,1.29991861,1650.3100
1627569010232000,0,2.82160000,1659.3300
1627569012918000,0,0.03600000,1659.3300
1627569015263000,0,0.06250000,1659.3300
1627569015380000,0,1.01679759,1659.3300
1627569015411000,0,1.52662268,1659.3300
1627569015569000,0,0.55273961,1659.3300
1627569015574000,0,1.53040103,1659.3300
1627569015584000,0,1.61644209,1659.3300
1627569015586000,0,1.61623297,1659.3300
1627569015595000,0,1.61602390,1659.3300
1627569015605000,0,1.61581486,1659.3300
1627569015764000,0,0.75397541,1659.3300
1627569015770000,0,1.61550834,1659.3300
1627569015777000,0,1.34609735,1659.3300
1627569016061000,0,0.41321621,1659.3300
1627569016505000,0,34.22000000,1659.3300
1627569017247000,0,0.00056878,1659.3300
1627569021550000,0,0.15000000,1662.4400
1627569101646000,1,0.02033312,1662.6700
1627569132759000,1,0.12354370,1662.0000
1627569132759000,1,1.29033874,1661.9900
1627569132759000,1,0.30535828,1661.6800
1627569132763000,1,0.00364584,1661.6800
1627569132763000,1,1.29077382,1661.6600
1627569132763000,1,0.02420590,1661.4400
1627569132763000,1,0.40061516,1661.3900
1627569132766000,1,0.89037527,1661.3900
1627569132804000,1,1.29045578,1661.0900
1627569132804000,1,0.42878494,1661.0600
1627569132809000,1,0.60000000,1662.1000
1627569132809000,1,0.37432535,1661.0600
1627569132809000,1,0.02544792,1661.0500
1627569132809000,1,0.71946745,1660.4500
1627569132810000,1,0.57117391,1660.4500
1627569132810000,1,0.64338357,1659.7500
1627569143502000,1,0.73516999,1660.7800
1627569143532000,1,0.00000001,1660.7800
1627569171050000,0,0.02445981,1657.7100
1627569171050000,0,0.01554019,1657.7200
1627569197193000,0,0.02539598,1657.5300
1627569200038000,0,1.90000000,1658.2100
1627569235374000,1,0.05009700,1655.6800
1627569255138000,1,0.03426999,1655.2500
1627569255163000,1,0.00000001,1655.2500
1627569268962000,1,0.02570300,1654.3700
1627569269653000,1,0.01900000,1653.1300
1627569269879000,1,0.00027700,1653.1300
1627569275288000,1,0.01400000,1651.4800
1627569578801000,0,1.29000000,1656.2300
1627569578845000,0,0.00644356,1656.2300
1627569708670000,0,0.40000000,1662.2700
1627570673383000,0,0.03300000,1662.4100
1627571067872000,1,0.50000000,1659.4000
1627571262271000,1,0.50000000,1660.3500
1627571405090000,0,0.17574600,1667.8300
1627571405533000,0,1.32430000,1668.4000
1627571405561000,0,3.27570000,1668.4000
1627571406345000,0,0.59999999,1669.9200
1627571406356000,0,0.00000001,1669.9200
1627571686834000,1,0.13622527,1659.8000
1627571686835000,1,0.04728373,1659.8000
1627571706768000,1,0.03600000,1657.1600
1627571717964000,1,0.02114399,1654.9600
1627571717966000,1,0.00000001,1654.9600
1627571739147000,0,0.24000000,1657.0300
1627571918361000,0,0.02487174,1665.7400
1627571918361000,0,0.09490685,1665.7400
1627572894349000,0,1.01651993,1662.4400
1627573984255000,1,0.15000000,1663.1300
1627574028299000,0,0.03600000,1663.9200
1627574028717000,1,0.06000000,1664.0000
1627574028769000,1,0.00250000,1664.0000
1627574329692000,1,0.50000000,1662.5200
1627574543822000,1,0.62000000,1667.7900
1627574546892000,1,0.02575110,1668.3000
1627574551830000,0,0.02442058,1671.8000
1627574551830000,0,0.02450338,1672.3200
1627574551830000,0,1.47107604,1672.3800
1627574564252000,1,0.84000000,1668.7500
1627574567455000,1,0.00319397,1668.7500
1627574590336000,1,0.55000000,1665.8500
1627574616688000,1,0.06250000,1662.0600
1627574616694000,1,0.01579400,1662.0600
1627574616764000,1,0.03600000,1662.0500
1627574616996000,1,0.49000000,1662.0500
1627574617142000,1,0.03914700,1662.0600
1627574617142000,1,0.00551358,1662.0500
1627574624242000,1,0.02935999,1661.0200
1627574628454000,1,0.00000001,1661.0200
1627574751582000,1,0.02417019,1666.8200
1627574751582000,1,0.04987184,1666.5300
1627574751867000,1,0.07404203,1666.2300
1627574752030000,1,0.07300000,1666.2100
1627574789515000,1,0.02452058,1667.5800
1627574789515000,1,0.47547942,1667.3700
1627575524396000,1,0.04717700,1671.8900
1627575547281000,0,0.03600000,1672.6900
1627575667088000,1,0.37390992,1676.5500
1627575667296000,1,0.95697282,1676.5500
1627575667321000,1,0.17215465,1676.5500
1627575667736000,1,0.47266987,1676.5500
1627575667747000,1,1.19712784,1676.5500
1627575667781000,1,1.02716490,1676.5500
1627575668348000,1,1.70488697,1676.5500
1627575668348000,1,0.31391687,1676.5500
1627575668359000,1,1.02845423,1676.5500
1627575668381000,1,0.06250000,1676.5500
1627575668475000,1,1.09024193,1676.5500
1627576865545000,1,0.03600000,1666.0000
1627576873321000,1,0.06000000,1666.2400
1627576876586000,1,0.25000000,1665.4700
1627576876621000,1,0.00725100,1665.4700
1627576899079000,1,0.18000000,1665.6600
1627577098408000,0,0.06250000,1671.4200
1627577356818000,1,0.18000000,1665.3700
1627577383748000,1,0.18000000,1664.4200
1627577383786000,1,0.00322100,1664.4200
1627577386306000,1,0.24253600,1663.6100
1627577395058000,1,0.15701300,1663.4000
1627577397518000,1,0.17009700,1662.7800
1627577744460000,1,0.08000000,1663.1600
1627577744488000,1,0.00946400,1663.1600
1627578328893000,1,0.07000000,1661.8200
1627581087975000,0,0.05000000,1668.7400
1627582236663000,0,0.02984116,1667.1600
1627582725618000,0,1.90000000,1664.9600
1627582725618000,0,0.60000000,1665.0400
1627582725618000,0,1.29017042,1665.2200
1627582725618000,0,1.29000252,1665.4000
1627582725618000,0,0.02524132,1665.4800
1627582725618000,0,1.29023170,1665.8100
1627582725618000,0,0.02448516,1665.8500
1627582725679000,1,0.06250000,1665.8800
1627582725834000,1,3.51736888,1665.8800
1627583084464000,1,0.02575601,1662.4500
1627583084464000,1,1.28424399,1662.2300
1627583350466000,1,0.02429800,1657.6300
1627584338349000,0,0.03003410,1656.4500
1627585400539000,1,5.49780000,1654.3900
1627585424662000,0,1.29810000,1655.1000
1627585479409000,0,0.60000000,1655.2300
1627585479409000,0,8.30000000,1655.3200
1627585479409000,0,1.29821489,1655.3300
1627585479409000,0,1.29806929,1655.5100
1627585479518000,1,1.29821489,1655.6900
1627585479577000,1,1.90000000,1655.6900
1627585479577000,1,0.60000000,1655.6900
1627585479633000,1,21.63456512,1655.6900
1627585479680000,1,9.94768810,1655.6900
1627585546030000,0,0.15000000,1653.4700
1627586101501000,0,0.20000000,1658.4900
1627586101501000,0,1.09580000,1658.5000
1627586101610000,0,1.29560000,1658.7400
1627586105246000,0,0.06250000,1658.7300
1627586582557000,1,0.89641984,1653.9200
1627586823438000,1,0.65462100,1652.6700
1627587603559000,1,0.62247142,1650.2100
1627587624215000,1,1.81066048,1649.7300
1627588214142000,0,0.05660833,1655.9400
1627588557832000,1,4.54000000,1656.3500
1627588557832000,1,0.00042321,1656.3500
1627592728644000,0,0.07499547,1658.5000
1627592984084000,1,0.10298356,1654.7200
1627594432365000,1,0.02507770,1653.0700
1627594432365000,1,0.02339280,1652.9900
1627596264825000,1,0.02446758,1655.3000
1627596264825000,1,0.07560467,1655.3000
1627596510700000,0,0.02593205,1663.2500
1627596510700000,0,0.02498136,1663.6100
1627596510700000,0,1.23809871,1663.9500
1627596556556000,0,0.41000000,1664.3500
1627596556556000,0,0.01570347,1664.8100
1627596606512000,0,0.11000000,1664.9300
1627596606519000,0,0.30000000,1664.9300
1627596627871000,1,0.02407832,1664.1600
1627596634780000,1,0.02421951,1665.1700
1627596634780000,1,0.02463321,1664.7300
1627596641270000,0,0.02469624,1667.6600
1627596641270000,0,0.02505116,1667.9000
1627596641270000,0,0.02410611,1668.2600
1627596645352000,0,0.02419296,1668.4800
1627596718970000,0,1.26367477,1666.6500
1627596719992000,0,0.02527349,1666.6500
1627596763906000,0,0.00051579,1666.6500
1627596763906000,0,1.26284912,1667.4800
1627596765005000,0,0.02526730,1667.4800
1627596769061000,0,0.00051566,1667.4800
1627596861008000,0,1.26251550,1667.8700
1627596862147000,0,0.02525031,1667.8700
1627596862833000,0,0.00051531,1667.8700
1627596863738000,0,0.02525031,1667.8700
1627596865397000,0,1.26251550,1668.1300
1627596866279000,0,0.02576562,1668.1300
1627597029343000,0,0.03600000,1669.3000
1627597029405000,0,0.37400000,1669.3000
1627598772179000,0,0.27000000,1669.9800
1627598835357000,0,0.06250000,1674.4600
1627598851545000,0,1.28375037,1674.0000
1627598851722000,0,0.41000000,1674.0900
1627599071667000,1,0.03600000,1671.6400
1627599645200000,0,0.41000000,1675.7200
1627599778547000,0,0.02439060,1676.0400
1627599778547000,0,0.02515815,1676.4200
1627599778547000,0,0.01805201,1676.5300
1627599797934000,0,0.03600000,1679.2300
1627599798328000,0,0.59999999,1679.8200
1627599800306000,0,1.62597604,1681.0400
1627599800371000,0,1.08809380,1681.0400
1627599800439000,0,1.46765828,1681.0400
1627599800451000,0,1.70150538,1681.0400
1627599800451000,0,0.06250000,1681.0400
1627599800452000,0,0.35426650,1681.0400
1627599801360000,0,0.22175040,1683.1000
1627599801753000,0,2.79203960,1683.1000
1627599806582000,1,0.03000000,1684.6500
1627599806907000,1,1.97000000,1684.6500
1627599818815000,1,0.02500000,1689.8200
1627599819311000,1,0.00083778,1689.8200
1627599819311000,1,0.02360211,1689.8200
1627599819311000,1,1.66693049,1688.9800
1627599819313000,1,0.33306951,1688.9800
1627599819313000,1,0.02561275,1688.9000
1627599819313000,1,0.15173456,1688.0600
1627599819315000,1,1.69137038,1687.2100
1627599863144000,1,0.14953572,1689.7100
1627599865287000,0,0.02442052,1691.2000
1627599865287000,0,1.27062667,1691.3500
1627599865287000,0,0.02406369,1691.4600
1627599865287000,0,0.73648903,1691.8200
1627599871409000,0,0.02451238,1691.0900
1627599871409000,0,1.27045927,1691.3700
1627599871998000,1,0.00000001,1689.7100
1627599872554000,1,0.04342382,1689.1100
1627599873036000,1,0.33041581,1689.1100
1627599884911000,0,0.02466584,1689.3700
1627600024384000,0,0.02438993,1694.8100
1627600089942000,0,0.41000000,1694.8900
1627600162570000,0,0.13000000,1697.5600
1627600162571000,0,0.00927460,1697.5600
1627600188241000,1,1.28658276,1696.8800
1627600188263000,1,0.77517649,1696.8800
1627600188293000,1,0.23824075,1696.8800
1627600267371000,0,52.32000000,1699.7600
1627600267374000,0,0.00288500,1699.7600
1627600486350000,0,0.73000000,1699.8100
1627600693461000,0,0.02400000,1704.1000
1627600705901000,0,0.60000000,1706.6100
1627600705901000,0,0.01389100,1706.7000
1627600705901000,0,0.41000000,1706.7100
1627600705901000,0,0.71856700,1706.9600
1627600709206000,0,1.00000000,1711.0000
1627600709206000,0,0.19045726,1711.2900
1627600709206000,0,0.48943530,1711.3000
1627600709206000,0,1.67989257,1711.3000
1627600709212000,0,1.67989256,1711.3000
1627600709217000,0,1.67989257,1711.3000
1627600709241000,0,1.60954996,1711.3000
1627600709244000,0,1.68072723,1711.3000
1627600709246000,0,1.00270657,1711.3000
1627600709614000,0,1.86790324,1711.3000
1627600709751000,0,0.06250000,1711.7400
1627600710134000,0,1.24202903,1711.7400
1627600719039000,1,0.02400000,1716.3700
1627600722321000,1,0.02538723,1714.6000
1627600722325000,1,0.00000001,1714.6000
1627600722931000,1,0.02538722,1714.8800
1627600787670000,0,0.02557375,1714.0900
1627600787670000,0,0.02442625,1714.1000
1627600986749000,0,0.91034373,1711.7600
1627601026940000,1,0.19106416,1708.8900
1627601057987000,1,0.02277589,1710.2200
1627601173038000,0,0.02573523,1713.2100
1627601234164000,1,3.10000000,1711.7700
1627601271601000,0,0.02252772,1712.8500
1627601290867000,1,1.30000000,1711.9400
1627601416129000,0,4.79000000,1714.0900
1627601419190000,1,0.69526529,1713.4100
1627601519251000,1,0.60000000,1712.2300
1627601519251000,1,0.65350000,1712.1300
1627601616179000,0,0.41000000,1715.9000
1627601947150000,0,3.68000000,1712.8700
1627601958813000,0,0.00936176,1712.8700
1627601958813000,0,1.99063824,1714.0100
1627602155174000,1,0.10089500,1707.6900
1627602179488000,1,0.08000000,1707.5500
1627602179504000,1,0.00391000,1707.5500
1627602187904000,1,0.06087300,1706.1800
1627602213557000,0,2.00000000,1707.8200
1627602326648000,1,0.07293799,1705.4600
1627602326676000,1,0.00000001,1705.4600
1627602391498000,1,0.03507900,1704.6200
1627602398004000,1,0.02630900,1703.8200
1627602398308000,1,0.06250000,1702.3700
1627602468254000,1,0.60000000,1697.2300
1627602678916000,0,0.02770937,1705.5600
1627603043198000,1,0.02578429,1706.0100
1627603043198000,1,0.02470178,1705.6100
1627603242543000,1,5.20000000,1709.4700
1627603522016000,0,0.41000000,1706.1700
1627603729947000,1,0.03848000,1701.8700
1627603938046000,0,0.02485756,1702.4700
1627603988739000,0,1.26372502,1701.0700
1627604205048000,0,0.08000000,1710.2500
1627604731001000,0,1.25100000,1719.4700
1627604886366000,1,0.88000000,1715.3900
1627605585333000,0,0.02668945,1723.1500
1627605586219000,0,1.93010000,1725.0000
1627605586470000,0,0.30000000,1725.0000
1627605586473000,0,33.58290000,1725.0000
1627605589509000,1,0.02956491,1723.2600
1627605966424000,1,0.07000000,1711.5600
1627606095027000,1,0.05117299,1708.6600
1627606095675000,1,0.00000001,1708.6600
1627606533154000,1,1.25418083,1713.6600
1627606533154000,1,0.02441701,1713.4900
1627606533154000,1,0.39109901,1713.4700
1627606614391000,1,1.25408442,1713.9500
1627606614391000,1,0.41413345,1713.8700
1627606614393000,1,0.18586655,1713.8700
1627606614393000,1,1.08001859,1713.7700
1627607401781000,0,5.00000000,1720.6600
1627607575579000,0,5.00000000,1720.0500
1627607644942000,1,0.06000000,1724.6200
1627608337498000,0,0.01444712,1721.4500
1627608647957000,0,1.09573967,1720.2900
1627608942757000,0,1.09570000,1727.4800
1627609458337000,0,1.23000000,1736.1300
1627609458345000,0,0.00954643,1736.1300
1627609475785000,0,1.08000000,1735.7800
1627609478654000,0,0.15000000,1735.7800
1627609478671000,0,0.00964465,1735.7800
1627609552283000,0,0.98000000,1741.3600
1627609650841000,1,0.50765369,1746.7200
1627609650846000,1,0.28836811,1746.7200
1627609714675000,1,0.02575216,1747.8900
1627609723101000,1,0.06250000,1744.7700
1627609861507000,1,0.11000000,1743.9500
1627610230062000,0,2.40000000,1749.6200
1627610230214000,0,2.60000000,1749.6200
1627610373862000,1,0.55000000,1745.4000
1627610373989000,1,0.00340896,1745.4000
1627610478145000,0,0.02500000,1751.4900
1627610491497000,1,0.02570616,1751.9900
1627610491497000,1,0.50000000,1751.2600
1627610491497000,1,1.22666043,1751.1600
1627610491497000,1,0.24763341,1751.0200
1627610587422000,0,0.06000000,1748.2200
1627610618298000,0,2.63000000,1752.5700
1627610623632000,0,0.37000000,1752.5700
1627610887136000,0,2.94000000,1752.3100
1627611029204000,0,0.06000000,1752.3100
1627611475698000,1,0.03600000,1745.0000
1627611475705000,1,0.03400000,1745.0000
1627611584666000,1,0.24000000,1740.8300
1627612748757000,1,0.17000000,1738.0000
1627614235683000,0,1.23000000,1738.7600
1627614942844000,1,0.06000000,1747.0500
1627615388522000,0,0.73873460,1744.2800
1627615544952000,1,0.36954218,1743.2800
1627615930704000,1,1.23375525,1741.7300
1627615930704000,1,0.41276359,1741.5300
1627615930705000,1,0.82081901,1741.5300
1627615930705000,1,0.82569983,1741.3800
1627615930932000,1,4.37430017,1741.3800
1627616158933000,1,1.23000000,1736.7700
1627616158960000,1,0.00591008,1736.7700
1627616158974000,1,1.23687362,1736.5300
1627616335130000,1,1.23891092,1734.1600
1627616335767000,1,1.03000000,1733.6100
1627616336414000,1,5.87000000,1733.6100
1627616337074000,1,0.30000000,1733.6100
1627617427045000,1,1.23859296,1736.0200
1627617427045000,1,0.76140704,1735.8100
1627617672537000,0,0.19955508,1739.6700
1627617684005000,1,0.02535354,1737.1500
1627617684005000,1,0.60000000,1736.9700
1627617684005000,1,2.29464256,1736.8700
1627618296847000,1,1.02687703,1735.4700
1627619706066000,0,0.03600000,1739.5600
1627619706204000,0,0.06250000,1739.5600
1627619798009000,0,0.02492520,1738.8500
1627619798009000,0,0.04846126,1738.8900
1627619803350000,1,0.03600000,1737.3600
1627620217491000,0,0.04723070,1731.5800
1627620267548000,0,0.12348000,1732.5200
1627620267657000,0,1.87652000,1732.5200
1627620320399000,0,0.69000000,1732.9000
1627620574766000,0,0.02486800,1735.5700
1627620574766000,0,0.19352135,1735.8800
1627620741606000,1,0.06250000,1729.8500
1627620804855000,1,0.06250000,1725.4800
1627620812728000,1,0.04660924,1725.4800
1627620818727000,1,0.10000000,1724.9600
1627621142207000,1,0.02516398,1730.1900
1627621142207000,1,1.24240043,1730.0900
1627621142207000,1,1.24243209,1729.9000
1627621142207000,1,0.02556078,1729.8300
1627621142207000,1,3.61119026,1729.7900
1627622266208000,1,1.24523039,1726.9700
1627622266208000,1,0.86419272,1726.9300
1627622292064000,1,0.13735800,1725.8700
1627622292064000,1,0.02810361,1725.8600
1627622979224000,0,0.03600000,1724.8300
1627622980329000,0,0.95173983,1724.8300
1627623280990000,1,1.24607867,1726.1800
1627623280990000,1,0.02478514,1726.0600
1627623280990000,1,0.37957535,1726.0000
1627623281026000,1,0.86661810,1726.0000
1627623281027000,1,0.02558375,1725.7100
1627623281027000,1,1.24642479,1725.7000
1627623364069000,0,2.16640000,1726.0000
1627623374278000,0,0.06250000,1726.0000
1627623374282000,0,0.37110000,1726.0000
1627623598106000,0,0.35473491,1731.5000
1627623598122000,0,0.35473491,1731.5000
1627623604203000,0,1.25000000,1731.5000
1627623604254000,0,1.85000000,1731.5000
1627623604844000,0,0.92000000,1731.5000
1627623604883000,0,0.00873851,1731.5000
1627623870747000,0,0.70000000,1730.3700
1627623870808000,0,1.30000000,1730.3700
1627623890752000,1,0.03600000,1728.7000
1627623957182000,0,0.21952000,1727.4100
1627624260057000,1,0.23722769,1725.5900
1627625459838000,1,0.94766778,1719.4700
1627625459888000,1,0.33413469,1719.4700
1627625462644000,0,0.06000000,1717.1300
1627625476837000,1,0.06250000,1715.3700
1627625479642000,0,0.06220500,1716.3100
1627625513457000,1,0.10000000,1716.4700
1627625513522000,1,0.00787200,1716.4700
1627625990170000,0,1.90000000,1715.4200
1627625990479000,0,0.03600000,1715.5100
1627628269747000,0,0.50000000,1728.3700
1627628270065000,1,0.06000000,1728.4700
1627628270103000,1,0.00250000,1728.4700
1627629622048000,1,3.95000000,1721.9400
1627629689934000,1,0.00816163,1721.9400
1627630187652000,1,0.02597607,1722.3000
1627630187652000,1,0.30000000,1722.2000
1627630187652000,1,0.60000000,1722.1000
1627630187652000,1,2.00000000,1722.1000
1627630187652000,1,0.02464256,1721.9100
1627630187652000,1,1.24681326,1721.8200
1627630187652000,1,0.34299132,1721.6400
1627630719443000,1,1.24720000,1721.6400
1627630973705000,1,5.29000000,1717.2800
1627630973747000,1,0.00494316,1717.2800
1627631927442000,1,0.01715000,1721.0100
1627631927630000,1,0.00035000,1721.0100
1627632148363000,1,0.06250000,1720.1400
1627632148411000,1,0.03400000,1720.1400
1627632235103000,1,0.21255514,1720.1400
1627632235783000,1,2.66000000,1720.1400
1627632239576000,1,0.00324520,1720.1400
1627632518404000,1,0.09800000,1715.9800
1627632519008000,1,0.01635620,1715.9800
1627632520397000,1,1.96000000,1715.9800
1627632520985000,1,0.03920000,1715.9800
1627632521868000,1,0.11652481,1715.9800
1627632522400000,1,0.00237806,1715.9800
1627632690432000,1,0.46000000,1716.9600
1627632690570000,1,2.21728864,1716.9600
1627632928318000,0,1.44813072,1717.7800
1627632957381000,1,1.83000000,1716.7100
1627632957405000,1,0.18622872,1716.7100
1627633013410000,1,0.19955508,1715.6800
1627633473912000,0,2.00000000,1717.7400
1627633473912000,0,0.01433958,1717.8200
1627634433990000,0,0.02322328,1708.0500
1627634433990000,0,0.01770172,1708.3800
1627634464418000,1,1.15008557,1704.8200
1627634464419000,1,0.09485137,1704.8200
1627634464422000,1,1.65280902,1704.8200
1627634464457000,1,1.65280903,1704.8200
1627634464461000,1,1.34944501,1704.8200
1627634480300000,1,0.06250000,1700.0200
1627634481440000,1,1.93750000,1700.0200
1627634485497000,0,0.01424166,1700.6900
1627634489517000,1,0.02455334,1690.4200
1627634491109000,1,0.05145299,1690.7000
1627634491372000,1,0.01104701,1690.7000
1627634491635000,1,0.08831360,1690.0000
1627634496151000,1,0.06250000,1687.1100
1627634499707000,0,0.02500000,1689.0600
1627634499729000,0,0.02461655,1688.6200
1627634503346000,0,1.27210028,1692.3400
1627634503346000,0,0.38181074,1692.7000
1627634503353000,0,1.65391102,1692.3300
1627634503353000,0,1.12117382,1692.3300
1627634509245000,1,0.02500000,1689.0600
1627634647322000,0,0.03600000,1690.1200
1627634704982000,1,40.32000000,1689.2500
1627634710187000,1,0.02597240,1690.4800
1627634710187000,1,0.02402760,1690.2200
1627634716475000,1,0.02496241,1690.6000
1627634716475000,1,0.02434922,1690.2100
1627634716475000,1,0.01828913,1690.0700
1627634724164000,1,0.02701800,1690.1800
1627634737490000,1,0.02026400,1689.8100
1627634743639000,1,0.14000000,1689.2500
1627634744958000,1,4.11000000,1689.2500
1627634745645000,1,0.03600000,1689.2500
1627634746317000,1,7.91000000,1689.2500
1627634748116000,1,0.00861151,1689.2500
1627634786349000,1,0.01519800,1686.7900
1627634806303000,0,0.02432333,1686.4300
1627634832446000,0,0.00000001,1686.4300
1627634832446000,0,0.02399999,1688.1500
1627634832457000,0,0.00034072,1688.1500
1627635002930000,0,1.15083400,1687.9000
1627635063109000,1,0.02300000,1683.0200
1627635069593000,1,1.00000000,1680.0000
1627635070554000,1,0.02549448,1676.0500
1627635070554000,1,0.29098846,1675.6400
1627635091955000,0,0.02588536,1678.5800
1627635095412000,0,0.03500000,1679.1700
1627635102861000,1,0.02433895,1676.9900
1627635104666000,1,0.02560874,1677.8400
1627635104666000,1,0.50000000,1677.4600
1627635104666000,1,0.02537970,1677.4500
1627635114253000,0,0.02418858,1679.5000
1627635122020000,1,0.02597076,1677.5800
1627635122020000,1,0.47109613,1676.7500
1627635220132000,0,2.34370000,1678.8500
1627635382873000,0,0.18362252,1682.0000
1627635382960000,0,0.81637748,1682.0000
1627635383017000,1,0.06250000,1682.0900
1627635421400000,1,0.02486047,1682.4100
1627635570190000,0,0.02480861,1683.3200
1627635603011000,1,0.03600000,1681.0700
1627635623748000,0,0.02557983,1682.0000
1627635682340000,1,0.15000000,1682.6900
1627635871881000,1,1.38831299,1677.8400
1627635985923000,1,0.60000000,1677.7400
1627636062950000,1,0.05000000,1673.4300
1627636063014000,1,0.00241063,1673.4300
1627636074417000,1,0.06250000,1669.8900
1627636083471000,1,0.02604883,1671.8600
1627636839644000,1,1.28349105,1672.0600
1627636839644000,1,4.56236709,1671.9300
1627636839644000,1,0.02569361,1671.9200
1627637085159000,1,1.28630908,1666.0900
1627637085159000,1,0.13271285,1665.7000
1627637201482000,0,0.01971588,1669.7200
1627637256519000,0,0.47710000,1665.8800
1627637274282000,1,3.00000000,1660.0000
1627637274347000,1,0.00543975,1660.0000
1627637367421000,1,0.05000000,1658.0000
1627637469297000,0,0.03600000,1666.1900
1627637552863000,0,0.02500186,1663.8000
1627637552863000,0,0.57447894,1664.1200
1627637625816000,0,0.06000000,1666.3300
1627637907225000,0,0.05000000,1666.2800
1627637918079000,0,0.31503849,1666.5900
1627638048273000,1,0.34659495,1661.6700
1627638185591000,0,0.10000000,1664.5300
1627638193724000,0,0.00002453,1664.5300
1627638242452000,0,0.05971277,1666.3100
1627638391594000,0,0.05731147,1672.4400
1627638699850000,0,0.05000000,1675.3100
1627638699909000,0,0.00001227,1675.3100
1627639037478000,1,0.04267080,1677.6300
1627639128872000,0,0.05917934,1681.3300
1627639403953000,1,0.03600000,1675.2800
1627639542290000,0,0.01200000,1677.9000
1627640204531000,0,2.00000000,1671.1300
1627640204531000,0,0.50949731,1671.6000
1627640204531000,0,5.60000000,1671.6100
1627640204531000,0,0.60000000,1671.6200
1627640204531000,0,4.52169485,1671.7100
1627640204531000,0,1.28689896,1671.8700
1627640204531000,0,1.27362132,1671.9900
1627640204531000,0,0.02598336,1672.0000
1627640204531000,0,2.08847044,1672.4200
1627640420733000,0,0.06250000,1673.6500
1627640492266000,1,0.02487156,1673.4600
1627640492266000,1,0.03712844,1673.1200
1627640785700000,0,1.26960000,1676.8800
1627640785720000,0,0.00005156,1676.8800
1627641714633000,0,0.03600000,1680.9400
1627642282291000,0,1.27163542,1688.9700
1627642333653000,0,0.10091096,1688.3200
1627642594993000,0,0.72000000,1686.3000
1627642595024000,0,0.00387000,1686.3000
1627643458272000,0,0.34000000,1683.2800
1627643462093000,0,1.02000000,1683.2800
1627643462202000,0,0.13000000,1683.2800
1627643524714000,0,0.44000000,1683.8100
1627643524734000,0,1.29000000,1683.8100
1627643601168000,0,2.00000000,1682.7100
1627643617588000,0,0.48000000,1683.8100
1627643617603000,0,0.40000000,1683.8100
1627643627551000,0,0.84000000,1683.1300
1627643641856000,0,0.14772585,1683.9300
1627643644999000,0,0.39000000,1683.8100
1627643962329000,1,0.09000000,1681.3000
1627644438468000,1,0.16000000,1681.7700
1627644438517000,1,0.00856497,1681.7700
1627644571134000,1,0.13000000,1681.5400
1627645046421000,0,1.27440625,1686.6200
1627645046421000,0,0.60000000,1686.7400
1627645046421000,0,0.02598453,1686.8100
1627645046421000,0,1.27434643,1686.8400
1627645046421000,0,0.50512650,1687.0800
1627645046421000,0,1.27430597,1687.0900
1627645046421000,0,0.02437211,1687.1700
1627645046421000,0,0.41000000,1687.2800
1627645046421000,0,1.26271145,1687.3500
1627645046421000,0,1.27410164,1687.3600
1627645046421000,0,0.02515344,1687.5600
1627645046421000,0,1.21648515,1687.7500
1627645278633000,1,0.05000000,1681.0900
1627645278654000,1,0.00021181,1681.0900
1627646024661000,1,2.97000000,1675.5000
1627646024693000,1,0.00674723,1675.5000
1627646595723000,0,1.28270000,1676.7800
1627646604483000,1,1.08000000,1676.5300
1627646609685000,1,0.59000000,1675.8200
1627646634930000,1,0.02465879,1677.1100
1627646839579000,0,1.28060000,1679.0600
1627648359374000,0,0.14879884,1671.7200
1627649594286000,1,0.03600000,1675.0800
1627649673377000,1,0.50000000,1674.9100
1627649673377000,1,1.24245800,1674.9000
1627650049507000,0,1.28444145,1676.2100
1627650049511000,0,0.00000001,1676.2100
1627650049512000,0,0.41000000,1676.5100
1627650049512000,0,0.91065522,1676.6400
1627650049512000,0,0.37375394,1676.6400
1627650153140000,0,0.11864305,1677.3000
1627650297950000,0,0.05000000,1677.0100
1627650603999000,1,0.02472861,1670.5900
1627650604001000,1,0.00000001,1670.5900
1627650619036000,1,0.75318827,1669.3500
1627650679663000,0,1.28860000,1670.4500
1627651176201000,0,1.28370000,1676.8400
1627652274142000,0,0.70616219,1683.3900
1627652422870000,0,1.27800000,1684.2600
1627652422871000,0,0.00006295,1684.2600
1627652921733000,1,2.00000000,1680.3900
1627652935636000,1,0.70000000,1680.3300
1627652935792000,1,0.75000000,1680.3300
1627654131465000,0,0.06250000,1684.3600
1627654143738000,0,0.03600000,1684.3600
1627654649351000,0,0.02400819,1687.1300
1627654649351000,0,0.41995835,1687.5000
1627654667909000,0,0.14740986,1686.5900
1627654761659000,1,1.27580000,1685.8200
1627654761821000,1,0.03600000,1685.4400
1627654783072000,1,0.30250833,1684.6200
1627654783072000,1,0.97459167,1684.5700
1627654820740000,0,0.02539560,1685.2400
1627654820814000,1,0.06250000,1685.4100
1627654820815000,1,0.02598544,1685.4100
1627655482726000,1,1.22000000,1685.0800
1627655482753000,1,0.00633940,1685.0800
1627657469922000,1,0.02513349,1679.3900
1627657469922000,1,0.02436574,1679.0400
1627657469922000,1,1.28418105,1678.7500
1627657469922000,1,4.82127370,1678.6200
1627657469922000,1,2.00000000,1678.6000
1627657469922000,1,0.02515691,1678.5900
1627657469922000,1,1.28411586,1678.3800
1627657469922000,1,0.13914744,1678.2900
1627657469922000,1,7.30000000,1678.2200
1627657469922000,1,0.34779818,1677.8700
1627657469922000,1,0.02162830,1677.8600
1627657469922000,1,0.91471244,1677.2600
1627657469922000,1,1.28484517,1677.2500
1627657469922000,1,0.41000000,1676.9500
1627657469922000,1,1.11764172,1675.6900
1627657607578000,1,1.28300000,1679.5000
1627657914338000,1,1.28486440,1677.0500
1627657914338000,1,0.38247931,1676.8300
1627657914338000,1,0.90144345,1676.8300
1627657914338000,1,0.02499291,1676.7600
1627657914338000,1,0.74090736,1676.6400
1627657914339000,1,0.54387006,1676.6400
1627657914339000,1,0.12351302,1676.4100
1627657914339000,1,0.02602371,1676.4000
1627657914339000,1,0.30878623,1676.1700
1627657914339000,1,0.41000000,1676.1600
1627658427197000,1,0.14000000,1679.9800
1627659113503000,0,0.01777482,1683.2800
1627660498181000,0,2.00000000,1686.0000
1627660498181000,0,1.27947152,1686.1900
1627660498181000,0,1.27928750,1686.3800
1627660498181000,0,0.02580534,1686.4000
1627660498223000,1,0.02589763,1686.4500
1627660498236000,1,0.06250000,1686.4500
1627660498299000,1,1.27958023,1686.4500
1627660637201000,1,0.02432314,1688.4300
1627660637201000,1,0.05270686,1688.1400
1627660780510000,0,0.14742381,1687.3800
1627661142295000,0,0.23616814,1685.2400
1627661391304000,0,1.22040000,1689.2600
1627661501770000,1,0.13701680,1687.1900
1627661587551000,1,0.02456000,1684.6800
1627661587551000,1,1.27908802,1684.5900
1627661587551000,1,0.52142198,1684.5100
1627661673903000,1,0.18000000,1683.7800
1627661673964000,1,0.00218800,1683.7800
1627661713380000,1,0.07000000,1682.0700
1627661716058000,1,0.03000000,1681.4900
1627661716067000,1,0.00910900,1681.4900
1627662021571000,0,0.03600000,1686.9800
1627662240353000,1,0.02485121,1686.2700
1627662240353000,1,0.85734740,1685.9000
1627662279168000,1,0.02480782,1688.1700
1627662279203000,1,1.27680088,1687.8700
1627662279203000,1,0.02544065,1687.7600
1627662279203000,1,0.36620677,1687.5500
1627662279249000,1,3.99000000,1687.5600
1627662509007000,1,0.03600000,1683.4200
1627663553388000,1,0.06599000,1681.1500
1627663553804000,1,0.10000000,1681.1500
1627663719084000,0,2.00000000,1681.3800
1627663719084000,0,0.15621543,1681.4600
1627667438654000,0,0.05192900,1694.7200
1627667438654000,0,0.40000000,1695.1900
1627668055710000,0,0.02355302,1694.0500
1627668599585000,0,1.28002554,1687.3700
1627668599585000,0,0.44196193,1687.3700
1627669086630000,0,0.40000000,1690.0200
1627669086630000,0,0.75620000,1690.1300
1627669089706000,0,0.03600000,1690.1300
1627670092183000,0,0.03110591,1693.8900
1627670840250000,1,0.02600000,1688.8800
1627671478593000,0,1.16000000,1691.3100
1627671478601000,0,0.35000000,1691.3100
1627671513177000,0,1.62000000,1690.4700
1627671513225000,0,0.38000000,1690.4700
1627671858106000,0,0.02351300,1692.6800
1627672204159000,0,0.29363229,1694.3300
1627672784937000,0,0.60000000,1703.4700
1627672792277000,0,1.26790000,1704.3200
1627672842269000,0,0.00003996,1704.3200
1627673882073000,1,0.41680000,1699.8300
1627674803825000,0,0.02416328,1705.2000
1627674803825000,0,0.00501206,1705.2400
1627674926184000,0,0.02300000,1706.6100
1627675453587000,1,1.25957767,1713.2600
1627675595872000,0,0.20000000,1713.3100
1627675595872000,0,0.28760893,1713.3200
1627675595875000,0,0.97303688,1713.3200
1627675653238000,0,0.15436071,1715.6200
1627675745615000,0,1.04688188,1718.7900
1627675745617000,0,0.10702609,1718.7900
1627675745622000,0,0.10305174,1718.7900
1627675790267000,1,1.67000000,1720.4300
1627676116315000,0,0.01156890,1724.4500
1627677535437000,0,1.24902628,1728.6700
1627677535437000,0,2.00000000,1728.6700
1627677535437000,0,2.87160153,1728.8700
1627677692350000,0,1.24907688,1728.1900
1627677692350000,0,0.25092312,1728.1900
1627677800214000,0,0.04020900,1730.8600
1627677805981000,0,0.59999999,1732.0600
1627677805988000,0,0.00000001,1732.0600
1627677822232000,0,0.60000000,1734.5700
1627677825628000,0,1.24427600,1734.8100
1627677825628000,0,0.60000000,1735.0500
1627677825628000,0,1.24456688,1735.1500
1627677825628000,0,0.02427512,1735.3500
1627677825628000,0,1.24426524,1735.5500
1627677825628000,0,0.12878647,1735.6400
1627677895101000,0,0.08623044,1735.3500
1627678124108000,1,0.57000000,1736.5700
1627678125487000,1,0.12000000,1736.0100
1627678133358000,0,0.14090815,1738.4800
1627678133361000,0,0.45909185,1738.4800
1627678133361000,0,0.17185122,1738.5800
1627678134145000,1,0.02577195,1737.8900
1627678135458000,1,2.00000000,1737.3500
1627678135458000,1,0.02000000,1737.2700
1627678202668000,1,0.02500000,1746.4000
1627678226452000,1,2.00000000,1741.7500
1627678283653000,0,0.02500000,1748.7000
1627678285751000,0,0.06250000,1749.5100
1627678286473000,0,0.07595614,1749.5100
1627678286540000,0,0.82310917,1749.5100
1627678286543000,0,0.54877325,1749.5100
1627678286549000,0,2.67000000,1749.5100
1627678286559000,0,5.81966144,1749.5100
1627678287727000,0,0.94000000,1750.9500
1627678290596000,0,0.00932909,1750.9500
1627678290596000,0,0.02067091,1752.9900
1627678300609000,1,1.70185756,1753.9700
1627678300610000,1,0.29814243,1753.9700
1627678300651000,1,4.22880000,1753.9700
1627678300652000,1,0.06250000,1753.9700
1627678300653000,1,0.30870001,1753.9700
1627678327532000,0,0.02516964,1748.9900
1627678327532000,0,0.02483964,1749.0000
1627678327532000,0,0.01826332,1749.0800
1627678328132000,1,0.02479259,1745.1600
1627678330002000,1,0.02576733,1746.5000
1627678330002000,1,0.02409053,1745.6500
1627678330002000,1,0.22309792,1745.6300
1627678330035000,1,0.23900340,1745.6300
1627678330039000,1,1.00258315,1745.6300
1627678330060000,1,0.47697224,1745.6300
1627678330091000,1,0.02530195,1746.3700
1627678330091000,1,0.05834329,1745.6300
1627678377645000,0,0.30000000,1751.3600
1627678377739000,0,0.00746306,1751.3600
1627678393193000,1,0.16774434,1749.0900
1627678400761000,0,0.02505372,1750.7600
1627678400761000,0,0.02558116,1750.9600
1627678400761000,0,0.02522049,1751.5200
1627678400761000,0,0.02494012,1751.5300
1627678400761000,0,0.09524146,1751.6300
1627678433888000,1,1.10000000,1743.4600
1627678440042000,1,0.99000000,1740.4600
1627678527305000,0,1.00000000,1746.2500
1627678626015000,1,0.12100529,1738.4400
1627678626015000,1,4.38469471,1738.4300
1627678816910000,1,0.11795969,1741.9500
1627678816917000,1,0.00000001,1741.9500
1627678839504000,1,0.02437924,1743.3500
1627678944050000,1,0.02455317,1746.7900
1627678957101000,1,0.03300000,1744.7200
1627678957715000,1,0.06250000,1744.7200
1627678957744000,1,0.19036821,1744.7200
1627678974436000,1,0.02477752,1741.7700
1627678977666000,0,0.62000000,1742.3000
1627679198713000,1,0.02483322,1743.0300
1627679347868000,0,10.12000000,1744.1900
1627679347898000,0,0.00077406,1744.1900
1627679391819000,1,0.02541666,1744.1300
1627679391870000,0,0.03600000,1744.1300
1627679392116000,0,15.11000000,1744.1300
1627679392244000,0,0.00974443,1744.1300
1627679415945000,0,0.28582963,1745.7300
1627679433320000,0,11.92000000,1745.7100
1627679433323000,0,0.06000000,1745.7100
1627679433326000,0,3.20116109,1745.7100
1627679749171000,0,0.02545650,1751.4000
1627679749171000,0,0.07179826,1751.7900
1627679833659000,1,0.10000000,1746.6500
1627679833659000,1,2.00000000,1746.6400
1627679833659000,1,0.05621543,1746.6400
1627680414756000,1,1.23400000,1746.5600
1627681153120000,0,0.26505851,1757.0000
1627681154470000,0,1.38008665,1757.0000
1627681158347000,0,0.35485483,1757.0000
1627681158348000,0,0.00000001,1757.0000
1627681479189000,0,0.01750000,1760.8200
1627681479189000,0,0.01250000,1760.8200
1627681491459000,1,0.03000000,1760.6700
1627681509861000,0,0.00749999,1760.8200
1627681509861000,0,0.00000001,1760.8200
1627681515542000,0,0.11000000,1765.0000
1627681790713000,0,1.22000000,1766.9800
1627681955796000,0,0.02584341,1761.4500
1627681959903000,1,0.10458118,1758.4000
1627681959903000,1,0.51221622,1758.3900
1627681959910000,1,1.67987358,1758.3900
1627681959912000,1,0.51157805,1758.3900
1627681959918000,1,1.67987359,1758.3900
1627681959920000,1,0.01645856,1758.3900
1627681975786000,1,1.09538461,1753.1600
1627682019039000,1,0.03600000,1755.2900
1627682144500000,1,0.60000000,1751.6500
1627682595426000,0,0.03600000,1755.5900
1627683314133000,1,0.77677984,1751.9700
1627683314134000,1,0.45342467,1751.9700
1627683388157000,1,0.08316336,1740.0700
1627683388178000,1,0.00000001,1740.0700
1627683402243000,1,0.02472426,1737.0300
1627683539293000,1,1.54760000,1742.3500
1627683539774000,1,0.40084214,1742.3500
1627683539828000,1,0.89291003,1742.3500
1627683539858000,1,0.06250000,1742.3500
1627683539871000,1,1.69358438,1742.3500
1627683539891000,1,0.53658067,1742.3500
1627683540015000,1,1.56598278,1742.3500
1627683760048000,1,4.90000000,1747.8800
1627684019159000,1,1.74967651,1746.3700
1627684019214000,1,0.03600000,1746.3700
1627684019225000,1,2.31432349,1746.3700
1627684029354000,0,0.03600000,1747.8900
1627684323999000,1,0.03600000,1750.9700
1627684324125000,1,7.36400000,1750.9700
1627684328898000,1,6.60000000,1749.9000
1627684478286000,1,0.73000000,1750.7100
1627684478370000,1,3.87000000,1750.7100
1627684714294000,1,5.20000000,1753.6000
1627684845224000,0,0.09000000,1754.3800
1627684845657000,0,0.76000000,1754.3800
1627684845835000,0,0.37937967,1754.3800
1627684912964000,0,0.32000000,1752.8300
1627684913013000,0,0.52000000,1752.8300
1627684913169000,0,0.33000000,1752.8300
1627684913377000,0,0.06000000,1752.8300
1627684915637000,0,0.39000000,1753.5700
1627684922325000,0,1.23000000,1753.1600
1627684990264000,1,6.00000000,1753.5300
1627685000686000,1,1.23006528,1753.4400
1627685002003000,1,1.23006528,1753.4400
1627685303581000,1,0.29000000,1754.5800
1627685303960000,1,0.07000000,1754.5800
1627685304716000,1,4.54000000,1754.5800
1627685322969000,0,0.04900000,1755.4100
1627685349035000,0,1.20446327,1755.2100
1627685361212000,0,1.20467260,1754.9600
1627685394367000,1,0.16660000,1753.8300
1627685394840000,1,2.24910000,1753.8300
1627685394983000,1,1.88430000,1753.8300
1627685395474000,1,0.40000000,1753.6900
1627685668185000,0,1.23030629,1753.3500
1627685668185000,0,2.00000000,1753.3500
1627685668185000,0,2.45915522,1753.5300
1627685741180000,0,1.23000000,1753.7400
1627685762327000,0,0.00001079,1753.7400
1627685793316000,0,0.00100000,1755.4100
1627686109972000,0,1.22985769,1754.4500
1627686303677000,0,1.20344602,1756.8600
1627686707384000,0,0.09537513,1758.3200
1627686806935000,0,0.02258848,1761.9600
1627687066502000,0,0.03600000,1755.3700
1627687066866000,0,1.69618562,1755.3700
1627687066872000,0,0.36781437,1755.3700
1627687069933000,0,0.00000001,1755.3700
1627687072521000,1,7.10000000,1755.2700
1627687366298000,1,2.20000000,1758.5800
1627687549439000,1,0.90000000,1747.5700
1627687549558000,1,0.03600000,1747.1100
1627687793497000,0,1.23378914,1748.8000
1627687793497000,0,1.10621086,1748.8500
1627687841953000,0,0.86000000,1747.8800
1627688080980000,0,0.03600000,1754.0300
1627688081592000,1,0.06000000,1754.0500
1627688186335000,0,1.22000000,1756.3000
1627688235423000,0,0.40000000,1756.7700
1627688695288000,0,0.92151861,1755.2700
1627688695290000,0,0.30729583,1755.2700
1627688695290000,0,1.22923422,1755.5600
1627688695304000,0,1.22873281,1755.6500
1627688696076000,0,0.12030000,1759.3000
1627688696873000,0,0.02486997,1758.4300
1627688696873000,0,0.02561431,1759.0000
1627688696981000,0,4.47970000,1759.3000
1627688698470000,0,0.06250000,1763.1000
1627688698817000,0,20.35933211,1763.3200
1627688699312000,0,11.78066789,1763.3200
1627688711147000,0,0.04199999,1771.0000
1627688711162000,0,0.00000001,1771.0000
1627688712105000,1,0.04200000,1771.2900
1627688720585000,1,7.40000000,1771.7700
1627688735209000,1,7.40000000,1768.4400
1627688741539000,1,0.02472358,1766.0200
1627688741567000,1,0.02472358,1766.0200
1627688777588000,1,1.19494977,1760.2600
1627688777732000,1,0.06250000,1760.1400
1627688782489000,1,0.22238776,1760.1400
1627689068052000,1,7.30000000,1768.0500
1627689210927000,0,1.22000000,1766.4300
1627689292972000,0,18.06625384,1775.0000
1627689293777000,0,0.06250000,1775.9600
1627689294386000,0,1.70991927,1775.9600
1627689294388000,0,0.20332841,1775.9600
1627689294389000,0,1.70991927,1775.9600
1627689294390000,0,0.12207491,1775.9600
1627689294391000,0,1.02254688,1775.9600
1627689294435000,0,1.71013273,1775.9600
1627689294438000,0,1.71013274,1775.9600
1627689294531000,0,1.70994883,1775.9600
1627689294538000,0,0.20919051,1775.9600
1627689294809000,0,0.06250000,1775.9600
1627689296637000,0,0.39132153,1775.9600
1627689296654000,0,0.72696428,1775.9600
1627689364623000,0,0.35000000,1773.8300
1627689365401000,0,0.86000000,1773.8300
1627689369134000,0,1.02000000,1773.5000
1627689369472000,0,0.19000000,1773.5000
1627689375266000,0,1.21000000,1772.2900
1627689375314000,0,0.00641995,1772.2900
1627689377340000,0,1.21000000,1771.9400
1627689378835000,0,1.21641995,1772.2900
1627689388970000,1,0.03600000,1770.3600
1627689389117000,0,1.21000000,1771.0700
1627689389222000,0,0.00689202,1771.0700
1627689390140000,0,1.21689202,1771.0700
1627689390140000,0,0.02310798,1771.3900
1627689390187000,0,1.19378404,1771.3900
1627689390272000,0,1.21706144,1771.4600
1627689393109000,0,1.21000000,1771.9500
1627689395677000,0,1.21711982,1770.8800
1627689395677000,0,1.21288018,1771.0800
1627689396446000,0,0.00423964,1771.0800
1627689396446000,0,1.21576036,1771.3900
1627689397231000,0,1.21711982,1771.0800
1627689398215000,0,0.00659378,1771.9500
1627689398396000,0,1.21671341,1772.3700
1627689398396000,0,1.21328659,1772.4200
1627689404561000,0,0.36000000,1772.6700
1627689404573000,0,0.85610296,1772.6700
1627689409283000,0,1.21000000,1772.0900
1627689409330000,0,0.00637014,1772.0900
1627689410737000,0,1.21000000,1772.0900
1627689412973000,0,0.00637014,1772.0900
1627689413092000,0,1.21000000,1772.3100
1627689414390000,0,1.21637014,1772.0900
1627689414390000,0,0.00362986,1772.3100
1627689415073000,0,0.00266200,1772.3100
1627689415073000,0,1.20733800,1772.7300
1627689417482000,0,1.21000000,1772.2100
1627689420700000,0,0.61000000,1771.6700
1627689421690000,0,1.21670904,1771.9700
1627689421690000,0,0.00329096,1772.2100
1627689422829000,0,1.21646304,1771.7100
1627689425259000,0,0.75000000,1771.5100
1627689431562000,0,0.04000000,1771.5100
1627689431948000,0,0.19000000,1771.5100
1627689432492000,0,0.23656720,1771.5100
1627689432492000,0,1.21343280,1771.5200
1627689432744000,0,0.00367652,1771.5200
1627689434309000,0,1.21000000,1771.5100
1627689435559000,0,0.00656720,1771.5100
1627689435598000,0,1.21666795,1771.8100
1627689436027000,0,1.21664737,1772.1400
1627689436641000,1,0.06250000,1771.7200
1627689436647000,1,1.70770906,1771.7200
1627689436647000,1,1.06504073,1771.7200
1627689436729000,1,1.04049055,1771.7200
1627689436734000,1,1.21658828,1771.7200
1627689436738000,1,1.10767138,1771.7200
1627689453410000,0,1.21708552,1771.4000
1627689453410000,0,1.21291448,1771.4100
1627689453432000,0,0.00417104,1771.4100
1627689453597000,0,1.21708552,1771.4000
1627689453597000,0,1.21708552,1771.5600
1627689459792000,0,1.21000000,1771.6300
1627689459984000,0,0.00660029,1771.6300
1627689460309000,0,1.21000000,1771.6300
1627689467278000,0,0.00660029,1771.6300
1627689467278000,0,1.21339971,1771.8000
1627689467286000,0,0.00335683,1771.8000
1627689484037000,0,0.03600000,1774.8900
1627689497035000,1,5.70000000,1772.7100
1627689505856000,0,1.21000000,1772.3900
1627689514929000,0,1.19253416,1772.1200
1627689514945000,0,0.02433743,1772.1200
1627689542821000,0,1.21568997,1773.8800
1627689542821000,0,1.21690108,1774.1900
1627689542821000,0,0.06752455,1774.2900
1627689554506000,0,1.89000000,1775.9600
1627689555166000,0,3.24000000,1775.9600
1627689557658000,0,0.02529753,1774.9800
1627689583859000,0,0.07000000,1769.4000
1627689583873000,0,2.62000000,1769.4000
