timestamp ms,type,amount,price
1627603522016000,0,0.41000000,1706.1700
1627603729947000,1,0.03848000,1701.8700
1627603938046000,0,0.02485756,1702.4700
1627603988739000,0,1.26372502,1701.0700
1627604205048000,0,0.08000000,1710.2500
1627604731001000,0,1.25100000,1719.4700
1627604886366000,1,0.88000000,1715.3900
1627605585333000,0,0.02668945,1723.1500
1627605586219000,0,1.93010000,1725.0000
1627605586470000,0,0.30000000,1725.0000
1627605586473000,0,33.58290000,1725.0000
1627605589509000,1,0.02956491,1723.2600
1627605966424000,1,0.07000000,1711.5600
1627606095027000,1,0.05117299,1708.6600
1627606095675000,1,0.00000001,1708.6600
1627606533154000,1,1.25418083,1713.6600
1627606533154000,1,0.02441701,1713.4900
1627606533154000,1,0.39109901,1713.4700
1627606614391000,1,1.25408442,1713.9500
1627606614391000,1,0.41413345,1713.8700
1627606614393000,1,0.18586655,1713.8700
1627606614393000,1,1.08001859,1713.7700
1627607401781000,0,5.00000000,1720.6600
1627607575579000,0,5.00000000,1720.0500
1627607644942000,1,0.06000000,1724.6200
1627608337498000,0,0.01444712,1721.4500
1627608647957000,0,1.09573967,1720.2900
1627608942757000,0,1.09570000,1727.4800
1627609458337000,0,1.23000000,1736.1300
1627609458345000,0,0.00954643,1736.1300
1627609475785000,0,1.08000000,1735.7800
1627609478654000,0,0.15000000,1735.7800
1627609478671000,0,0.00964465,1735.7800
1627609552283000,0,0.98000000,1741.3600
1627609650841000,1,0.50765369,1746.7200
1627609650846000,1,0.28836811,1746.7200
1627609714675000,1,0.02575216,1747.8900
1627609723101000,1,0.06250000,1744.7700
1627609861507000,1,0.11000000,1743.9500
1627610230062000,0,2.40000000,1749.6200
1627610230214000,0,2.60000000,1749.6200
1627610373862000,1,0.55000000,1745.4000
1627610373989000,1,0.00340896,1745.4000
1627610478145000,0,0.02500000,1751.4900
1627610491497000,1,0.02570616,1751.9900
1627610491497000,1,0.50000000,1751.2600
1627610491497000,1,1.22666043,1751.1600
1627610491497000,1,0.24763341,1751.0200
1627610587422000,0,0.06000000,1748.2200
1627610618298000,0,2.63000000,1752.5700
1627610623632000,0,0.37000000,1752.5700
1627610887136000,0,2.94000000,1752.3100
1627611029204000,0,0.06000000,1752.3100
1627611475698000,1,0.03600000,1745.0000
1627611475705000,1,0.03400000,1745.0000
1627611584666000,1,0.24000000,1740.8300
1627612748757000,1,0.17000000,1738.0000
1627614235683000,0,1.23000000,1738.7600
1627614942844000,1,0.06000000,1747.0500
1627615388522000,0,0.73873460,1744.2800
1627615544952000,1,0.36954218,1743.2800
1627615930704000,1,1.23375525,1741.7300
1627615930704000,1,0.41276359,1741.5300
1627615930705000,1,0.82081901,1741.5300
1627615930705000,1,0.82569983,1741.3800
1627615930932000,1,4.37430017,1741.3800
1627616158933000,1,1.23000000,1736.7700
1627616158960000,1,0.00591008,1736.7700
1627616158974000,1,1.23687362,1736.5300
1627616335130000,1,1.23891092,1734.1600
1627616335767000,1,1.03000000,1733.6100
1627616336414000,1,5.87000000,1733.6100
1627616337074000,1,0.30000000,1733.6100
1627617427045000,1,1.23859296,1736.0200
1627617427045000,1,0.76140704,1735.8100
1627617672537000,0,0.19955508,1739.6700
1627617684005000,1,0.02535354,1737.1500
1627617684005000,1,0.60000000,1736.9700
1627617684005000,1,2.29464256,1736.8700
1627618296847000,1,1.02687703,1735.4700
1627619706066000,0,0.03600000,1739.5600
1627619706204000,0,0.06250000,1739.5600
1627619798009000,0,0.02492520,1738.8500
1627619798009000,0,0.04846126,1738.8900
1627619803350000,1,0.03600000,1737.3600
1627620217491000,0,0.04723070,1731.5800
1627620267548000,0,0.12348000,1732.5200
1627620267657000,0,1.87652000,1732.5200
1627620320399000,0,0.69000000,1732.9000
1627620574766000,0,0.02486800,1735.5700
1627620574766000,0,0.19352135,1735.8800
1627620741606000,1,0.06250000,1729.8500
1627620804855000,1,0.06250000,1725.4800
1627620812728000,1,0.04660924,1725.4800
1627620818727000,1,0.10000000,1724.9600
1627621142207000,1,0.02516398,1730.1900
1627621142207000,1,1.24240043,1730.0900
1627621142207000,1,1.24243209,1729.9000
1627621142207000,1,0.02556078,1729.8300
1627621142207000,1,3.61119026,1729.7900
1627622266208000,1,1.24523039,1726.9700
1627622266208000,1,0.86419272,1726.9300
1627622292064000,1,0.13735800,1725.8700
1627622292064000,1,0.02810361,1725.8600
1627622979224000,0,0.03600000,1724.8300
1627622980329000,0,0.95173983,1724.8300
1627623280990000,1,1.24607867,1726.1800
1627623280990000,1,0.02478514,1726.0600
1627623280990000,1,0.37957535,1726.0000
1627623281026000,1,0.86661810,1726.0000
1627623281027000,1,0.02558375,1725.7100
1627623281027000,1,1.24642479,1725.7000
1627623364069000,0,2.16640000,1726.0000
1627623374278000,0,0.06250000,1726.0000
1627623374282000,0,0.37110000,1726.0000
1627623598106000,0,0.35473491,1731.5000
1627623598122000,0,0.35473491,1731.5000
1627623604203000,0,1.25000000,1731.5000
1627623604254000,0,1.85000000,1731.5000
1627623604844000,0,0.92000000,1731.5000
1627623604883000,0,0.00873851,1731.5000
1627623870747000,0,0.70000000,1730.3700
1627623870808000,0,1.30000000,1730.3700
1627623890752000,1,0.03600000,1728.7000
1627623957182000,0,0.21952000,1727.4100
1627624260057000,1,0.23722769,1725.5900
1627625459838000,1,0.94766778,1719.4700
1627625459888000,1,0.33413469,1719.4700
1627625462644000,0,0.06000000,1717.1300
1627625476837000,1,0.06250000,1715.3700
1627625479642000,0,0.06220500,1716.3100
1627625513457000,1,0.10000000,1716.4700
1627625513522000,1,0.00787200,1716.4700
1627625990170000,0,1.90000000,1715.4200
1627625990479000,0,0.03600000,1715.5100
1627628269747000,0,0.50000000,1728.3700
1627628270065000,1,0.06000000,1728.4700
1627628270103000,1,0.00250000,1728.4700
1627629622048000,1,3.95000000,1721.9400
1627629689934000,1,0.00816163,1721.9400
1627630187652000,1,0.02597607,1722.3000
1627630187652000,1,0.30000000,1722.2000
1627630187652000,1,0.60000000,1722.1000
1627630187652000,1,2.00000000,1722.1000
1627630187652000,1,0.02464256,1721.9100
1627630187652000,1,1.24681326,1721.8200
1627630187652000,1,0.34299132,1721.6400
1627630719443000,1,1.24720000,1721.6400
1627630973705000,1,5.29000000,1717.2800
1627630973747000,1,0.00494316,1717.2800
1627631927442000,1,0.01715000,1721.0100
1627631927630000,1,0.00035000,1721.0100
1627632148363000,1,0.06250000,1720.1400
1627632148411000,1,0.03400000,1720.1400
1627632235103000,1,0.21255514,1720.1400
1627632235783000,1,2.66000000,1720.1400
1627632239576000,1,0.00324520,1720.1400
1627632518404000,1,0.09800000,1715.9800
1627632519008000,1,0.01635620,1715.9800
1627632520397000,1,1.96000000,1715.9800
1627632520985000,1,0.03920000,1715.9800
1627632521868000,1,0.11652481,1715.9800
1627632522400000,1,0.00237806,1715.9800
1627632690432000,1,0.46000000,1716.9600
1627632690570000,1,2.21728864,1716.9600
1627632928318000,0,1.44813072,1717.7800
1627632957381000,1,1.83000000,1716.7100
1627632957405000,1,0.18622872,1716.7100
1627633013410000,1,0.19955508,1715.6800
1627633473912000,0,2.00000000,1717.7400
1627633473912000,0,0.01433958,1717.8200
1627634433990000,0,0.02322328,1708.0500
1627634433990000,0,0.01770172,1708.3800
1627634464418000,1,1.15008557,1704.8200
1627634464419000,1,0.09485137,1704.8200
1627634464422000,1,1.65280902,1704.8200
1627634464457000,1,1.65280903,1704.8200
1627634464461000,1,1.34944501,1704.8200
1627634480300000,1,0.06250000,1700.0200
1627634481440000,1,1.93750000,1700.0200
1627634485497000,0,0.01424166,1700.6900
1627634489517000,1,0.02455334,1690.4200
1627634491109000,1,0.05145299,1690.7000
1627634491372000,1,0.01104701,1690.7000
1627634491635000,1,0.08831360,1690.0000
1627634496151000,1,0.06250000,1687.1100
1627634499707000,0,0.02500000,1689.0600
1627634499729000,0,0.02461655,1688.6200
1627634503346000,0,1.27210028,1692.3400
1627634503346000,0,0.38181074,1692.7000
1627634503353000,0,1.65391102,1692.3300
1627634503353000,0,1.12117382,1692.3300
1627634509245000,1,0.02500000,1689.0600
1627634647322000,0,0.03600000,1690.1200
1627634704982000,1,40.32000000,1689.2500
1627634710187000,1,0.02597240,1690.4800
1627634710187000,1,0.02402760,1690.2200
1627634716475000,1,0.02496241,1690.6000
1627634716475000,1,0.02434922,1690.2100
1627634716475000,1,0.01828913,1690.0700
1627634724164000,1,0.02701800,1690.1800
1627634737490000,1,0.02026400,1689.8100
1627634743639000,1,0.14000000,1689.2500
1627634744958000,1,4.11000000,1689.2500
1627634745645000,1,0.03600000,1689.2500
1627634746317000,1,7.91000000,1689.2500
1627634748116000,1,0.00861151,1689.2500
1627634786349000,1,0.01519800,1686.7900
1627634806303000,0,0.02432333,1686.4300
1627634832446000,0,0.00000001,1686.4300
1627634832446000,0,0.02399999,1688.1500
1627634832457000,0,0.00034072,1688.1500
1627635002930000,0,1.15083400,1687.9000
1627635063109000,1,0.02300000,1683.0200
1627635069593000,1,1.00000000,1680.0000
1627635070554000,1,0.02549448,1676.0500
1627635070554000,1,0.29098846,1675.6400
1627635091955000,0,0.02588536,1678.5800
1627635095412000,0,0.03500000,1679.1700
1627635102861000,1,0.02433895,1676.9900
1627635104666000,1,0.02560874,1677.8400
1627635104666000,1,0.50000000,1677.4600
1627635104666000,1,0.02537970,1677.4500
1627635114253000,0,0.02418858,1679.5000
1627635122020000,1,0.02597076,1677.5800
1627635122020000,1,0.47109613,1676.7500
1627635220132000,0,2.34370000,1678.8500
1627635382873000,0,0.18362252,1682.0000
1627635382960000,0,0.81637748,1682.0000
1627635383017000,1,0.06250000,1682.0900
1627635421400000,1,0.02486047,1682.4100
1627635570190000,0,0.02480861,1683.3200
1627635603011000,1,0.03600000,1681.0700
1627635623748000,0,0.02557983,1682.0000
1627635682340000,1,0.15000000,1682.6900
1627635871881000,1,1.38831299,1677.8400
1627635985923000,1,0.60000000,1677.7400
1627636062950000,1,0.05000000,1673.4300
1627636063014000,1,0.00241063,1673.4300
1627636074417000,1,0.06250000,1669.8900
1627636083471000,1,0.02604883,1671.8600
1627636839644000,1,1.28349105,1672.0600
1627636839644000,1,4.56236709,1671.9300
1627636839644000,1,0.02569361,1671.9200
1627637085159000,1,1.28630908,1666.0900
1627637085159000,1,0.13271285,1665.7000
1627637201482000,0,0.01971588,1669.7200
1627637256519000,0,0.47710000,1665.8800
1627637274282000,1,3.00000000,1660.0000
1627637274347000,1,0.00543975,1660.0000
1627637367421000,1,0.05000000,1658.0000
1627637469297000,0,0.03600000,1666.1900
1627637552863000,0,0.02500186,1663.8000
1627637552863000,0,0.57447894,1664.1200
1627637625816000,0,0.06000000,1666.3300
1627637907225000,0,0.05000000,1666.2800
1627637918079000,0,0.31503849,1666.5900
1627638048273000,1,0.34659495,1661.6700
1627638185591000,0,0.10000000,1664.5300
1627638193724000,0,0.00002453,1664.5300
1627638242452000,0,0.05971277,1666.3100
1627638391594000,0,0.05731147,1672.4400
1627638699850000,0,0.05000000,1675.3100
1627638699909000,0,0.00001227,1675.3100
1627639037478000,1,0.04267080,1677.6300
1627639128872000,0,0.05917934,1681.3300
1627639403953000,1,0.03600000,1675.2800
1627639542290000,0,0.01200000,1677.9000
1627640204531000,0,2.00000000,1671.1300
1627640204531000,0,0.50949731,1671.6000
1627640204531000,0,5.60000000,1671.6100
1627640204531000,0,0.60000000,1671.6200
1627640204531000,0,4.52169485,1671.7100
1627640204531000,0,1.28689896,1671.8700
1627640204531000,0,1.27362132,1671.9900
1627640204531000,0,0.02598336,1672.0000
1627640204531000,0,2.08847044,1672.4200
1627640420733000,0,0.06250000,1673.6500
1627640492266000,1,0.02487156,1673.4600
1627640492266000,1,0.03712844,1673.1200
1627640785700000,0,1.26960000,1676.8800
1627640785720000,0,0.00005156,1676.8800
1627641714633000,0,0.03600000,1680.9400
1627642282291000,0,1.27163542,1688.9700
1627642333653000,0,0.10091096,1688.3200
1627642594993000,0,0.72000000,1686.3000
1627642595024000,0,0.00387000,1686.3000
1627643458272000,0,0.34000000,1683.2800
1627643462093000,0,1.02000000,1683.2800
1627643462202000,0,0.13000000,1683.2800
1627643524714000,0,0.44000000,1683.8100
1627643524734000,0,1.29000000,1683.8100
1627643601168000,0,2.00000000,1682.7100
1627643617588000,0,0.48000000,1683.8100
1627643617603000,0,0.40000000,1683.8100
1627643627551000,0,0.84000000,1683.1300
1627643641856000,0,0.14772585,1683.9300
1627643644999000,0,0.39000000,1683.8100
1627643962329000,1,0.09000000,1681.3000
1627644438468000,1,0.16000000,1681.7700
1627644438517000,1,0.00856497,1681.7700
1627644571134000,1,0.13000000,1681.5400
1627645046421000,0,1.27440625,1686.6200
1627645046421000,0,0.60000000,1686.7400
1627645046421000,0,0.02598453,1686.8100
1627645046421000,0,1.27434643,1686.8400
1627645046421000,0,0.50512650,1687.0800
1627645046421000,0,1.27430597,1687.0900
1627645046421000,0,0.02437211,1687.1700
1627645046421000,0,0.41000000,1687.2800
1627645046421000,0,1.26271145,1687.3500
1627645046421000,0,1.27410164,1687.3600
1627645046421000,0,0.02515344,1687.5600
1627645046421000,0,1.21648515,1687.7500
1627645278633000,1,0.05000000,1681.0900
1627645278654000,1,0.00021181,1681.0900
1627646024661000,1,2.97000000,1675.5000
1627646024693000,1,0.00674723,1675.5000
1627646595723000,0,1.28270000,1676.7800
1627646604483000,1,1.08000000,1676.5300
1627646609685000,1,0.59000000,1675.8200
1627646634930000,1,0.02465879,1677.1100
1627646839579000,0,1.28060000,1679.0600
1627648359374000,0,0.14879884,1671.7200
1627649594286000,1,0.03600000,1675.0800
1627649673377000,1,0.50000000,1674.9100
1627649673377000,1,1.24245800,1674.9000
1627650049507000,0,1.28444145,1676.2100
1627650049511000,0,0.00000001,1676.2100
1627650049512000,0,0.41000000,1676.5100
1627650049512000,0,0.91065522,1676.6400
1627650049512000,0,0.37375394,1676.6400
1627650153140000,0,0.11864305,1677.3000
1627650297950000,0,0.05000000,1677.0100
1627650603999000,1,0.02472861,1670.5900
1627650604001000,1,0.00000001,1670.5900
1627650619036000,1,0.75318827,1669.3500
1627650679663000,0,1.28860000,1670.4500
1627651176201000,0,1.28370000,1676.8400
1627652274142000,0,0.70616219,1683.3900
1627652422870000,0,1.27800000,1684.2600
1627652422871000,0,0.00006295,1684.2600
1627652921733000,1,2.00000000,1680.3900
1627652935636000,1,0.70000000,1680.3300
1627652935792000,1,0.75000000,1680.3300
1627654131465000,0,0.06250000,1684.3600
1627654143738000,0,0.03600000,1684.3600
1627654649351000,0,0.02400819,1687.1300
1627654649351000,0,0.41995835,1687.5000
1627654667909000,0,0.14740986,1686.5900
1627654761659000,1,1.27580000,1685.8200
1627654761821000,1,0.03600000,1685.4400
1627654783072000,1,0.30250833,1684.6200
1627654783072000,1,0.97459167,1684.5700
1627654820740000,0,0.02539560,1685.2400
1627654820814000,1,0.06250000,1685.4100
1627654820815000,1,0.02598544,1685.4100
1627655482726000,1,1.22000000,1685.0800
1627655482753000,1,0.00633940,1685.0800
1627657469922000,1,0.02513349,1679.3900
1627657469922000,1,0.02436574,1679.0400
1627657469922000,1,1.28418105,1678.7500
1627657469922000,1,4.82127370,1678.6200
1627657469922000,1,2.00000000,1678.6000
1627657469922000,1,0.02515691,1678.5900
1627657469922000,1,1.28411586,1678.3800
1627657469922000,1,0.13914744,1678.2900
1627657469922000,1,7.30000000,1678.2200
1627657469922000,1,0.34779818,1677.8700
1627657469922000,1,0.02162830,1677.8600
1627657469922000,1,0.91471244,1677.2600
1627657469922000,1,1.28484517,1677.2500
1627657469922000,1,0.41000000,1676.9500
1627657469922000,1,1.11764172,1675.6900
1627657607578000,1,1.28300000,1679.5000
1627657914338000,1,1.28486440,1677.0500
1627657914338000,1,0.38247931,1676.8300
1627657914338000,1,0.90144345,1676.8300
1627657914338000,1,0.02499291,1676.7600
1627657914338000,1,0.74090736,1676.6400
1627657914339000,1,0.54387006,1676.6400
1627657914339000,1,0.12351302,1676.4100
1627657914339000,1,0.02602371,1676.4000
1627657914339000,1,0.30878623,1676.1700
1627657914339000,1,0.41000000,1676.1600
1627658427197000,1,0.14000000,1679.9800
1627659113503000,0,0.01777482,1683.2800
1627660498181000,0,2.00000000,1686.0000
1627660498181000,0,1.27947152,1686.1900
1627660498181000,0,1.27928750,1686.3800
1627660498181000,0,0.02580534,1686.4000
1627660498223000,1,0.02589763,1686.4500
1627660498236000,1,0.06250000,1686.4500
1627660498299000,1,1.27958023,1686.4500
1627660637201000,1,0.02432314,1688.4300
1627660637201000,1,0.05270686,1688.1400
1627660780510000,0,0.14742381,1687.3800
1627661142295000,0,0.23616814,1685.2400
1627661391304000,0,1.22040000,1689.2600
1627661501770000,1,0.13701680,1687.1900
1627661587551000,1,0.02456000,1684.6800
1627661587551000,1,1.27908802,1684.5900
1627661587551000,1,0.52142198,1684.5100
1627661673903000,1,0.18000000,1683.7800
1627661673964000,1,0.00218800,1683.7800
1627661713380000,1,0.07000000,1682.0700
1627661716058000,1,0.03000000,1681.4900
1627661716067000,1,0.00910900,1681.4900
1627662021571000,0,0.03600000,1686.9800
1627662240353000,1,0.02485121,1686.2700
1627662240353000,1,0.85734740,1685.9000
1627662279168000,1,0.02480782,1688.1700
1627662279203000,1,1.27680088,1687.8700
1627662279203000,1,0.02544065,1687.7600
1627662279203000,1,0.36620677,1687.5500
1627662279249000,1,3.99000000,1687.5600
1627662509007000,1,0.03600000,1683.4200
1627663553388000,1,0.06599000,1681.1500
1627663553804000,1,0.10000000,1681.1500
1627663719084000,0,2.00000000,1681.3800
1627663719084000,0,0.15621543,1681.4600
1627667438654000,0,0.05192900,1694.7200
1627667438654000,0,0.40000000,1695.1900
1627668055710000,0,0.02355302,1694.0500
1627668599585000,0,1.28002554,1687.3700
1627668599585000,0,0.44196193,1687.3700
1627669086630000,0,0.40000000,1690.0200
1627669086630000,0,0.75620000,1690.1300
1627669089706000,0,0.03600000,1690.1300
1627670092183000,0,0.03110591,1693.8900
1627670840250000,1,0.02600000,1688.8800
1627671478593000,0,1.16000000,1691.3100
1627671478601000,0,0.35000000,1691.3100
1627671513177000,0,1.62000000,1690.4700
1627671513225000,0,0.38000000,1690.4700
1627671858106000,0,0.02351300,1692.6800
1627672204159000,0,0.29363229,1694.3300
1627672784937000,0,0.60000000,1703.4700
1627672792277000,0,1.26790000,1704.3200
1627672842269000,0,0.00003996,1704.3200
1627673882073000,1,0.41680000,1699.8300
1627674803825000,0,0.02416328,1705.2000
1627674803825000,0,0.00501206,1705.2400
1627674926184000,0,0.02300000,1706.6100
1627675453587000,1,1.25957767,1713.2600
1627675595872000,0,0.20000000,1713.3100
1627675595872000,0,0.28760893,1713.3200
1627675595875000,0,0.97303688,1713.3200
1627675653238000,0,0.15436071,1715.6200
1627675745615000,0,1.04688188,1718.7900
1627675745617000,0,0.10702609,1718.7900
1627675745622000,0,0.10305174,1718.7900
1627675790267000,1,1.67000000,1720.4300
1627676116315000,0,0.01156890,1724.4500
1627677535437000,0,1.24902628,1728.6700
1627677535437000,0,2.00000000,1728.6700
1627677535437000,0,2.87160153,1728.8700
1627677692350000,0,1.24907688,1728.1900
1627677692350000,0,0.25092312,1728.1900
1627677800214000,0,0.04020900,1730.8600
1627677805981000,0,0.59999999,1732.0600
1627677805988000,0,0.00000001,1732.0600
1627677822232000,0,0.60000000,1734.5700
1627677825628000,0,1.24427600,1734.8100
1627677825628000,0,0.60000000,1735.0500
1627677825628000,0,1.24456688,1735.1500
1627677825628000,0,0.02427512,1735.3500
1627677825628000,0,1.24426524,1735.5500
1627677825628000,0,0.12878647,1735.6400
1627677895101000,0,0.08623044,1735.3500
1627678124108000,1,0.57000000,1736.5700
1627678125487000,1,0.12000000,1736.0100
1627678133358000,0,0.14090815,1738.4800
1627678133361000,0,0.45909185,1738.4800
1627678133361000,0,0.17185122,1738.5800
1627678134145000,1,0.02577195,1737.8900
1627678135458000,1,2.00000000,1737.3500
1627678135458000,1,0.02000000,1737.2700
1627678202668000,1,0.02500000,1746.4000
1627678226452000,1,2.00000000,1741.7500
1627678283653000,0,0.02500000,1748.7000
1627678285751000,0,0.06250000,1749.5100
1627678286473000,0,0.07595614,1749.5100
1627678286540000,0,0.82310917,1749.5100
1627678286543000,0,0.54877325,1749.5100
1627678286549000,0,2.67000000,1749.5100
1627678286559000,0,5.81966144,1749.5100
1627678287727000,0,0.94000000,1750.9500
1627678290596000,0,0.00932909,1750.9500
1627678290596000,0,0.02067091,1752.9900
1627678300609000,1,1.70185756,1753.9700
1627678300610000,1,0.29814243,1753.9700
1627678300651000,1,4.22880000,1753.9700
1627678300652000,1,0.06250000,1753.9700
1627678300653000,1,0.30870001,1753.9700
1627678327532000,0,0.02516964,1748.9900
1627678327532000,0,0.02483964,1749.0000
1627678327532000,0,0.01826332,1749.0800
1627678328132000,1,0.02479259,1745.1600
1627678330002000,1,0.02576733,1746.5000
1627678330002000,1,0.02409053,1745.6500
1627678330002000,1,0.22309792,1745.6300
1627678330035000,1,0.23900340,1745.6300
1627678330039000,1,1.00258315,1745.6300
1627678330060000,1,0.47697224,1745.6300
1627678330091000,1,0.02530195,1746.3700
1627678330091000,1,0.05834329,1745.6300
1627678377645000,0,0.30000000,1751.3600
1627678377739000,0,0.00746306,1751.3600
1627678393193000,1,0.16774434,1749.0900
1627678400761000,0,0.02505372,1750.7600
1627678400761000,0,0.02558116,1750.9600
1627678400761000,0,0.02522049,1751.5200
1627678400761000,0,0.02494012,1751.5300
1627678400761000,0,0.09524146,1751.6300
1627678433888000,1,1.10000000,1743.4600
1627678440042000,1,0.99000000,1740.4600
1627678527305000,0,1.00000000,1746.2500
1627678626015000,1,0.12100529,1738.4400
1627678626015000,1,4.38469471,1738.4300
1627678816910000,1,0.11795969,1741.9500
1627678816917000,1,0.00000001,1741.9500
1627678839504000,1,0.02437924,1743.3500
1627678944050000,1,0.02455317,1746.7900
1627678957101000,1,0.03300000,1744.7200
1627678957715000,1,0.06250000,1744.7200
1627678957744000,1,0.19036821,1744.7200
1627678974436000,1,0.02477752,1741.7700
1627678977666000,0,0.62000000,1742.3000
1627679198713000,1,0.02483322,1743.0300
1627679347868000,0,10.12000000,1744.1900
1627679347898000,0,0.00077406,1744.1900
1627679391819000,1,0.02541666,1744.1300
1627679391870000,0,0.03600000,1744.1300
1627679392116000,0,15.11000000,1744.1300
1627679392244000,0,0.00974443,1744.1300
1627679415945000,0,0.28582963,1745.7300
1627679433320000,0,11.92000000,1745.7100
1627679433323000,0,0.06000000,1745.7100
1627679433326000,0,3.20116109,1745.7100
1627679749171000,0,0.02545650,1751.4000
1627679749171000,0,0.07179826,1751.7900
1627679833659000,1,0.10000000,1746.6500
1627679833659000,1,2.00000000,1746.6400
1627679833659000,1,0.05621543,1746.6400
1627680414756000,1,1.23400000,1746.5600
1627681153120000,0,0.26505851,1757.0000
1627681154470000,0,1.38008665,1757.0000
1627681158347000,0,0.35485483,1757.0000
1627681158348000,0,0.00000001,1757.0000
1627681479189000,0,0.01750000,1760.8200
1627681479189000,0,0.01250000,1760.8200
1627681491459000,1,0.03000000,1760.6700
1627681509861000,0,0.00749999,1760.8200
1627681509861000,0,0.00000001,1760.8200
1627681515542000,0,0.11000000,1765.0000
1627681790713000,0,1.22000000,1766.9800
1627681955796000,0,0.02584341,1761.4500
1627681959903000,1,0.10458118,1758.4000
1627681959903000,1,0.51221622,1758.3900
1627681959910000,1,1.67987358,1758.3900
1627681959912000,1,0.51157805,1758.3900
1627681959918000,1,1.67987359,1758.3900
1627681959920000,1,0.01645856,1758.3900
1627681975786000,1,1.09538461,1753.1600
1627682019039000,1,0.03600000,1755.2900
1627682144500000,1,0.60000000,1751.6500
1627682595426000,0,0.03600000,1755.5900
1627683314133000,1,0.77677984,1751.9700
1627683314134000,1,0.45342467,1751.9700
1627683388157000,1,0.08316336,1740.0700
1627683388178000,1,0.00000001,1740.0700
1627683402243000,1,0.02472426,1737.0300
1627683539293000,1,1.54760000,1742.3500
1627683539774000,1,0.40084214,1742.3500
1627683539828000,1,0.89291003,1742.3500
1627683539858000,1,0.06250000,1742.3500
1627683539871000,1,1.69358438,1742.3500
1627683539891000,1,0.53658067,1742.3500
1627683540015000,1,1.56598278,1742.3500
1627683760048000,1,4.90000000,1747.8800
1627684019159000,1,1.74967651,1746.3700
1627684019214000,1,0.03600000,1746.3700
1627684019225000,1,2.31432349,1746.3700
1627684029354000,0,0.03600000,1747.8900
1627684323999000,1,0.03600000,1750.9700
1627684324125000,1,7.36400000,1750.9700
1627684328898000,1,6.60000000,1749.9000
1627684478286000,1,0.73000000,1750.7100
1627684478370000,1,3.87000000,1750.7100
1627684714294000,1,5.20000000,1753.6000
1627684845224000,0,0.09000000,1754.3800
1627684845657000,0,0.76000000,1754.3800
1627684845835000,0,0.37937967,1754.3800
1627684912964000,0,0.32000000,1752.8300
1627684913013000,0,0.52000000,1752.8300
1627684913169000,0,0.33000000,1752.8300
1627684913377000,0,0.06000000,1752.8300
1627684915637000,0,0.39000000,1753.5700
1627684922325000,0,1.23000000,1753.1600
1627684990264000,1,6.00000000,1753.5300
1627685000686000,1,1.23006528,1753.4400
1627685002003000,1,1.23006528,1753.4400
1627685303581000,1,0.29000000,1754.5800
1627685303960000,1,0.07000000,1754.5800
1627685304716000,1,4.54000000,1754.5800
1627685322969000,0,0.04900000,1755.4100
1627685349035000,0,1.20446327,1755.2100
1627685361212000,0,1.20467260,1754.9600
1627685394367000,1,0.16660000,1753.8300
1627685394840000,1,2.24910000,1753.8300
1627685394983000,1,1.88430000,1753.8300
1627685395474000,1,0.40000000,1753.6900
1627685668185000,0,1.23030629,1753.3500
1627685668185000,0,2.00000000,1753.3500
1627685668185000,0,2.45915522,1753.5300
1627685741180000,0,1.23000000,1753.7400
1627685762327000,0,0.00001079,1753.7400
1627685793316000,0,0.00100000,1755.4100
1627686109972000,0,1.22985769,1754.4500
1627686303677000,0,1.20344602,1756.8600
1627686707384000,0,0.09537513,1758.3200
1627686806935000,0,0.02258848,1761.9600
1627687066502000,0,0.03600000,1755.3700
1627687066866000,0,1.69618562,1755.3700
1627687066872000,0,0.36781437,1755.3700
1627687069933000,0,0.00000001,1755.3700
1627687072521000,1,7.10000000,1755.2700
1627687366298000,1,2.20000000,1758.5800
1627687549439000,1,0.90000000,1747.5700
1627687549558000,1,0.03600000,1747.1100
1627687793497000,0,1.23378914,1748.8000
1627687793497000,0,1.10621086,1748.8500
1627687841953000,0,0.86000000,1747.8800
1627688080980000,0,0.03600000,1754.0300
1627688081592000,1,0.06000000,1754.0500
1627688186335000,0,1.22000000,1756.3000
1627688235423000,0,0.40000000,1756.7700
1627688695288000,0,0.92151861,1755.2700
1627688695290000,0,0.30729583,1755.2700
1627688695290000,0,1.22923422,1755.5600
1627688695304000,0,1.22873281,1755.6500
1627688696076000,0,0.12030000,1759.3000
1627688696873000,0,0.02486997,1758.4300
1627688696873000,0,0.02561431,1759.0000
1627688696981000,0,4.47970000,1759.3000
1627688698470000,0,0.06250000,1763.1000
1627688698817000,0,20.35933211,1763.3200
1627688699312000,0,11.78066789,1763.3200
1627688711147000,0,0.04199999,1771.0000
1627688711162000,0,0.00000001,1771.0000
1627688712105000,1,0.04200000,1771.2900
1627688720585000,1,7.40000000,1771.7700
1627688735209000,1,7.40000000,1768.4400
1627688741539000,1,0.02472358,1766.0200
1627688741567000,1,0.02472358,1766.0200
1627688777588000,1,1.19494977,1760.2600
1627688777732000,1,0.06250000,1760.1400
1627688782489000,1,0.22238776,1760.1400
1627689068052000,1,7.30000000,1768.0500
1627689210927000,0,1.22000000,1766.4300
1627689292972000,0,18.06625384,1775.0000
1627689293777000,0,0.06250000,1775.9600
1627689294386000,0,1.70991927,1775.9600
1627689294388000,0,0.20332841,1775.9600
1627689294389000,0,1.70991927,1775.9600
1627689294390000,0,0.12207491,1775.9600
1627689294391000,0,1.02254688,1775.9600
1627689294435000,0,1.71013273,1775.9600
1627689294438000,0,1.71013274,1775.9600
1627689294531000,0,1.70994883,1775.9600
1627689294538000,0,0.20919051,1775.9600
1627689294809000,0,0.06250000,1775.9600
1627689296637000,0,0.39132153,1775.9600
1627689296654000,0,0.72696428,1775.9600
1627689364623000,0,0.35000000,1773.8300
1627689365401000,0,0.86000000,1773.8300
1627689369134000,0,1.02000000,1773.5000
1627689369472000,0,0.19000000,1773.5000
1627689375266000,0,1.21000000,1772.2900
1627689375314000,0,0.00641995,1772.2900
1627689377340000,0,1.21000000,1771.9400
1627689378835000,0,1.21641995,1772.2900
1627689388970000,1,0.03600000,1770.3600
1627689389117000,0,1.21000000,1771.0700
1627689389222000,0,0.00689202,1771.0700
1627689390140000,0,1.21689202,1771.0700
1627689390140000,0,0.02310798,1771.3900
1627689390187000,0,1.19378404,1771.3900
1627689390272000,0,1.21706144,1771.4600
1627689393109000,0,1.21000000,1771.9500
1627689395677000,0,1.21711982,1770.8800
1627689395677000,0,1.21288018,1771.0800
1627689396446000,0,0.00423964,1771.0800
1627689396446000,0,1.21576036,1771.3900
1627689397231000,0,1.21711982,1771.0800
1627689398215000,0,0.00659378,1771.9500
1627689398396000,0,1.21671341,1772.3700
1627689398396000,0,1.21328659,1772.4200
1627689404561000,0,0.36000000,1772.6700
1627689404573000,0,0.85610296,1772.6700
1627689409283000,0,1.21000000,1772.0900
1627689409330000,0,0.00637014,1772.0900
1627689410737000,0,1.21000000,1772.0900
1627689412973000,0,0.00637014,1772.0900
1627689413092000,0,1.21000000,1772.3100
1627689414390000,0,1.21637014,1772.0900
1627689414390000,0,0.00362986,1772.3100
1627689415073000,0,0.00266200,1772.3100
1627689415073000,0,1.20733800,1772.7300
1627689417482000,0,1.21000000,1772.2100
1627689420700000,0,0.61000000,1771.6700
1627689421690000,0,1.21670904,1771.9700
1627689421690000,0,0.00329096,1772.2100
1627689422829000,0,1.21646304,1771.7100
1627689425259000,0,0.75000000,1771.5100
1627689431562000,0,0.04000000,1771.5100
1627689431948000,0,0.19000000,1771.5100
1627689432492000,0,0.23656720,1771.5100
1627689432492000,0,1.21343280,1771.5200
1627689432744000,0,0.00367652,1771.5200
1627689434309000,0,1.21000000,1771.5100
1627689435559000,0,0.00656720,1771.5100
1627689435598000,0,1.21666795,1771.8100
1627689436027000,0,1.21664737,1772.1400
1627689436641000,1,0.06250000,1771.7200
1627689436647000,1,1.70770906,1771.7200
1627689436647000,1,1.06504073,1771.7200
1627689436729000,1,1.04049055,1771.7200
1627689436734000,1,1.21658828,1771.7200
1627689436738000,1,1.10767138,1771.7200
1627689453410000,0,1.21708552,1771.4000
1627689453410000,0,1.21291448,1771.4100
1627689453432000,0,0.00417104,1771.4100
1627689453597000,0,1.21708552,1771.4000
1627689453597000,0,1.21708552,1771.5600
1627689459792000,0,1.21000000,1771.6300
1627689459984000,0,0.00660029,1771.6300
1627689460309000,0,1.21000000,1771.6300
1627689467278000,0,0.00660029,1771.6300
1627689467278000,0,1.21339971,1771.8000
1627689467286000,0,0.00335683,1771.8000
1627689484037000,0,0.03600000,1774.8900
1627689497035000,1,5.70000000,1772.7100
1627689505856000,0,1.21000000,1772.3900
1627689514929000,0,1.19253416,1772.1200
1627689514945000,0,0.02433743,1772.1200
1627689542821000,0,1.21568997,1773.8800
1627689542821000,0,1.21690108,1774.1900
1627689542821000,0,0.06752455,1774.2900
1627689554506000,0,1.89000000,1775.9600
1627689555166000,0,3.24000000,1775.9600
1627689557658000,0,0.02529753,1774.9800
1627689583859000,0,0.07000000,1769.4000
1627689583873000,0,2.62000000,1769.4000
1627689583885000,0,1.37000000,1769.4000
1627689609367000,0,0.06000000,1770.6900
1627689609393000,0,0.00250000,1770.6900
1627689613108000,1,0.59999999,1769.5700
1627689613126000,1,0.00000001,1769.5700
1627689623956000,1,0.03600000,1769.6800
1627689624276000,1,0.06250000,1769.6800
1627689624596000,1,0.59520000,1769.6800
1627689639629000,1,0.02508600,1766.7900
1627689660330000,1,0.01787100,1764.3200
1627689660330000,1,1.04440228,1764.3100
1627689661320000,1,0.45002669,1764.3100
1627689661348000,1,0.07487775,1764.3100
1627689663216000,0,0.69000000,1765.5500
1627689677988000,1,0.60000000,1764.4200
1627689677988000,1,1.22056787,1764.3200
1627689677988000,1,0.02524284,1764.2600
1627689677988000,1,0.02545890,1764.0400
1627689677988000,1,0.62884599,1763.9200
1627689697015000,1,0.88497064,1764.9800
1627689708471000,1,0.62769720,1763.2600
1627689725756000,1,0.04000000,1765.5600
1627689726462000,1,13.96000000,1765.5600
1627689727754000,1,5.20000000,1764.5700
1627689729437000,0,1.22164647,1765.6300
1627689729437000,0,2.00000000,1765.6300
1627689740607000,1,5.34000000,1763.6600
1627689741189000,1,0.06000000,1763.6600
1627689753638000,1,2.00000000,1765.3500
1627689753638000,1,0.02410526,1765.2700
1627689753638000,1,0.02477055,1764.9500
1627689753638000,1,0.02438801,1764.4800
1627689753638000,1,2.00000000,1764.3900
1627689753728000,0,0.03600000,1764.3900
1627689753728000,0,0.06250000,1764.3900
1627689753823000,0,0.31440589,1764.3900
1627689801594000,0,0.02484083,1761.0000
1627689801594000,0,2.00000000,1761.0000
1627689801659000,1,0.06250000,1761.3600
1627689801852000,1,0.03600000,1760.9900
1627689801863000,1,1.23000000,1760.9900
1627689802458000,1,0.62000000,1760.9900
1627689802628000,1,1.71573230,1760.9900
1627689802630000,1,1.03330370,1760.9900
1627689802631000,1,0.06496400,1760.9900
1627689884478000,0,1.22415159,1760.7200
1627689884478000,0,1.21584841,1760.9900
1627689885842000,0,0.00811281,1760.9900
1627689885842000,0,1.22188719,1761.0000
1627689887869000,0,1.22000000,1760.9900
1627689894490000,0,1.22000000,1761.3200
1627689919523000,0,1.22000000,1759.6900
1627689923668000,0,1.19000000,1759.2700
1627689927227000,1,0.06250000,1757.8700
1627689927341000,1,0.13975883,1757.8700
1627689927341000,1,0.08091365,1757.8600
1627689963113000,0,1.20273331,1757.4400
1627689979272000,0,1.22000000,1757.7000
1627689983342000,0,0.29000000,1758.5000
1627689983351000,0,0.41000000,1758.5000
1627690045235000,0,0.07000000,1758.7000
1627690046172000,0,1.15593248,1758.7000
1627690047233000,0,1.22590000,1758.9700
1627690049584000,0,0.00003248,1758.9700
1627690085734000,0,0.19000000,1761.4500
1627690138493000,0,0.32000000,1761.5400
1627690140986000,0,0.90000000,1761.5400
1627690141010000,0,0.00400343,1761.5400
1627690143838000,0,1.22000000,1761.5400
1627690144482000,0,0.00400343,1761.5400
1627690145483000,0,1.22000000,1761.3400
1627690145807000,0,0.00394507,1761.3400
1627690147143000,0,1.22000000,1761.5400
1627690159355000,0,0.14000000,1761.8900
1627690159979000,0,0.36000000,1761.8900
1627690162542000,0,0.72000000,1761.8900
1627690162568000,0,0.00370149,1761.8900
1627690200629000,0,1.22000000,1760.7300
1627690209270000,1,0.02486140,1760.5800
1627690209270000,1,4.67913860,1760.5600
1627690251268000,0,0.16000000,1762.2100
1627690251373000,0,0.30000000,1762.2100
1627690251428000,0,0.06000000,1762.2100
1627690251485000,0,0.70358191,1762.2100
1627690309987000,1,7.00000000,1763.3800
1627690336184000,0,1.22254464,1765.6900
1627690336279000,0,0.03600000,1765.8300
1627690336338000,0,0.39000000,1765.6900
1627690336341000,0,0.83254464,1765.6900
1627690392916000,1,0.34000000,1766.6800
1627690394108000,1,5.76000000,1766.6800
1627690444231000,1,0.04000000,1766.7200
1627690444232000,1,6.16000000,1766.7200
1627690503359000,0,1.21871320,1769.4000
1627690503359000,0,1.21894102,1769.4100
1627690503359000,0,1.21922499,1769.4200
1627690503359000,0,1.21940837,1769.6600
1627690503359000,0,0.60000000,1769.9300
1627690503359000,0,0.40000000,1770.2900
1627690503359000,0,4.71052614,1770.3500
1627690503359000,0,1.21875666,1770.3500
1627690503359000,0,0.02464936,1770.5300
1627690503359000,0,0.02601713,1770.9000
1627690503417000,1,0.03600000,1771.5800
1627690503436000,1,2.10776313,1771.5800
1627690588942000,1,7.50000000,1773.6400
1627690607358000,1,0.34000000,1770.3000
1627690607367000,1,0.65000000,1770.3000
1627690607730000,1,4.71000000,1770.3000
1627690679363000,0,1.21840575,1771.1100
1627690717145000,0,1.21705380,1772.8600
1627690717145000,0,1.21667155,1772.8900
1627690717145000,0,1.21671114,1773.2800
1627690717257000,1,10.34956351,1773.7500
1627690780954000,0,1.21833137,1770.6500
1627690904666000,1,3.31000000,1770.5000
1627690904857000,1,2.59000000,1770.5000
1627690926349000,0,0.03600000,1771.3000
1627690991056000,0,0.06250000,1773.5100
1627691000134000,0,1.00000000,1774.4900
1627691006551000,0,1.19176644,1775.1300
1627691009451000,1,6.70000000,1774.1600
1627691090432000,0,1.21000000,1768.9300
1627691117603000,0,0.40000000,1771.3700
1627691377045000,1,0.03600000,1770.3600
1627692119999000,0,1.22418517,1762.3200
1627692119999000,0,0.50000000,1762.4000
1627693061354000,0,1.19434137,1770.4100
1627693695761000,0,0.26000000,1768.5000
1627693695767000,0,0.74000000,1768.5000
1627694142345000,0,0.46000000,1765.4600
1627694142401000,0,0.46000000,1765.4600
1627694142522000,0,0.30172795,1765.4600
1627694143387000,0,1.22000000,1765.4600
1627694153999000,0,0.00172795,1765.4600
1627694153999000,0,1.21827205,1765.4700
1627694155863000,0,1.22179132,1764.9200
1627694155863000,0,1.21820868,1765.1100
1627694155876000,0,0.00346697,1765.1100
1627694158257000,0,1.22181616,1764.8900
1627694158257000,0,1.21818384,1765.1100
1627694158293000,0,0.00349181,1765.1100
1627694159705000,0,1.22167565,1765.1100
1627694160552000,0,0.01996260,1765.4600
1627694161313000,0,1.20000000,1765.4600
1627694166130000,0,0.03600000,1765.6300
1627694166269000,0,1.18000000,1765.6300
1627694166287000,0,0.00558800,1765.6300
1627694168280000,0,1.22000000,1765.6300
1627694168317000,0,0.00158800,1765.6300
1627694169872000,0,1.22000000,1765.6300
1627694169931000,0,0.00158800,1765.6300
1627694171235000,0,1.22000000,1765.1000
1627694179128000,0,0.00175706,1765.1000
1627694179128000,0,0.68824294,1765.1200
1627694179166000,0,0.53386803,1765.1200
1627694181270000,0,1.22175706,1765.1000
1627694183218000,0,1.22175706,1765.1000
1627694183218000,0,1.21824294,1765.2200
1627694185266000,0,1.22000000,1765.1000
1627694185880000,0,0.00175706,1765.1000
1627694188372000,0,1.22000000,1765.1000
1627694190664000,0,0.00175706,1765.1000
1627694190664000,0,0.66824294,1765.5600
1627694191439000,0,0.55000000,1765.5600
1627694191672000,0,1.22175706,1765.1000
1627694191672000,0,1.21824294,1765.2300
1627694193337000,0,1.22000000,1764.3300
1627694193887000,0,0.00208734,1764.3300
1627694193887000,0,0.64791266,1764.6200
1627694195039000,0,0.57000000,1764.6200
1627694195223000,0,0.00408979,1764.6200
1627694195936000,0,1.22216427,1764.1100
1627694195936000,0,1.21783573,1764.3300
1627694197279000,0,1.22000000,1764.1100
1627694197985000,0,0.00216427,1764.1100
1627694198595000,0,1.22000000,1764.1100
1627694206372000,0,1.22000000,1764.6200
1627694207668000,0,1.19748166,1764.6900
1627694209302000,0,1.22000000,1764.5000
1627694209342000,0,0.00199584,1764.5000
1627694211325000,0,1.22199584,1764.5000
1627694214873000,0,0.57000000,1764.5000
1627694215013000,0,0.65199584,1764.5000
1627694215685000,0,1.22000000,1764.5000
1627694219820000,0,0.00199584,1764.5000
1627694219820000,0,0.02390972,1764.6900
1627694220060000,0,0.02590556,1764.5000
1627694220062000,0,1.19609028,1764.5000
1627694220062000,0,0.00052868,1764.6900
1627694224804000,0,1.22000000,1765.0700
1627694260577000,0,0.54000000,1766.2900
1627694264944000,0,1.22000000,1766.6000
1627694265443000,0,0.00092237,1766.6000
1627694278314000,0,1.22000000,1766.8800
1627694286358000,0,0.00051487,1766.8800
1627694286358000,0,1.21948513,1766.8800
1627694288194000,0,0.00102974,1766.8800
1627694288194000,0,1.21897026,1767.0300
1627694288227000,0,0.00154461,1767.0300
1627694291586000,0,1.22000000,1767.2500
1627694291590000,0,0.00034726,1767.2500
1627694343300000,0,0.03000000,1765.9100
1627694379471000,0,0.76000000,1765.4000
1627694379499000,0,0.46145089,1765.4000
1627694392187000,0,1.22000000,1765.6500
1627694461757000,0,1.22000000,1767.2200
1627694461785000,0,0.00027865,1767.2200
1627694518585000,0,0.46000000,1763.6200
1627694518678000,0,0.27000000,1763.6200
1627694518697000,0,0.49274162,1763.6200
1627694524929000,0,0.03000000,1763.6200
1627694524945000,0,1.19274162,1763.6200
1627694611022000,1,0.03600000,1761.5900
1627694611079000,1,0.06400000,1761.5900
1627694620329000,0,0.40180000,1761.6200
1627694705636000,0,1.22414505,1761.9300
1627694705636000,0,0.11504185,1762.0300
1627695063115000,0,1.22000000,1762.2900
1627695086112000,1,6.20000000,1762.1500
1627695109993000,0,1.22000000,1762.9400
1627695186220000,0,1.22404869,1762.2700
1627695186220000,0,1.22404869,1762.2800
1627695326218000,0,1.22000000,1761.8800
1627695377552000,0,1.22000000,1763.8900
1627695442361000,0,1.22000000,1764.5800
1627695449497000,0,1.22000000,1764.0700
1627695449587000,0,0.00223102,1764.0700
1627695551527000,1,0.93000000,1764.7600
1627695622712000,0,0.80000000,1766.2000
1627695840169000,0,0.47000000,1765.0600
1627695840180000,0,0.75197750,1765.0600
1627695942763000,1,4.60600000,1765.6800
1627696018508000,0,1.22000000,1767.0300
1627696102717000,1,2.01000000,1767.1800
1627696102760000,1,1.93000000,1767.1800
1627696102772000,1,0.42000000,1767.1800
1627696197416000,0,1.22088406,1766.7600
1627696266761000,1,5.30000000,1768.4400
1627696442045000,1,0.50000000,1770.5800
1627696442045000,1,0.10000000,1770.4900
1627696442045000,1,0.61791382,1770.4800
1627696460965000,0,1.21000000,1770.6200
1627696551669000,1,4.59000000,1768.9800
1627696551700000,1,0.07000000,1768.9800
1627696551701000,1,1.31000000,1768.9800
1627696551872000,1,0.43000000,1768.9800
1627696705426000,0,1.19460384,1769.9200
1627696772553000,0,1.21915143,1769.3100
1627696772553000,0,1.21900395,1769.5200
1627696967100000,1,0.08000000,1769.1500
1627696967140000,1,1.94000000,1769.1500
1627696967173000,1,5.08000000,1769.1500
1627697309446000,1,1.51000000,1765.0300
1627697309466000,1,0.57000000,1765.0300
1627697309468000,1,4.10000000,1765.0300
1627697640553000,1,2.32000000,1768.8500
1627697640583000,1,0.62000000,1768.8500
1627697641075000,1,3.06000000,1768.8500
1627697807134000,0,0.03600000,1772.7800
1627698040278000,0,1.70507832,1775.9600
1627698040278000,0,1.70507832,1775.9600
1627698040281000,0,0.24775034,1775.9600
1627698040284000,0,0.75060929,1775.9600
1627698040284000,0,1.70507832,1775.9600
1627698040285000,0,1.70507832,1775.9600
1627698040286000,0,1.70507832,1775.9600
1627698040286000,0,0.58462822,1775.9600
1627698040286000,0,1.70507832,1775.9600
1627698040287000,0,1.70507832,1775.9600
1627698040287000,0,1.70507832,1775.9600
1627698040368000,0,8.44000000,1775.9600
1627698040381000,0,12.37418524,1775.9600
1627698047307000,0,0.06250000,1779.6700
1627698055365000,1,1.70115857,1780.2000
1627698055366000,1,0.96338554,1780.2000
1627698090205000,1,1.70043623,1781.0200
1627698090205000,1,1.70043624,1781.0200
1627698090206000,1,0.99533918,1781.0200
1627698090206000,1,1.70043623,1781.0200
1627698090207000,1,1.03092773,1781.0200
1627698143220000,1,0.15000000,1782.2600
1627698143315000,1,0.03600000,1782.2600
1627698367308000,0,0.03600000,1785.0000
1627698367455000,0,0.00064155,1785.0000
1627698369719000,1,0.03600000,1785.6800
1627698553441000,0,0.06000000,1778.4600
1627700129257000,0,1.96000000,1773.3700
1627700584571000,1,0.02411321,1776.6400
1627700584571000,1,0.01505324,1776.5200
1627700666875000,1,0.01958322,1778.2100
1627700968668000,0,0.50000000,1780.7400
1627700968668000,0,0.71140000,1780.9900
1627701291554000,1,0.32000000,1774.9300
1627701789549000,1,1.52000000,1771.4700
1627701790177000,1,1.69682125,1771.4700
1627701790180000,1,1.02565788,1771.4700
1627701790278000,1,0.06250000,1771.4700
1627701790297000,1,0.83016309,1771.4700
1627701790356000,1,0.38047475,1771.4700
1627701790414000,1,0.12801564,1771.4700
1627701790712000,1,1.05636739,1771.4700
1627701880621000,1,0.70000000,1770.6400
1627701880698000,0,0.06250000,1770.6400
1627701880749000,0,0.03600000,1770.6400
1627701881011000,0,0.42000000,1770.6400
1627701881066000,0,0.00783940,1770.6400
1627702327243000,1,0.03600000,1768.8300
1627702437186000,0,1.22130000,1766.2500
1627702437340000,0,0.00000490,1766.2500
1627702504713000,1,4.59000000,1765.1600
1627702504751000,1,0.11000000,1765.1600
1627702564594000,0,0.48000000,1766.6000
1627702753037000,1,1.35000000,1767.1600
1627702753049000,1,1.14000000,1767.1600
1627702753050000,1,0.24000000,1767.1600
1627703119323000,0,1.21000000,1772.4700
1627703119337000,0,0.00718706,1772.4700
1627703153093000,1,1.21645144,1772.9500
1627703153270000,0,1.21645144,1773.2400
1627703153955000,1,10.65000000,1773.2500
1627703153993000,1,2.13354856,1773.2500
1627703162144000,1,1.21670394,1772.7000
1627703293287000,0,1.21715795,1772.2900
1627703302362000,1,1.21728095,1772.0300
1627703304007000,1,1.21728095,1772.0300
1627703304437000,1,2.86000000,1772.0300
1627703304456000,1,0.00543810,1772.0300
1627703554107000,1,2.45000000,1772.5800
1627703561963000,1,2.99000000,1772.1600
1627703706995000,1,1.11830612,1769.5900
1627703706996000,1,0.23965443,1769.5900
1627703890340000,1,0.53000000,1771.5600
1627703890445000,1,0.85000000,1771.5600
1627704000947000,0,1.21710404,1772.2900
1627704000947000,0,0.00000001,1772.2900
1627704070162000,1,1.84000000,1773.4400
1627704070185000,1,2.38000000,1773.4400
1627704070190000,1,0.42000000,1773.4400
1627704218006000,1,1.21902955,1769.5700
1627704337300000,1,3.35000000,1767.1700
1627704426130000,1,2.00000000,1762.2100
1627704426130000,1,0.02844762,1762.1300
1627704426130000,1,2.25480383,1761.9200
1627704455041000,1,1.71810000,1761.8500
1627704500780000,0,0.02393657,1760.7100
1627704577926000,1,0.15434258,1754.4600
1627704578024000,1,1.22971550,1754.4600
1627704578029000,1,1.23085205,1754.4600
1627704578048000,1,1.48715976,1754.4600
1627704578093000,1,0.06250000,1754.4600
1627704578869000,1,1.53543011,1754.4600
1627704788989000,1,0.10000000,1758.5000
1627704788989000,1,0.02491314,1758.4900
1627704788989000,1,0.50000000,1758.4100
1627704788989000,1,0.37508686,1758.3200
1627704901340000,1,0.40000000,1758.8700
1627704901340000,1,0.60000000,1758.8600
1627706537287000,1,1.00000000,1757.1200
1627706911509000,1,0.02563748,1763.6000
1627706911509000,1,0.17252824,1763.6000
1627706977797000,1,0.06250000,1763.7700
1627706978142000,1,7.03750000,1763.7700
1627709138328000,1,1.65000000,1759.4000
1627709194950000,1,1.47000000,1758.3800
1627709194996000,1,0.98000000,1758.3800
1627709194996000,1,0.36000000,1758.3800
1627709275448000,1,2.34000000,1756.0400
1627709277125000,1,1.30000000,1756.0400
1627709277507000,1,0.56000000,1756.0400
1627709278105000,1,0.40000000,1756.0400
1627709430168000,1,1.70101302,1749.9600
1627709430169000,1,0.56210752,1749.9600
1627709430173000,1,0.25337738,1749.9600
1627709430257000,1,2.48350208,1749.9600
1627709508948000,1,0.47000000,1743.0300
1627709518787000,0,0.69731000,1743.3800
1627709537484000,0,0.03600000,1746.7200
1627709537668000,0,0.45326037,1746.7200
1627709624888000,1,0.03600000,1748.7000
1627709651733000,0,0.19867591,1750.6400
1627710566824000,1,6.20000000,1746.4800
1627710886388000,0,0.03600000,1749.7500
1627711079385000,1,0.36000000,1754.9500
1627711079388000,1,0.18000000,1754.9500
1627711079397000,1,1.11000000,1754.9500
1627711079559000,1,1.68256200,1754.9600
1627711079589000,1,0.31743800,1754.9600
1627711079589000,1,0.39256200,1754.9500
1627711079658000,1,2.87809886,1754.9500
1627711097797000,1,1.97380000,1754.9500
1627711097816000,1,0.00553914,1754.9500
1627711103480000,1,2.01000000,1754.0600
1627711103482000,1,1.40000000,1754.0600
1627711103837000,1,1.19000000,1754.0600
1627711359052000,1,1.03000000,1750.9600
1627711359061000,1,3.92720799,1750.9600
1627711422057000,1,0.44000000,1751.4300
1627711422131000,1,2.52000000,1751.4300
1627711422158000,1,1.22500000,1751.4300
1627711783486000,0,1.23092864,1752.4400
1627711783486000,0,1.22907136,1752.5900
1627711864888000,1,2.22000000,1752.8200
1627712019546000,1,0.03600000,1750.1800
1627712147995000,1,6.10000000,1751.3000
1627712177698000,1,1.63000000,1748.9700
1627712177702000,1,3.17000000,1748.9700
1627712572891000,1,1.44000000,1747.6300
1627712572892000,1,2.96000000,1747.6300
1627712896511000,1,4.76000000,1744.8400
1627712896640000,1,0.74000000,1744.8400
1627713192463000,1,0.40000000,1746.5000
1627713192469000,1,6.60000000,1746.5000
1627713196061000,1,0.44000000,1745.6200
1627713196107000,1,3.20000000,1745.6200
1627713196649000,1,2.66000000,1745.6200
1627713293624000,1,4.30000000,1746.7000
1627713342490000,1,0.87000000,1744.7900
1627713342697000,1,2.04000000,1744.7900
1627713343049000,1,0.76000000,1744.7900
1627713424100000,0,1.23000000,1744.3400
1627713688795000,1,1.53034599,1748.6300
1627713688823000,1,0.72062500,1748.6300
1627713688855000,1,2.14902901,1748.6300
1627713691065000,1,6.35000000,1748.6400
1627713691757000,1,7.65000000,1748.6400
1627713714942000,0,1.23377575,1748.8100
1627713715017000,1,1.23377575,1748.8100
1627713715059000,1,10.74000000,1748.8100
1627713715247000,1,0.79244850,1748.8100
1627713958831000,1,0.56000000,1750.0800
1627713959279000,1,2.64000000,1750.0800
1627713959300000,1,1.10000000,1750.0800
1627714025779000,1,0.21000000,1748.9800
1627714026142000,1,0.56000000,1748.9800
1627714026691000,1,0.23000000,1748.9800
1627714027275000,1,4.19000000,1748.9800
1627714346827000,1,0.16000000,1751.4000
1627714346868000,1,0.81000000,1751.4000
1627714346889000,1,2.19000000,1751.4000
1627714347182000,1,1.64000000,1751.4000
1627714507379000,1,0.31000000,1752.6300
1627714507404000,1,0.19000000,1752.6300
1627714507404000,1,0.25000000,1752.6300
1627714508254000,1,1.30000000,1752.6300
1627714508659000,1,0.30000000,1752.6300
1627714509334000,1,2.15000000,1752.6300
1627714577441000,1,0.58000000,1750.7900
1627714577449000,1,1.16000000,1750.7900
1627714805887000,1,0.93000000,1751.5900
1627714806256000,1,0.62000000,1751.5900
1627714806330000,1,3.85000000,1751.5900
1627714853811000,0,0.48760786,1752.7400
1627714853965000,0,0.00000001,1752.7400
1627714887868000,0,0.03600000,1753.0800
1627714888683000,0,0.45160787,1753.0800
1627714888683000,0,1.21839213,1753.0800
1627714888728000,0,0.00060024,1753.0800
1627715060121000,0,0.14233817,1756.2400
1627715658823000,0,1.22632508,1759.6100
1627715658824000,0,0.00000001,1759.6100
1627715707636000,1,0.05000000,1759.1900
1627716064966000,1,0.06156644,1754.9200
1627716103011000,0,0.03000000,1755.5300
1627716482671000,1,0.02898706,1755.2800
1627716580006000,0,0.26905188,1756.6500
1627717891579000,1,0.11000000,1756.2300
1627718428856000,1,4.05000000,1755.6900
1627718428965000,1,1.35000000,1755.6900
1627718765775000,1,0.70000000,1766.4900
1627718765806000,1,0.27000000,1766.4900
1627718821015000,0,0.06010212,1765.5100
1627719021380000,1,0.66258619,1768.6900
1627719021383000,1,0.03600000,1768.6900
1627719021431000,1,0.10141381,1768.6900
1627720139648000,1,0.03000000,1766.6000
1627720139703000,1,0.00747311,1766.6000
1627720170316000,0,0.08358078,1767.9900
1627720217906000,0,0.60000000,1771.5500
1627720217906000,0,1.09376291,1771.7100
1627720217909000,0,0.12597978,1771.7100
1627720527731000,1,0.11000000,1770.2700
1627720528159000,1,1.77000000,1770.2700
1627721272878000,0,1.21645018,1773.3300
1627721272878000,0,1.21354982,1773.3800
1627721272918000,0,0.00290036,1773.3800
1627721307455000,0,1.21647763,1772.7500
1627721307455000,0,1.21352237,1772.7600
1627721308131000,0,0.06829620,1772.5400
1627721308895000,0,0.07267114,1772.5400
1627721308939000,0,0.01274000,1772.5400
1627721310880000,0,1.06261530,1772.5400
1627721310880000,0,1.21647763,1772.7500
1627721310880000,0,1.21090707,1772.9800
1627721310956000,0,0.00559653,1772.9800
1627721312284000,0,1.21647763,1772.7500
1627721312284000,0,1.21352237,1772.9800
1627721314129000,0,1.21000000,1772.7500
1627721314593000,0,0.03600000,1773.2100
1627721341457000,0,0.38000000,1773.2600
1627721341457000,0,0.62000000,1773.2600
1627721341462000,0,0.21624833,1773.2600
1627721366700000,0,1.19192336,1773.2600
1627721366723000,0,0.02432497,1773.2600
1627721369468000,0,0.82000000,1773.2600
1627721369514000,0,0.02765560,1773.2600
1627721370372000,0,0.36000000,1773.2600
1627721370373000,0,0.00859273,1773.2600
1627721371667000,0,1.21000000,1773.2600
1627721385509000,0,1.21000000,1773.5700
1627721385550000,0,0.00608792,1773.5700
1627721406623000,0,1.21000000,1773.7800
1627721560082000,1,1.69290974,1771.9300
1627721560083000,1,1.58403957,1771.9300
1627721560083000,1,0.64246790,1771.9300
1627721560095000,1,0.03600000,1771.9300
1627721560141000,1,1.74458279,1771.9300
1627721825606000,0,1.21779031,1771.1400
1627721825606000,0,1.63203522,1771.1400
1627722200705000,1,1.22002421,1766.2900
1627722200705000,1,0.02558208,1766.0700
1627722200705000,1,1.60421924,1766.0700
1627722223093000,1,0.98791828,1767.1300
1627722707583000,0,0.03600000,1770.9400
1627722867870000,1,1.36000000,1771.8000
1627723173069000,0,1.07965536,1769.2200
1627723329812000,1,0.03600000,1766.4700
1627723409246000,1,0.36000000,1766.8800
1627723572890000,0,0.56410111,1768.3000
1627723734634000,1,0.17000000,1767.4900
1627723734659000,1,0.25000000,1767.4900
1627723734705000,1,3.12000000,1767.4900
1627723820414000,1,1.22000000,1766.5900
1627723821750000,1,1.95000000,1766.5400
1627723822325000,1,3.25000000,1766.5400
1627723843849000,1,0.34300000,1765.6500
1627723844054000,1,0.04900000,1765.6500
1627723847664000,1,0.23000000,1765.2400
1627723848014000,1,0.86000000,1765.2400
1627723860201000,1,2.21000000,1764.3500
1627723872778000,1,4.00000000,1763.2900
1627723878136000,1,1.09000000,1762.4100
1627723994958000,1,3.42238942,1763.7500
1627723995122000,1,0.40000000,1763.7500
1627724076454000,1,0.32173563,1763.0700
1627724076538000,1,2.06000000,1763.0700
1627724076560000,1,1.61826437,1763.0700
1627724247828000,1,5.50000000,1764.4800
1627724249900000,1,6.70000000,1763.5000
1627724399120000,1,1.54000000,1764.5000
1627724399142000,1,3.74000000,1764.5000
1627724399200000,1,1.32000000,1764.5000
1627727251877000,1,0.67125907,1770.0400
1627727281577000,1,0.46678784,1769.2500
1627727282667000,1,0.23321216,1769.2500
1627727355335000,1,0.02463695,1771.6100
1627727355335000,1,0.39436305,1771.5700
1627727355413000,1,0.60000000,1771.5700
1627727355484000,1,0.02550455,1771.1800
1627727355484000,1,0.47449545,1770.8600
1627727355578000,1,0.48600000,1771.2600
1627727402407000,1,0.36899810,1771.0800
1627727418002000,1,0.06000000,1771.3600
1627727418076000,1,1.05000000,1771.1800
1627727418274000,1,0.10600000,1771.4100
1627727446661000,0,0.03600000,1773.4300
1627727447008000,0,0.04428716,1773.7700
1627727447010000,0,0.43693895,1773.7700
1627727447301000,1,0.06000000,1773.8400
1627728007069000,1,0.75143782,1777.2600
1627728007163000,1,0.99900000,1777.2600
1627728011070000,1,0.06250000,1777.2700
1627728011070000,1,0.73750000,1777.2700
1627728022167000,1,0.02411293,1775.6400
1627728022167000,1,1.27588707,1775.6200
1627728036238000,1,0.56400000,1775.6300
1627728143486000,1,0.50000000,1774.4400
1627728143486000,1,0.20764312,1774.3400
1627728177293000,1,0.41701739,1774.5100
1627728226176000,1,0.50000000,1773.7700
1627728226176000,1,0.46100000,1773.6100
1627728229859000,1,0.56765407,1773.7800
1627728239243000,1,0.05692677,1773.7800
1627728246878000,1,0.19867591,1773.8000
1627728255999000,1,0.10000000,1774.4700
1627728255999000,1,0.56400000,1774.4600
1627728276838000,1,0.15002050,1774.7000
1627728276918000,1,0.35000000,1774.7100
1627728276990000,1,0.05000000,1774.7000
1627728277055000,1,0.21000000,1775.0100
1627728277127000,1,1.74000000,1774.4600
1627728308150000,1,0.50000000,1776.5300
1627728308150000,1,0.01267720,1776.4300
1627728318267000,1,0.50000000,1776.5300
1627728318267000,1,0.37700000,1776.4300
1627728324992000,1,0.60000000,1776.0500
1627728324992000,1,1.21317121,1775.9500
1627728324992000,1,0.18682879,1775.9100
1627728328114000,1,0.38300000,1775.9100
1627728328208000,1,1.30000000,1775.9100
1627728328276000,1,0.10000000,1775.9100
1627728328724000,1,0.21700000,1775.4000
1627728341472000,1,0.60000000,1775.2900
1627728341670000,1,0.60000000,1775.1700
1627728408559000,0,0.11209309,1775.3100
1627728543048000,0,0.10565435,1774.5600
1627728818205000,0,1.21684098,1772.5800
1627729450942000,0,1.21303530,1778.2800
1627729450943000,0,0.00000001,1778.2800
1627729562841000,1,0.16000000,1776.9400
1627729776214000,0,1.75839955,1779.2600
1627730272208000,1,0.01900000,1765.2900
1627730281229000,0,0.02411743,1767.6500
1627730281230000,0,0.00000001,1767.6500
1627730281230000,0,0.02537467,1768.0200
1627730394299000,0,0.02574744,1762.5200
1627730969460000,0,0.01900000,1775.0100
1627730974729000,0,0.46182724,1775.0100
1627730974766000,0,0.00000001,1775.0100
1627730977310000,0,0.59793915,1775.2000
1627730983767000,0,0.60000000,1775.2000
1627730988067000,0,0.00402069,1775.2000
1627731001027000,1,0.30065048,1774.8000
1627731004054000,1,0.02525330,1773.5600
1627731004054000,1,0.94174670,1773.4300
1627731004213000,1,0.55800000,1773.4300
1627731007453000,1,0.57900000,1772.8000
1627731007793000,1,0.05074311,1772.3000
1627731007793000,1,0.81725689,1772.0300
1627731012742000,1,0.23400000,1771.1600
1627731013150000,1,0.26600000,1771.1600
1627731013150000,1,0.10000000,1771.0600
1627731031301000,1,1.21644128,1771.5500
1627731031301000,1,0.00473712,1771.3500
1627731031605000,1,1.21644128,1770.8400
1627731035394000,1,0.00018497,1770.8400
1627731035394000,1,0.98281503,1769.9400
1627731038110000,1,0.50000000,1769.7900
1627731038110000,1,0.49900000,1769.6900
1627731060594000,1,1.21667285,1771.0800
1627731060664000,1,0.60000000,1770.8800
1627731060664000,1,0.61667285,1770.8600
1627731065313000,1,0.47800000,1769.2800
1627731069690000,1,1.52200000,1769.2800
1627731070054000,1,1.21751687,1769.2500
1627731070054000,1,0.04914839,1769.1300
1627731070054000,1,0.12282240,1768.7900
1627731070054000,1,0.13251234,1768.7400
1627731108991000,1,0.80000000,1771.9800
1627731111553000,1,1.50000000,1772.2100
1627731124227000,1,0.58800000,1772.7800
1627731124296000,1,0.62753302,1772.7800
1627731124296000,1,0.58800000,1772.5800
1627731141856000,1,1.21519163,1773.3800
1627731141919000,1,0.50000000,1773.2900
1627731141919000,1,0.71519163,1773.0100
1627731146564000,1,0.20000000,1772.7900
1627731146564000,1,0.18810284,1772.2800
1627731146636000,1,0.09589716,1772.2800
1627731185855000,1,1.21589535,1772.0400
1627731191838000,0,0.02535306,1776.5900
1627731191838000,0,0.00124826,1776.8700
1627731205744000,1,0.02416858,1776.3200
1627731205744000,1,0.02565280,1775.9200
1627731205744000,1,0.75450210,1775.7100
1627731205869000,1,0.02447135,1775.9000
1627731205869000,1,1.05746663,1775.7900
1627731205940000,1,0.07700000,1775.7900
1627731206197000,1,0.03600000,1775.7900
1627731213694000,1,0.50000000,1774.5400
1627731213694000,1,0.17700000,1774.4600
1627731221457000,1,2.00000000,1774.5700
1627731241784000,0,0.02441608,1775.2200
1627731335975000,1,0.03600000,1772.2700
1627732938023000,1,2.50000000,1764.2600
1627733950156000,1,1.00000000,1771.7800
1627733952945000,0,1.40000000,1771.8900
1627733995465000,1,3.01250000,1771.5200
1627735018949000,1,0.28956073,1769.0400
1627735389794000,1,0.20000000,1765.4700
1627735447815000,1,1.22004639,1766.5200
1627735510983000,0,0.07554764,1768.5400
1627736003556000,1,1.00000000,1767.3100
1627736876792000,1,0.19999999,1764.8000
1627736876818000,1,0.00000001,1764.8000
1627737623866000,1,0.05329099,1760.7700
1627737623923000,1,0.00000001,1760.7700
1627737915103000,1,1.22291874,1762.4400
1627737915109000,1,1.22287043,1762.2500
1627737915109000,1,0.02504992,1762.0400
1627737915109000,1,0.44317332,1762.0300
1627737915110000,1,0.78000849,1762.0300
1627738163145000,1,4.32000000,1760.0000
1627738163200000,1,0.33000000,1760.0000
1627738163238000,1,0.06250000,1760.0000
1627738163349000,1,1.75000000,1760.0000
1627738164047000,1,0.55000000,1760.0000
1627738186120000,1,11.16000000,1760.0000
1627738186242000,1,0.00223295,1760.0000
1627739455008000,1,0.04042086,1759.8700
1627739493186000,1,0.11000000,1757.9400
1627740022633000,0,0.02653109,1758.0800
1627740032311000,0,0.10961327,1758.0900
1627740162169000,0,0.48000000,1758.5700
1627740489982000,0,0.02519268,1753.4800
1627740489982000,0,0.03169032,1754.0100
1627741165505000,0,2.28000000,1764.3900
1627741165596000,0,0.06250000,1764.3900
1627741165683000,0,1.78013153,1764.3900
1627741693675000,0,0.69000000,1765.0000
1627741696993000,0,0.28000000,1765.0000
1627741698378000,0,4.00000000,1765.0000
1627741699389000,0,0.03000000,1765.0000
1627741733221000,0,0.27425359,1764.7900
1627743192682000,0,1.22000000,1756.5200
1627743636993000,0,1.22867817,1755.1300
1627744034423000,0,0.71000000,1756.8700
1627744084249000,0,0.02464807,1759.8800
1627744321501000,0,0.03600000,1762.4200
1627744989745000,0,1.22000000,1759.2300
1627745130440000,0,1.22627102,1758.7500
1627746265097000,0,2.57000000,1761.7100
1627746265102000,0,2.73000000,1761.7100
1627747121479000,1,0.04192300,1766.5900
1627747190544000,1,0.04541700,1766.9400
1627747208394000,0,0.42703098,1770.4200
1627747208613000,0,0.06250000,1770.4200
1627747209425000,0,1.00360000,1770.4200
1627747216578000,0,3.50000000,1770.4200
1627747218258000,0,0.00686902,1770.4200
1627747227080000,0,0.02448985,1770.4900
1627747227080000,0,0.02589548,1770.8900
1627747227080000,0,1.63871364,1771.0900
1627747227082000,0,0.36128636,1771.0900
1627747227083000,0,0.50000000,1771.1700
1627747227083000,0,0.02573267,1771.2500
1627747227083000,0,1.16336630,1771.2700
1627747574752000,0,1.21930625,1768.7300
1627747574990000,0,1.21910000,1769.1200
1627748034278000,1,0.03406300,1771.7100
1627748821960000,0,0.09000000,1766.8800
1627748821974000,0,0.32000000,1766.8800
1627748821992000,0,0.13000000,1766.8800
1627749332468000,0,1.22200000,1764.7700
1627749373138000,1,0.50000000,1763.8800
1627749373138000,1,3.10000000,1763.7100
1627749373138000,1,1.22194243,1763.7000
1627749373138000,1,0.02456691,1763.4800
1627749373138000,1,0.15130136,1763.4000
1627751427255000,1,1.22462806,1758.8700
1627751582278000,1,0.03600000,1758.7600
1627752092031000,1,1.22750895,1755.2800
1627752458827000,1,6.12000000,1754.7600
1627752458906000,1,0.11000000,1754.7600
1627752458916000,1,26.32000000,1754.7600
1627752955477000,1,0.08262004,1754.7600
1627752955504000,1,0.05130424,1754.7600
1627752955549000,1,0.82019128,1754.7600
1627752955571000,1,0.71813329,1754.7600
1627752955577000,1,0.06250000,1754.7600
1627752955583000,1,0.22181925,1754.7600
1627752955595000,1,1.41918529,1754.7600
1627752955618000,1,17.15895904,1754.7600
1627754001786000,0,0.52262712,1754.3100
1627755747135000,0,1.22256686,1764.2000
1627755747135000,0,0.46402741,1764.4000
1627755747135000,0,0.75845240,1764.4000
1627755747183000,0,1.22239072,1764.6100
1627755747239000,0,1.22000000,1764.2000
1627755829053000,0,1.21070000,1763.8300
1627757032355000,1,0.02408500,1766.3400
1627757865985000,0,0.14145434,1766.7800
1627759625441000,0,0.08457001,1764.8100
1627759880469000,1,0.01806300,1770.5500
1627759974338000,1,0.12000000,1771.9100
1627759974351000,1,0.00073976,1771.9100
1627760123212000,0,0.84504895,1771.1400
1627760849086000,0,0.12965271,1765.1000
1627761232695000,0,0.02000000,1765.1000
1627762456910000,0,0.05650904,1760.7800
1627762606314000,0,0.03600000,1759.7400
1627762670857000,0,0.51473110,1762.2900
1627762670869000,0,0.56329213,1762.2900
1627762670869000,0,0.14620594,1762.2900
1627762703105000,1,0.02457908,1761.8500
1627762875858000,0,0.05638352,1764.7000
1627763162976000,0,0.02810099,1770.4000
1627763328005000,0,0.02808053,1771.6900
1627763631478000,0,2.00000000,1779.6400
1627763631478000,0,0.02554739,1779.6800
1627763631478000,0,1.21271626,1779.7200
1627763631478000,0,0.02407791,1780.0500
1627763631478000,0,1.16644117,1780.3200
1627763644015000,0,0.06250000,1780.1400
1627763645255000,0,0.43749999,1780.1400
1627763665787000,1,0.04772173,1777.7300
1627763665971000,1,0.45227827,1777.7300
1627763707032000,0,1.21210000,1779.5700
1627763731503000,0,1.21000000,1782.1800
1627764045638000,0,0.02578072,1790.2700
1627764045638000,0,0.06616708,1790.4000
1627764171615000,0,0.35525593,1792.7100
1627764171616000,0,0.14474407,1792.7100
1627764171616000,0,1.05848931,1792.8100
1627764171755000,0,0.14474408,1792.8100
1627764171755000,0,0.88155592,1793.0900
1627764500175000,0,1.07000000,1790.9300
1627764500192000,0,0.13442047,1790.9300
1627764574256000,0,1.20000000,1793.4800
1627764586328000,0,0.01665636,1796.3100
1627764733521000,1,2.00000000,1791.9200
1627764733521000,1,0.50000000,1791.7100
1627764733521000,1,0.02504586,1791.6600
1627764733521000,1,0.13162805,1791.6200
1627764733521000,1,1.20282868,1791.6100
1627764733521000,1,0.56928014,1791.4000
1627765454995000,0,0.13963750,1800.0000
1627765454995000,0,0.25000000,1800.0000
1627765454995000,0,0.15036250,1800.0000
1627765457328000,0,0.00419443,1800.0000
1627765939817000,0,0.50000000,1802.7800
1627766053522000,0,6.53000000,1805.0000
1627766054008000,0,2.32000000,1805.0000
1627766054072000,0,0.06250000,1805.0000
1627766055195000,0,0.59711640,1805.0000
1627766055197000,0,0.10960852,1805.0000
1627766055200000,0,0.59708787,1805.0000
1627766055206000,0,0.79599669,1805.0000
1627766055207000,0,0.59705933,1805.0000
1627766055210000,0,0.69638895,1805.0000
1627766055210000,0,0.59703080,1805.0000
1627766055210000,0,0.59696423,1805.0000
1627766055213000,0,0.59693571,1805.0000
1627766055214000,0,0.79582554,1805.0000
1627766055214000,0,0.59683589,1805.0000
1627766055217000,0,0.59680737,1805.0000
1627766055221000,0,0.59675035,1805.0000
1627766055225000,0,0.59677886,1805.0000
1627766055226000,0,0.59672184,1805.0000
1627766055233000,0,0.24408505,1805.0000
1627766084685000,0,2.35000000,1810.0000
1627766095349000,0,0.61000000,1810.6700
1627766108769000,0,1.19042840,1811.9000
1627766199900000,0,0.19000000,1815.6000
1627766307967000,0,0.02559543,1817.8600
1627766307967000,0,0.01279001,1817.9100
1627766337487000,0,0.02403426,1813.3300
1627766337487000,0,0.00373708,1813.7000
1627766401817000,1,0.79999999,1807.2000
1627766401818000,1,0.00000001,1807.2000
1627766401818000,1,0.14752300,1807.2000
1627766401818000,1,0.50000000,1807.0500
1627766412224000,1,0.19406200,1806.0100
1627766427492000,0,0.02456196,1811.3200
1627766427492000,0,0.02547268,1811.8000
1627766427492000,0,0.50000000,1812.0100
1627766427492000,0,0.49328905,1812.1100
1627766537465000,0,0.04000000,1814.8100
1627766589849000,1,0.02523203,1813.4000
1627766646436000,1,1.65238556,1811.3600
1627766646436000,1,0.34761444,1811.3600
1627766646436000,1,1.18895736,1811.3500
1627766646437000,1,0.02451499,1811.1900
1627766646437000,1,1.18907530,1811.1700
1627766646437000,1,0.11845979,1810.8700
1627766646437000,1,0.02482785,1810.8200
1627766646437000,1,0.29550763,1810.6200
1627766663205000,1,1.18990727,1809.5400
1627766663205000,1,0.46442681,1809.1300
1627766663208000,1,0.72608226,1809.1300
1627766663208000,1,0.92825183,1809.1100
1627766663208000,1,0.26187084,1809.1100
1627766663208000,1,0.11725379,1808.9600
1627766663208000,1,0.02479961,1808.9500
1627766819019000,0,1.18828600,1815.1800
1627766819019000,0,1.57115228,1815.3600
1627766846537000,0,0.68065611,1814.9400
1627766846546000,0,0.50769635,1814.9400
1627766846546000,0,0.02426204,1815.0000
1627766846546000,0,1.11986280,1815.1800
1627766846547000,0,0.06842320,1815.1800
1627766846547000,0,1.18946964,1815.3700
1627766846547000,0,0.02435505,1815.3700
1627767168633000,0,0.29410310,1819.7700
1627767244724000,1,0.50000000,1821.6900
1627767352059000,0,0.46172964,1822.2800
1627767352064000,0,0.72217647,1822.2800
1627767538524000,1,0.90709260,1817.1300
1627767658880000,0,0.49999999,1825.2200
1627767658884000,0,0.00000001,1825.2200
1627767929126000,0,0.02416824,1819.1800
1627767929126000,0,0.99850169,1819.2700
1627768088428000,0,0.20598878,1819.2000
1627769033077000,1,0.02403455,1812.1800
1627769033077000,1,0.02547696,1812.1600
1627769033077000,1,0.02549940,1811.4800
1627769033077000,1,0.17298161,1811.2800
1627769112771000,0,2.27000000,1815.0100
1627769112947000,0,2.60934516,1815.0100
1627769620493000,0,0.03371869,1817.2300
1627769834463000,1,0.01800000,1810.9400
1627769840658000,1,1.65339900,1809.6000
1627769840658000,1,0.34660100,1809.6000
1627769840658000,1,0.05523907,1809.5100
1627769840727000,1,0.18222893,1809.5100
1627770370494000,0,1.18671470,1817.2300
1627770370494000,0,2.00000000,1817.2300
1627770370494000,0,1.16021453,1817.4600
1627770614167000,0,2.00000000,1818.8600
1627770654201000,0,0.01718822,1819.3600
1627770714567000,0,0.28000000,1819.8700
1627770714765000,0,0.28000000,1819.8700
1627770718729000,0,0.10000000,1820.0600
1627770772609000,0,1.18000000,1819.6800
1627770782389000,0,1.18000000,1820.6000
1627770799044000,0,1.18000000,1820.0600
1627770937461000,0,1.09000000,1820.5900
1627770964144000,0,1.18514683,1819.7300
1627770977515000,0,1.18000000,1819.9400
1627770977552000,0,0.00508380,1819.9400
1627770989587000,0,1.18492249,1820.2500
1627771244467000,0,0.02000000,1820.5400
1627771255987000,0,0.42000000,1820.5300
1627771256035000,0,0.42000000,1820.5300
1627771256056000,0,0.72520000,1820.5300
1627771256211000,0,0.34000000,1820.5300
1627771256239000,0,0.09480000,1820.5300
1627771263121000,0,1.18479483,1820.7400
1627771284814000,0,0.28000000,1820.7800
1627771284832000,0,0.39000000,1820.7800
1627771307686000,0,0.02112880,1820.8100
1627771315384000,0,0.55000000,1820.4000
1627771315410000,0,0.63476065,1820.4000
1627771531421000,0,1.18070000,1827.4100
1627771999532000,0,1.18119546,1826.0800
1627771999532000,0,0.50000000,1826.2000
1627771999532000,0,0.02459786,1826.2300
1627771999532000,0,0.66860934,1826.3000
1627772072383000,0,0.75357446,1825.2500
1627772084735000,0,1.18154975,1826.4900
1627772498359000,0,0.02394068,1821.6200
1627772547973000,0,1.18000000,1820.3600
1627772625116000,0,1.18340000,1823.0000
1627772639804000,1,0.02481168,1822.9100
1627772639804000,1,0.50000000,1822.7000
1627772639804000,1,0.02445149,1822.5100
1627772639804000,1,1.18241084,1822.4400
1627772639804000,1,0.26832599,1822.1900
1627773064266000,0,0.02300423,1828.1700
1627773236677000,0,2.29100000,1830.0000
1627773237507000,0,0.03000000,1830.0000
1627773237510000,0,5.56424670,1830.0000
1627773814879000,0,0.92120000,1828.0000
1627773814893000,0,0.25855137,1828.0000
1627774122470000,1,0.01800000,1829.9900
1627774295956000,0,0.01300000,1833.0400
1627774295984000,0,0.00056800,1833.0400
1627774322382000,1,0.02523165,1833.4500
1627774322382000,1,0.15039043,1833.1700
1627774592289000,0,0.02000000,1832.4000
1627774976802000,1,1.17863380,1828.8800
1627774979541000,1,0.15759749,1828.8800
1627774979669000,1,1.02103631,1828.8800
1627774979669000,1,0.82136620,1828.8400
1627774981137000,1,2.00000000,1828.3700
1627774986916000,1,0.50000000,1828.0000
1627774986916000,1,0.38900000,1827.8100
1627774987356000,1,0.89300000,1827.8100
1627774998004000,1,1.17936145,1827.1600
1627775007763000,1,0.50000000,1828.2100
1627775007763000,1,0.36700000,1828.2100
1627775013168000,1,2.00000000,1827.9400
1627775014023000,1,0.20000000,1827.9100
1627775016547000,1,1.10000000,1827.8900
1627775016616000,1,0.07901501,1827.8900
1627775019095000,0,1.17000000,1829.4100
1627775025677000,1,2.00000000,1829.0000
1627775028404000,1,2.00000000,1829.0000
1627775028956000,1,0.50000000,1828.9900
1627775028956000,1,0.47600000,1828.8900
1627775030716000,1,0.40000000,1828.7100
1627775030792000,1,0.09187945,1828.4000
1627775030792000,1,0.06112055,1828.3600
1627775030863000,1,0.40000000,1828.3600
1627775044827000,1,4.00000000,1829.3700
1627775051261000,1,0.43800000,1829.8200
1627775051366000,1,0.30200000,1829.8200
1627775051788000,1,0.43800000,1829.8200
1627775057805000,1,0.00010427,1829.8200
1627775057805000,1,0.55789573,1829.8200
1627775064388000,1,0.62020854,1829.8200
1627775064388000,1,0.13279146,1829.7300
1627775064452000,1,0.12100000,1829.7300
1627775064521000,1,0.55000000,1829.8200
1627775069199000,1,0.62800000,1829.8200
1627775071252000,1,0.00010427,1829.8200
1627775071252000,1,0.62810427,1829.4400
1627775077798000,1,0.13167932,1828.5300
1627775084915000,1,0.15000000,1829.0900
1627775084980000,1,0.90601950,1829.0900
1627775085059000,1,0.07200000,1829.0900
1627775085124000,1,0.05023722,1829.0900
1627775093352000,1,0.15274656,1829.0900
1627775093416000,1,0.65000000,1829.0900
1627775093481000,1,0.37551016,1829.0900
1627775093481000,1,0.00248984,1828.7900
1627775095763000,1,1.17825672,1829.0900
1627775098353000,1,1.17825672,1829.0900
1627775101319000,1,0.14731990,1829.0900
1627775112540000,1,1.17802430,1829.4800
1627775115743000,1,0.12200000,1829.4800
1627775115819000,1,0.50000000,1829.4000
1627775115819000,1,0.08877746,1829.3100
1627775115819000,1,0.02582412,1829.1500
1627775115819000,1,0.44139842,1829.0900
1627775117929000,1,0.86800000,1829.2800
1627775120198000,1,0.50000000,1829.2600
1627775120198000,1,0.48900000,1828.3600
1627775120358000,1,0.77100000,1828.8100
1627775129495000,1,1.17780942,1829.6500
1627775135287000,1,1.17764157,1829.6500
1627775137869000,1,0.00016785,1829.6500
1627775137869000,1,0.90500000,1829.6500
1627775137933000,1,0.27200000,1829.6500
1627775138322000,1,0.00080942,1829.6500
1627775138322000,1,0.08776580,1829.3700
1627775138322000,1,0.80042478,1829.3600
1627775139221000,1,0.06467534,1829.3600
1627775146099000,1,0.10000000,1829.6500
1627775146199000,1,1.07780942,1829.6500
1627775146199000,1,0.09919058,1829.3600
1627775149489000,1,0.24079015,1829.6500
1627775149554000,1,0.24079015,1829.6500
1627775149616000,1,0.69622912,1829.6500
1627775149851000,1,0.21351872,1829.3600
1627775149851000,1,0.50000000,1829.2300
1627775149851000,1,0.18648128,1829.1200
1627775149946000,1,0.15100000,1829.1200
1627775150011000,1,0.12600000,1829.1200
1627775158792000,1,1.17700000,1829.6500
1627775163736000,1,0.56375454,1829.8300
1627775163814000,1,0.13929947,1829.8300
1627775165334000,1,0.47460395,1829.8300
1627775165334000,1,0.00080942,1829.6500
1627775165334000,1,0.40158663,1829.6500
1627775165449000,1,0.76400000,1829.8300
1627775173719000,1,2.00000000,1828.9600
1627775177417000,1,0.02706912,1828.9400
1627775177417000,1,0.50000000,1828.9300
1627775177417000,1,0.04993088,1828.7200
1627775182324000,1,0.41700000,1829.0000
1627775182390000,1,0.76100000,1829.0000
1627775186424000,1,0.00005617,1829.0000
1627775186424000,1,0.24276287,1829.0000
1627775186496000,1,0.34918096,1829.0000
1627775187564000,1,0.36600000,1829.0000
1627775195576000,1,0.06306613,1828.8000
1627775200503000,1,0.08283499,1828.8100
1627775200503000,1,0.70916501,1828.8000
1627775201062000,1,0.40595502,1828.8000
1627775201062000,1,0.08283499,1828.6100
1627775201062000,1,0.16420999,1828.6000
1627775208886000,1,0.08099976,1828.1400
1627775208886000,1,0.50000000,1828.1300
1627775208886000,1,0.59700024,1828.0400
1627775208956000,1,0.37844643,1828.0400
1627775209027000,1,0.20266791,1828.0400
1627775209027000,1,0.20251491,1827.8400
1627775209027000,1,0.39481718,1827.8300
1627775212624000,1,1.17811458,1828.0400
1627775212624000,1,0.00039754,1827.8300
1627775213493000,1,0.07782604,1827.8400
1627775213493000,1,0.07817123,1827.8300
1627775214341000,1,0.70509290,1827.8300
1627775214341000,1,0.20251491,1827.3700
1627775214341000,1,0.11490704,1827.3500
1627775220592000,1,0.07468027,1827.8400
1627775220592000,1,0.27531973,1827.8300
1627775220681000,1,0.10700000,1827.3600
1627775220761000,1,0.08758637,1827.3600
1627775220761000,1,0.07468027,1827.3600
1627775220761000,1,0.52873336,1827.3500
1627775223146000,1,0.50000000,1827.4500
1627775223146000,1,0.37500000,1827.0800
1627775228804000,1,1.17907379,1827.5800
1627775228868000,1,0.07083596,1827.3500
1627775228868000,1,0.60769978,1827.3400
1627775231110000,1,0.50000000,1827.5800
1627775231363000,0,0.02000000,1828.3200
1627775232190000,1,0.80425041,1827.0800
1627775234878000,0,0.02000000,1829.1300
1627775249403000,1,1.17800000,1828.9400
1627775251077000,1,0.00019839,1828.9400
1627775251077000,1,1.17819839,1828.9400
1627775259651000,1,0.26800000,1830.0600
1627775259714000,1,0.23200000,1830.0600
1627775259714000,1,0.20000000,1829.9700
1627775259714000,1,0.06800000,1829.9600
1627775259788000,1,0.05900000,1829.9600
1627775259856000,1,0.35000000,1829.9600
1627775264151000,1,0.50000000,1830.0600
1627775264151000,1,0.20000000,1829.9700
1627775264151000,1,0.27100000,1829.9600
1627775272583000,1,0.40000000,1830.4200
1627775272583000,1,0.57100000,1830.4100
1627775274770000,1,0.40000000,1830.4200
1627775274770000,1,0.08200000,1830.4100
1627775282472000,1,0.50000000,1831.3000
1627775286598000,1,0.59700000,1831.6500
1627775290088000,1,0.57965063,1831.6500
1627775290088000,1,0.08134937,1831.4200
1627775293847000,1,1.17600000,1831.6500
1627775299528000,1,0.00065063,1831.6500
1627775299528000,1,0.69134937,1831.6500
1627775299592000,1,0.48530126,1831.6500
1627775299592000,1,0.17969874,1831.5800
1627775306188000,1,0.62400000,1832.1200
1627775306421000,1,0.55249609,1832.1200
1627775306487000,1,1.17600000,1831.9300
1627775309828000,1,0.50000000,1831.4000
1627775309828000,1,0.29800000,1831.2000
1627775316600000,1,0.04500000,1831.8500
1627775316663000,1,0.48100000,1831.8500
1627775316724000,1,0.60000000,1831.8500
1627775316790000,1,0.05000000,1831.8500
1627775333405000,1,0.31920123,1833.2000
1627775338705000,1,0.50000000,1833.3000
1627775338705000,1,0.47100000,1833.2000
1627775339142000,1,0.38537828,1833.2000
1627775347222000,1,1.17557951,1833.2000
1627775348147000,1,1.17543997,1833.5700
1627775356941000,1,0.00001545,1833.5700
1627775356941000,1,0.85298455,1833.5700
1627775363194000,1,0.32247087,1833.5700
1627775363194000,1,0.27552913,1833.4800
1627775369463000,1,1.17545542,1833.5700
1627775376242000,1,1.17545542,1833.5700
1627775377768000,1,1.17545542,1833.5700
1627775524668000,0,1.17000000,1829.0600
1627775674544000,0,1.96000000,1827.8700
1627775760733000,1,0.01300000,1822.7000
1627775920543000,0,0.02414190,1821.9800
1627775932464000,0,0.04000000,1823.4300
1627775943522000,0,0.02484409,1822.7000
1627775943522000,0,0.02400881,1823.1000
1627775943522000,0,1.18296563,1823.2300
1627775943522000,0,0.02572051,1823.5100
