timestamp ms,type,amount,price
1622332892440000,0,0.04667606,1613.2300
1622332895254000,0,2.13984810,1611.6200
1622332895553000,0,12.86000000,1611.6200
1622332895603000,0,0.00015190,1611.6200
1622332923655000,1,0.03000000,1604.1900
1622332923690000,1,0.00329690,1604.1900
1622333211740000,1,0.04231867,1601.5900
1622333211740000,1,0.10580065,1601.5900
1622333214748000,1,4.90020848,1600.9000
1622333309031000,1,0.04054721,1605.0400
1622333344343000,1,0.04006544,1606.8500
1622333344343000,1,0.95993456,1606.8400
1622333649446000,0,6.20000000,1591.8800
1622333927434000,1,0.05000000,1579.4900
1622333927448000,1,0.13809856,1579.4900
1622334193433000,1,0.31126284,1572.8100
1622334193433000,1,1.20610394,1572.3600
1622334231339000,1,1.34938292,1569.8400
1622334231339000,1,0.16770687,1569.4400
1622334231341000,1,1.18203810,1569.4400
1622334231341000,1,0.05000000,1569.3900
1622334231361000,1,1.30000000,1568.7100
1622334231361000,1,0.21708980,1568.6100
1622334231377000,1,0.06104405,1568.6100
1622334231377000,1,1.35042444,1568.6000
1622334231377000,1,0.05000000,1568.4700
1622334231377000,1,0.05562131,1568.2100
1622334231400000,1,1.29514089,1568.2100
1622334231400000,1,0.05000000,1568.0900
1622334231400000,1,0.17194890,1567.8300
1622334231766000,1,0.05000000,1568.9900
1622334231766000,1,0.05000000,1568.1800
1622334231766000,1,0.76717000,1567.8500
1622334231766000,1,0.27794621,1567.8400
1622334231766000,1,0.28050745,1567.8300
1622334475181000,1,0.06000000,1567.0000
1622334475336000,1,0.00684110,1567.0000
1622334627906000,0,1.49382348,1574.4500
1622334628879000,0,0.40617651,1574.4500
1622334628921000,0,0.00000001,1574.4500
1622334813142000,1,0.04984290,1562.6700
1622334813142000,1,0.05015710,1562.6600
1622334813148000,1,0.00073183,1562.6600
1622334956386000,1,3.20513331,1556.1100
1622334957331000,1,0.05000000,1555.0000
1622334957569000,1,0.95000000,1555.0000
1622335027668000,1,0.06883719,1550.4700
1622335027668000,1,1.00000000,1550.0000
1622335027668000,1,15.70611848,1550.0000
1622335028192000,1,0.34234603,1550.0000
1622335028192000,1,0.45745339,1545.1700
1622335704107000,0,0.58704262,1546.5000
1622335765234000,0,0.55082111,1560.1500
1622335765234000,0,0.96772359,1560.7500
1622335765235000,0,1.51854469,1560.7500
1622335765237000,0,1.09293159,1560.7500
1622336053177000,1,1.30000000,1565.1500
1622336065170000,1,0.13051653,1565.3400
1622336065170000,1,1.30000000,1565.3400
1622336097543000,1,1.30000000,1566.2700
1622336244714000,1,0.10936436,1571.4600
1622336244758000,1,0.02611010,1571.4600
1622336338526000,1,1.40000000,1570.9400
1622336571079000,1,5.20000000,1581.1300
1622336639929000,1,0.12963171,1584.1600
1622336639929000,1,2.20000000,1584.1500
1622336642502000,1,2.20000000,1583.7900
1622336642664000,0,13.80000000,1583.7900
1622337151224000,1,5.30246763,1567.8900
1622337237923000,1,0.09765904,1565.6600
1622337237969000,1,0.00000001,1565.6600
1622337312756000,0,4.87000000,1568.6400
1622337404207000,1,1.30000000,1574.0100
1622337601672000,1,0.15444997,1570.8600
1622337605195000,1,1.30000000,1570.7200
1622337609243000,0,1.35086274,1571.0900
1622337609243000,0,1.35086274,1571.3800
1622337609243000,0,0.05000000,1571.7000
1622337609243000,0,1.26827452,1571.9200
1622337619041000,0,1.30000000,1568.0700
1622337623210000,1,4.86472147,1566.9800
1622337716962000,0,4.23000000,1567.5400
1622337717033000,0,16.55604696,1567.5400
1622337786006000,1,0.15000000,1567.6500
1622337831694000,1,0.14297614,1568.7900
1622337831694000,1,0.35744125,1568.7900
1622337872120000,1,0.33473224,1564.0500
1622337872120000,1,0.13389270,1564.0500
1622337956217000,0,16.00000000,1562.1900
1622337964032000,1,0.12295498,1562.1700
1622337964081000,1,0.70444101,1562.1700
1622338604080000,1,1.30000000,1566.2100
1622338604199000,0,0.10042542,1566.2100
1622338604663000,0,14.59000000,1566.2100
1622338604667000,0,0.00957458,1566.2100
1622338674258000,1,0.08878915,1560.4300
1622338698848000,0,5.33000000,1559.2200
1622338698861000,0,0.00563314,1559.2200
1622339078325000,1,1.30000000,1558.6400
1622339081643000,1,1.30000000,1557.9800
1622339158364000,0,1.00000000,1564.5500
1622339165680000,1,1.30000000,1564.4800
1622339298243000,1,1.30000000,1568.2400
1622339315699000,1,4.92513121,1566.5100
1622339394313000,1,0.06852603,1567.1900
1622339399786000,1,0.06780129,1566.3100
1622339509492000,1,3.10000000,1571.8800
1622339520189000,1,3.10000000,1571.1800
1622339536098000,1,20.75663818,1570.4600
1622339645211000,0,0.06326900,1572.6500
1622339680261000,0,5.30000000,1575.0200
1622339775162000,1,0.05152126,1575.0400
1622339822094000,1,0.05042606,1573.0400
1622339832331000,1,0.04879895,1570.8800
1622339850810000,1,0.04822992,1571.1500
1622339855207000,1,0.04771618,1571.0100
1622339855207000,1,1.30000000,1571.0000
1622339865627000,1,0.04718182,1570.4600
1622339885539000,1,0.04670123,1568.8000
1622339935832000,1,0.04615547,1569.9800
1622339946375000,1,1.35060687,1569.4900
1622339946425000,0,1.30000000,1569.4900
1622339948634000,1,1.35038947,1569.8900
1622339948746000,0,1.35038947,1569.8400
1622339981899000,1,0.04555273,1572.4700
1622340003540000,1,5.21865499,1571.7600
1622340036563000,0,0.23618825,1572.2100
1622340080562000,0,16.00000000,1569.8300
1622340128741000,0,0.03165442,1571.6600
1622340192659000,0,16.00000000,1569.6000
1622340221543000,0,4.60000000,1570.3400
1622340273860000,0,5.40000000,1566.2100
1622340297724000,0,0.83000000,1567.0500
1622340297806000,0,2.35000000,1567.0500
1622340297901000,0,1.92000000,1567.0500
1622340301006000,0,8.00000000,1567.9400
1622340463945000,0,5.03000000,1580.1000
1622340466480000,0,0.54000000,1581.4100
1622340467318000,0,0.00315454,1581.4100
1622340471177000,0,1.35000000,1582.7400
1622340474021000,0,0.00734378,1582.7400
1622340517777000,0,4.60000000,1582.3400
1622340551714000,0,4.91000000,1579.5900
1622340551775000,0,1.19000000,1579.5900
1622340564177000,0,5.20000000,1579.5600
1622340564756000,0,1.30000000,1580.9800
1622340564767000,0,1.34213963,1581.0800
1622340564767000,0,0.17244811,1581.5000
1622340579855000,0,4.77000000,1583.4200
1622340579858000,0,0.00010884,1583.4200
1622340668208000,1,1.33917281,1579.5300
1622340744599000,0,0.28000000,1579.6800
1622340745130000,0,6.12000000,1579.6800
1622340784886000,1,4.96581344,1578.8500
1622340833885000,0,0.22000000,1579.4100
1622340833895000,0,4.78000000,1579.4100
1622340855279000,0,7.40000000,1579.6000
1622340899805000,0,5.30000000,1579.8000
1622340914532000,0,5.73000000,1581.8200
1622340914622000,0,0.67000000,1581.8200
1622340955079000,0,5.17000000,1584.9400
1622340957620000,0,1.22094428,1585.8000
1622340960448000,0,4.77000000,1585.8000
1622340977871000,0,2.47000000,1588.3500
1622340977883000,0,2.23000000,1588.3500
1622340998519000,0,1.51519055,1586.7000
1622340998520000,0,1.51519055,1586.7000
1622340998525000,0,1.51519055,1586.7000
1622340998528000,0,1.51519055,1586.7000
1622340998534000,0,0.83923780,1586.7000
1622340998560000,0,1.33733506,1586.7200
1622340998560000,0,0.17785549,1586.7500
1622341107510000,0,7.05600000,1587.4900
1622341110116000,0,0.14112000,1587.4900
1622341110195000,0,0.00288000,1587.4900
1622341149285000,0,5.96000000,1589.9200
1622341149419000,0,2.04000000,1589.9200
1622341171016000,0,5.90000000,1590.1600
1622341203353000,0,7.10000000,1592.0300
1622341352495000,1,0.04236800,1586.3000
1622341352722000,1,0.10500000,1586.0100
1622341379294000,0,3.58000000,1587.5700
1622341379342000,0,4.52000000,1587.5700
1622341402724000,0,7.10000000,1589.6200
1622341450181000,0,6.40000000,1586.1600
1622341451339000,0,5.60000000,1587.0600
1622341479294000,0,5.30000000,1590.4500
1622341500434000,0,0.10500000,1587.4700
1622341532543000,0,6.30000000,1591.1500
1622341610475000,0,5.39000000,1592.1800
1622341610478000,0,0.11000000,1592.1800
1622341619492000,0,6.00000000,1594.5100
1622341640736000,0,0.53854048,1595.0000
1622341754514000,0,0.72000000,1597.2600
1622341754550000,0,0.18000000,1597.2600
1622341754584000,0,6.00000000,1597.2600
1622341780673000,0,6.20000000,1597.3000
1622341798679000,0,3.76000000,1596.7300
1622341841347000,0,4.35000000,1592.7400
1622341851767000,0,0.83000000,1593.9900
1622341851820000,0,1.60000000,1593.9900
1622341892617000,0,1.99000000,1596.0500
1622341892671000,0,0.20000000,1596.0500
1622341892693000,0,2.02000000,1596.0500
1622341897887000,0,7.90000000,1596.0800
1622341926730000,0,4.00000000,1598.7700
1622341926816000,0,2.70000000,1598.7700
1622341949103000,0,6.50000000,1597.9600
1622342022694000,0,4.03000000,1600.9300
1622342022701000,0,3.27000000,1600.9300
1622342097073000,0,5.60000000,1601.9700
1622342098586000,0,4.80000000,1602.8100
1622342120866000,0,6.60000000,1601.3100
1622342126012000,0,4.50000000,1602.6400
1622342164056000,0,4.80000000,1602.8500
1622342208450000,0,5.00000000,1600.6700
1622342329916000,0,5.10000000,1599.0900
1622342378535000,0,5.30000000,1600.4100
1622342380003000,0,4.40000000,1601.2500
1622342406043000,0,5.10000000,1600.2100
1622342410326000,0,6.20000000,1601.2000
1622342434503000,0,7.10000000,1601.3000
1622342484885000,0,6.90000000,1599.7100
1622342623710000,0,0.38834146,1604.8400
1622342623756000,0,1.68078096,1604.8400
1622342623778000,0,0.26329419,1604.8400
1622342623817000,0,0.38814681,1604.8400
1622342623845000,0,0.19066941,1604.8400
1622342623882000,0,0.45103857,1604.8400
1622342623933000,0,0.49419908,1604.8400
1622342624637000,0,0.13358609,1604.8400
1622342624829000,0,1.01551513,1604.8400
1622342624839000,0,0.47909150,1604.8400
1622342624962000,0,2.21533680,1604.8400
1622342656693000,0,0.38073280,1610.4100
1622342657141000,0,0.38073280,1610.4100
1622342657613000,0,0.38073280,1610.4100
1622342661854000,0,3.66000000,1610.4100
1622342661868000,0,0.00807808,1610.4100
1622342871739000,0,2.83000000,1603.0400
1622342871784000,0,2.57000000,1603.0400
1622342885253000,0,0.13000000,1605.3100
1622342918323000,0,3.96000000,1604.2400
1622342918339000,0,0.32000000,1604.2400
1622342918349000,0,0.52000000,1604.2400
1622342930371000,0,1.86558576,1604.2200
1622342952978000,0,7.25200000,1603.1200
1622342980010000,0,0.16336062,1602.5900
1622343014482000,0,6.50000000,1603.4500
1622343014611000,0,0.53542575,1604.0700
1622343015773000,0,7.20000000,1604.3100
1622343049680000,0,5.20000000,1603.7200
1622343053098000,0,3.78000000,1604.6200
1622343053126000,0,0.92000000,1604.6200
1622343117310000,0,1.52000000,1605.0900
1622343117376000,0,1.59000000,1605.0900
1622343214682000,0,1.13000000,1606.0000
1622343214686000,0,1.13000000,1606.0000
1622343214704000,0,1.13000000,1606.0000
1622343216458000,0,5.48800000,1606.8600
1622343236204000,0,5.90000000,1608.0100
1622343394355000,0,5.78200000,1605.4400
1622343394582000,0,0.11799999,1605.4400
1622343394586000,0,0.00000001,1605.4400
1622343469530000,0,7.10000000,1608.1500
1622343488174000,0,7.90000000,1607.8200
1622343494483000,0,0.90000000,1608.7000
1622343541287000,0,2.42000000,1610.3900
1622343600608000,0,0.42120656,1613.8400
1622343998860000,0,5.30000000,1610.3200
1622344000524000,0,6.95800000,1611.3600
1622344051136000,0,5.30000000,1611.4500
1622344071874000,0,5.90000000,1611.0800
1622344073484000,0,1.31000000,1611.5100
1622344077165000,0,1.31000000,1611.8200
1622344077254000,0,0.00585616,1611.8200
1622344082300000,0,0.05000000,1612.5600
1622344108781000,0,4.50800000,1611.6300
1622344179879000,0,6.30000000,1610.7300
1622344226370000,1,0.02798789,1610.4500
1622344269963000,0,6.66000000,1613.6100
1622344269998000,0,0.44000000,1613.6100
1622344271960000,0,5.70000000,1614.5200
1622344284621000,0,1.32785453,1617.5600
1622344284621000,0,0.18078413,1617.7200
1622344288492000,0,3.22000000,1617.7200
1622344289107000,0,0.00483677,1617.7200
1622344426270000,0,0.22000000,1618.9000
1622344426318000,0,0.08000000,1618.9000
1622344426318000,0,1.59000000,1618.9000
1622344431058000,0,5.61000000,1618.9000
1622344534328000,0,1.61734200,1627.6600
1622344550183000,1,0.73692418,1623.2800
1622344550184000,1,0.00404582,1623.2800
1622344550300000,1,0.55000000,1623.1600
1622344627757000,0,0.55000000,1621.9400
1622344663796000,0,7.70000000,1623.2500
1622344668831000,0,6.60000000,1624.5100
1622344694047000,0,0.30000000,1624.2700
1622344694090000,0,2.33000000,1624.2700
1622344760485000,0,0.50000000,1625.9700
1622344760495000,0,1.48000000,1625.9700
1622344760501000,0,0.50000000,1625.9700
1622344760723000,0,3.32000000,1625.9700
1622344767075000,0,6.10000000,1626.8100
1622344804844000,0,6.10000000,1630.6200
1622344853035000,1,0.01236438,1630.8400
1622344864373000,1,0.06409113,1630.5900
1622344895880000,1,0.05000000,1626.9400
1622344984254000,0,6.00000000,1626.0100
1622345024556000,0,5.50000000,1625.4100
1622345094848000,0,5.60000000,1621.7300
1622345101259000,0,0.93000000,1622.3800
1622345176142000,1,0.03466205,1615.9000
1622345176153000,1,0.00000001,1615.9000
1622345176153000,1,1.21712278,1615.6300
1622345189565000,0,7.00000000,1616.4400
1622345220439000,0,0.24000000,1614.8900
1622345245957000,1,0.66423719,1615.7800
1622345245960000,1,0.64688779,1615.7800
1622345246303000,1,0.02973421,1615.4300
1622345293178000,0,7.80000000,1615.2300
1622345332162000,1,1.20000000,1613.1300
1622345333250000,1,0.16575788,1612.4100
1622345337553000,1,5.17515901,1612.0500
1622345586031000,1,1.31625431,1609.5400
1622345605349000,1,0.05000000,1608.6700
1622345842111000,0,6.30000000,1605.0200
1622345954528000,0,7.30000000,1608.9200
1622346170953000,0,3.43000000,1608.0400
1622346260361000,1,0.03000000,1609.3500
1622346260398000,1,0.00534630,1609.3500
1622346280887000,0,1.80000000,1610.1000
1622346383060000,1,0.06998870,1615.5000
1622346423642000,1,0.03266217,1615.8000
1622346423645000,1,0.00000001,1615.8000
1622346423766000,1,0.03087168,1615.7200
1622346423898000,1,0.05000000,1615.7100
1622346423995000,1,0.03071404,1615.7100
1622346439343000,0,5.10000000,1617.9700
1622346498308000,0,0.05000000,1618.3400
1622346714989000,0,1.33027935,1626.0200
1622346714994000,0,1.50729989,1626.0200
1622346715005000,0,0.66421545,1626.0200
1622346753014000,1,0.06196197,1623.3300
1622346753067000,1,0.00000001,1623.3300
1622346889444000,1,0.05502215,1627.4300
1622346889444000,1,0.07215215,1627.4200
1622346889455000,1,0.53060093,1627.4200
1622347056755000,0,1.30794598,1621.7700
1622347056755000,0,0.20374795,1621.9300
1622347056783000,0,1.10455109,1621.9300
1622347056783000,0,0.40714284,1622.1200
1622347056786000,0,0.90056493,1622.1200
1622347056786000,0,0.61112900,1622.5100
1622347056800000,0,0.69628556,1622.5100
1622347056800000,0,0.52930409,1622.9200
1622347056800000,0,0.28610428,1622.9300
1622347059114000,1,0.05000000,1623.7400
1622347230876000,0,5.13000000,1628.3000
1622347230878000,0,0.00117479,1628.3000
1622347381975000,1,0.12000000,1621.1600
1622347382176000,1,0.00349191,1621.1600
1622347484074000,0,4.70000000,1614.9200
1622347511426000,0,7.10000000,1615.3600
1622347647420000,1,0.10771504,1614.1300
1622347680351000,0,4.90000000,1614.8700
1622347727380000,0,0.29158472,1615.9600
1622347727607000,0,4.60841528,1615.9600
1622348125149000,0,4.97000000,1617.1600
1622348125160000,0,0.00471405,1617.1600
1622348238514000,1,5.06722123,1613.0500
1622348238526000,1,0.10341268,1613.0500
1622348364635000,0,5.20000000,1611.1300
1622348406740000,0,3.70000000,1612.2500
1622348588679000,1,0.10686356,1611.5100
1622348588679000,1,0.04274542,1611.5100
1622348588679000,1,1.31398967,1611.5000
1622348588679000,1,0.05326923,1611.3000
1622348588705000,1,0.22457603,1611.3000
1622348625595000,0,1.51859160,1611.2400
1622348625623000,0,0.62213290,1611.2400
1622348625651000,0,0.09099644,1611.2400
1622348625679000,0,1.16827906,1611.2400
1622349076080000,0,7.90000000,1625.5300
1622349822401000,0,1.00384056,1630.5400
1622349954619000,1,0.06000000,1629.7400
1622349954740000,1,0.00274735,1629.7400
1622350003359000,0,0.04340000,1627.4300
1622350255663000,0,0.29010477,1629.1700
1622350504779000,0,5.70000000,1623.0600
1622350539122000,0,0.64000000,1622.9000
1622350539160000,0,1.15000000,1622.9000
1622350543884000,0,5.90000000,1624.1800
1622350573213000,0,5.76000000,1624.4500
1622350573214000,0,1.64000000,1624.4500
1622350972908000,0,0.52650492,1631.2800
1622351027523000,0,1.50429278,1634.3600
1622351027534000,0,0.30696437,1634.3600
1622351027535000,0,1.10515877,1634.3600
1622351027539000,0,0.77584745,1634.3600
1622351162266000,0,0.31000000,1637.9600
1622351463753000,0,4.33000000,1639.4200
1622351463757000,0,0.90027462,1639.4200
1622351541900000,0,1.20000000,1650.0100
1622351597295000,0,0.90409491,1649.5400
1622351650986000,1,9.00000000,1644.7100
1622351767060000,0,0.93684291,1650.6000
1622352307751000,0,1.17558508,1662.5800
1622352307785000,0,0.10047341,1662.5800
1622352995229000,0,1.28000000,1666.8900
1622352995275000,0,0.00940367,1666.8900
1622353347083000,0,0.44000000,1673.8800
1622353512039000,0,0.25565630,1675.0100
1622353630052000,1,0.55000000,1680.9900
1622353635057000,1,1.45000000,1680.9900
1622353706782000,0,0.47412787,1684.0000
1622353987279000,0,1.00000000,1675.2900
1622354026528000,0,1.26502916,1677.1700
1622354026528000,0,4.76348058,1677.4900
1622354349621000,1,5.01000000,1675.2600
1622354481114000,0,6.10000000,1686.3600
1622354489432000,0,0.50916166,1687.4600
1622354489435000,0,1.25806389,1687.8800
1622354489435000,0,0.21998497,1687.9100
1622354489882000,0,0.55000000,1688.4900
1622354490184000,0,0.72000000,1688.4900
1622354493755000,0,0.00286586,1688.4900
1622354493755000,0,4.72719062,1689.4000
1622354514048000,0,0.55000000,1691.5200
1622354514199000,0,0.00553915,1691.5200
1622354522527000,0,0.05000000,1693.9300
1622354522527000,0,1.25239613,1694.0300
1622354522527000,0,7.02995208,1694.1200
1622354542348000,0,0.21545901,1692.5700
1622354545872000,0,0.10020683,1693.1000
1622354570897000,0,0.05000000,1696.1300
1622354703712000,0,1.38313605,1697.2300
1622354830849000,1,1.70000000,1696.7800
1622354863551000,0,1.24946913,1697.9300
1622354863551000,0,1.24982809,1698.0800
1622354863551000,0,0.76151913,1698.3300
1622354887891000,0,1.24923743,1698.5100
1622354887891000,0,0.96969278,1698.6800
1622354960670000,0,0.03508139,1704.7900
1622354972358000,0,1.20955349,1704.7900
1622354979680000,0,1.24000000,1703.9700
1622354989783000,1,4.70000000,1700.7700
1622355103930000,1,4.77889540,1696.6900
1622355284980000,0,0.50714715,1693.6800
1622355290446000,0,5.05000000,1694.4200
1622355434903000,1,0.05442919,1694.4100
1622355498090000,1,4.73880506,1694.3600
1622355709238000,1,0.04999999,1704.4000
1622355709247000,1,1.19293877,1704.4000
1622355709247000,1,0.27535638,1704.0400
1622355721126000,0,0.36375430,1705.7800
1622355960084000,0,0.54191302,1698.0400
1622355967443000,0,0.07911959,1696.9800
1622355967981000,0,1.37928005,1696.9800
1622356033882000,0,6.10000000,1696.6000
1622356117767000,0,5.50000000,1700.4000
1622356130678000,0,0.58499273,1700.9100
1622356666348000,0,0.88716969,1699.1200
1622356831145000,0,0.32812680,1712.9300
1622356838815000,0,0.50138879,1712.3100
1622356838815000,0,0.96858168,1712.3200
1622356838833000,0,0.27084323,1712.3200
1622357207906000,0,0.15967709,1707.2700
1622357220410000,0,0.05561954,1706.9500
1622357234852000,0,3.26000000,1709.3700
1622357234890000,0,0.00585582,1709.3700
1622357312587000,0,1.23569800,1720.2800
1622357463190000,1,0.77449783,1716.3400
1622357463201000,1,0.56449103,1716.3400
1622357463290000,1,0.55000000,1716.3400
1622357463291000,1,0.02803011,1716.3400
1622357464861000,1,0.01548926,1716.3400
1622357464868000,1,0.08552335,1716.3400
1622357465905000,1,0.18196841,1716.3400
1622357465906000,1,0.00000001,1716.3400
1622357512174000,0,0.06464134,1718.8200
1622357524888000,0,0.17415171,1719.9600
1622357620355000,0,0.20978515,1719.7900
1622357654452000,0,1.23541191,1717.8100
1622357654452000,0,0.16854498,1718.0300
1622357753189000,0,0.40722800,1722.4000
1622357753207000,0,0.82509496,1722.4000
1622357753226000,0,1.24609236,1722.8800
1622357753226000,0,0.22069410,1722.8800
1622357859466000,0,1.01553356,1720.7900
1622357885910000,0,0.12898798,1720.1100
1622357886442000,0,0.49768279,1720.1100
1622358054385000,0,0.04344014,1722.3700
1622358143664000,0,0.82901100,1727.5000
1622358246292000,0,0.09767627,1729.4100
1622358262003000,1,1.46235501,1729.5800
1622358346016000,0,0.86293861,1729.5900
1622358443931000,0,0.49760239,1724.4800
1622358443931000,0,1.24417060,1724.4800
1622358722920000,1,5.60000000,1718.0000
1622358762827000,0,6.40000000,1715.5300
1622358803460000,0,4.10000000,1715.1200
1622358817205000,0,6.80000000,1714.4900
1622358930647000,0,2.66000000,1712.9100
1622358930688000,0,2.25026466,1712.9100
1622359134916000,0,0.55000000,1715.0400
1622359155581000,0,6.70000000,1715.9600
1622359443751000,0,6.07600000,1708.5900
1622359443765000,0,0.12400000,1708.5900
1622359471210000,0,4.21400000,1705.3500
1622359471745000,0,0.08600000,1705.3500
1622359652443000,0,1.24087273,1709.3000
1622359652443000,0,0.34214185,1709.6600
1622360174179000,0,6.27200000,1720.8500
1622360174198000,0,0.05000000,1720.8500
1622360286989000,0,1.08521799,1724.5900
1622360286991000,0,1.46230429,1724.5900
1622360287032000,0,1.46230430,1724.5900
1622360370924000,0,0.74976964,1727.9300
1622360432448000,0,0.53112536,1731.5100
1622360440713000,0,0.25000000,1731.5100
1622360441440000,0,0.82536411,1731.5100
1622360447501000,0,0.88571807,1732.5200
1622361177933000,0,2.81876760,1725.7400
1622361189520000,1,0.05000000,1724.7600
1622361189520000,1,0.07858506,1724.2000
1622361189520000,1,0.50133894,1724.1900
1622361464826000,0,0.11443160,1739.0300
1622361534692000,1,0.55000000,1734.9800
1622361534837000,1,0.09177396,1734.9800
1622361597011000,1,0.11597003,1734.9400
1622361597011000,1,0.11597003,1734.9400
1622361733083000,0,0.05000000,1750.2000
1622361733083000,0,0.05000000,1750.5100
1622361733083000,0,1.21187760,1751.0700
1622361733083000,0,1.21184559,1751.0800
1622361733083000,0,1.22533351,1751.3000
1622361733083000,0,0.05000000,1751.3100
1622361733083000,0,0.05000000,1751.6900
1622361733083000,0,1.21179717,1751.8800
1622361733083000,0,0.44000000,1752.9000
1622361733083000,0,3.18468940,1752.9100
1622361733083000,0,0.69933000,1752.9200
1622361733083000,0,1.34000000,1753.8200
1622361733083000,0,1.21227352,1753.8300
1622361733083000,0,2.49383261,1765.1400
1622361736486000,0,0.05000000,1747.8300
1622361736486000,0,0.58592854,1747.8500
1622361771810000,1,0.24000000,1740.4300
1622361773641000,1,0.69114000,1740.3100
1622361781634000,1,4.73608148,1739.0800
1622361813768000,0,0.37974501,1734.9800
1622361876230000,0,0.45711928,1730.3200
1622362231226000,1,0.06990577,1724.8400
1622362231228000,1,0.00000001,1724.8400
1622362231228000,1,0.17476445,1724.5800
1622362231350000,1,0.45442012,1724.3300
1622362746186000,1,1.23396049,1716.4000
1622362746186000,1,1.23396049,1716.0900
1622362746186000,1,1.23396049,1715.7900
1622362746186000,1,0.05000000,1715.6300
1622362746186000,1,0.26811853,1715.4400
1622362895067000,0,0.08716743,1715.0900
1622362909837000,1,0.19000000,1713.1300
1622362909895000,1,0.00052086,1713.1300
1622363476397000,1,0.42120656,1716.0500
1622363655087000,1,0.01292215,1720.2400
1622363655087000,1,1.23153511,1719.9600
1622363655087000,1,0.03230576,1719.7300
1622363655087000,1,0.30625156,1719.7200
1622363794536000,0,0.57802630,1725.7000
1622363904860000,0,0.10000000,1722.4000
1622363905093000,1,0.10000000,1721.0000
1622364118859000,0,0.58065965,1713.6200
1622364442788000,0,1.23000000,1723.0800
1622364641127000,0,0.08107950,1718.1900
1622364669879000,0,1.23000000,1719.2500
1622364781119000,0,1.23363746,1719.2300
1622364787572000,0,1.23000000,1719.8500
1622364801981000,0,0.05000000,1721.2800
1622364804392000,0,0.77000000,1721.2800
1622364804400000,0,0.80000000,1721.2800
1622364815969000,0,1.23000000,1720.1500
1622364815998000,0,0.00264512,1720.1500
1622365131464000,0,0.55000000,1712.0100
1622365143838000,0,0.61877977,1710.3700
1622365145316000,0,0.34790787,1709.2800
1622365146591000,0,0.10321889,1708.5400
1622365146738000,0,0.61916115,1708.5400
1622365150499000,1,0.61929799,1708.9200
1622365150505000,1,0.00000001,1708.9200
1622365190985000,0,0.74493322,1709.1300
1622365242103000,0,0.24259445,1713.4500
1622365242377000,0,0.24749893,1713.7700
1622366118820000,1,0.01527038,1716.7800
1622366121373000,1,0.01500000,1715.2000
1622366315332000,1,0.01200000,1717.5700
1622366843992000,0,0.02700000,1716.0900
1622366844288000,0,0.36231071,1716.0900
1622366844322000,0,0.21068929,1716.0900
1622367920463000,0,0.13587673,1713.9800
1622369150013000,0,0.41138042,1717.5100
1622369674283000,1,1.20000000,1695.5800
1622370314487000,1,1.24189055,1705.0700
1622370314487000,1,1.06810945,1704.7000
1622370318894000,1,0.80000000,1705.0700
1622370677809000,1,2.97000000,1711.7200
1622370677945000,1,0.14000000,1711.7200
1622371552192000,0,0.10000000,1714.9500
1622371673341000,0,1.24245678,1706.9600
1622371689414000,1,0.10000000,1705.0000
1622371724223000,1,0.14999999,1703.0000
1622371724224000,1,0.00000001,1703.0000
1622371800293000,1,0.50000000,1698.9600
1622372327814000,0,1.02500000,1701.9200
1622372332066000,1,0.10000000,1699.8000
1622372332066000,1,1.21927848,1699.7800
1622372594637000,1,0.05000000,1699.0000
1622372594884000,1,0.06000000,1699.0000
1622372871274000,0,0.24222122,1708.2400
1622372871297000,0,1.01550920,1708.2400
1622373511139000,0,1.24084697,1708.7900
1622373511139000,0,0.94886066,1708.8000
1622373813916000,1,0.06400000,1701.9000
1622374116831000,1,1.22039228,1698.7500
1622374116833000,1,0.02490597,1698.7500
1622374344777000,1,0.03000000,1692.6800
1622374350539000,1,0.86134193,1691.5900
1622374350540000,1,0.39053765,1691.5900
1622374350540000,1,0.47720326,1691.5600
1622374350543000,1,0.77447823,1691.5600
1622374350784000,1,0.06000000,1691.0900
1622374350913000,1,0.00055955,1691.0900
1622374351287000,1,0.15142035,1691.0000
1622374426954000,1,0.71490992,1691.1800
1622374426954000,1,0.44985031,1691.1800
1622374426955000,1,0.08774407,1691.1800
1622374427076000,1,0.05000000,1691.0900
1622374427197000,1,0.00080930,1691.0900
1622374776434000,0,0.17400000,1709.3600
1622374776473000,0,7.12600000,1709.3600
1622375422319000,0,1.26776205,1715.0000
1622375422417000,0,0.73223795,1715.0000
1622375508303000,0,0.05000000,1728.8600
1622375644136000,1,0.05100000,1729.2900
1622375644699000,1,0.00052701,1729.2900
1622375727897000,0,1.23030351,1724.3000
1622375727897000,0,0.21737280,1724.4000
1622375890118000,0,0.49000000,1730.4700
1622375890149000,0,0.00656644,1730.4700
1622375890149000,0,1.24119026,1730.8000
1622375945002000,0,0.05847844,1733.0200
1622375945032000,0,1.16572505,1733.0200
1622375945313000,0,0.05000000,1733.6900
1622376004006000,0,0.57291188,1741.2800
1622376016629000,0,0.06477619,1744.1800
1622376039130000,1,0.06600000,1738.9600
1622376095086000,1,0.43300000,1730.0700
1622376143666000,0,1.22354813,1734.3300
1622376143666000,0,0.33876085,1734.4500
1622376192659000,1,0.09999999,1729.5000
1622376192663000,1,0.00000001,1729.5000
1622376211516000,1,0.05870543,1726.1900
1622376211516000,1,1.50360355,1726.1800
1622376471126000,1,1.00000000,1720.0000
1622376619376000,0,0.10987510,1720.5900
1622376846555000,1,0.10000000,1723.0000
1622378112565000,1,0.04676276,1709.3100
1622378113165000,1,1.23795866,1706.7500
1622378113165000,1,0.05000000,1706.0700
1622378113165000,1,0.05000000,1705.4600
1622378113165000,1,0.04517739,1704.8600
1622378172165000,1,0.04477141,1705.9800
1622378172631000,1,0.04477141,1705.8500
1622378172631000,1,0.00522859,1705.8400
1622378172796000,1,0.04159112,1705.8400
1622378243646000,1,0.04000000,1703.5000
1622378243714000,1,0.00055590,1703.5000
1622378291049000,0,0.55000000,1705.8200
1622378738879000,1,1.20000000,1701.5400
1622378738879000,1,0.27626932,1701.4400
1622378738881000,1,0.96836448,1701.4400
1622378738881000,1,0.10604770,1701.2200
1622378738881000,1,0.04242058,1701.2200
1622378738881000,1,0.27571770,1701.2100
1622378905607000,1,0.05000000,1695.2800
1622378905607000,1,0.02794248,1695.2400
1622378970534000,1,0.04000000,1689.0000
1622378970686000,1,0.06000000,1689.0000
1622378983758000,1,0.10000000,1680.0000
1622379419843000,1,0.03000000,1684.5100
1622379419948000,1,0.00675295,1684.5100
1622379642668000,0,0.20000000,1690.0000
1622379691060000,1,0.10000000,1689.0000
1622379801467000,1,5.17000000,1684.3600
1622379856982000,0,0.01478227,1682.4200
1622379969714000,0,0.20000000,1682.0000
1622380198713000,1,0.05000000,1688.0000
1622380198755000,1,0.05000000,1688.0000
1622380351773000,1,0.10000000,1688.0000
1622380443784000,1,0.07000000,1691.7500
1622380443934000,1,0.00094032,1691.7500
1622381041014000,1,0.07600000,1692.6900
1622381041054000,1,0.00077713,1692.6900
1622381309825000,1,0.08979893,1688.9100
1622382088064000,0,4.62734047,1685.9800
1622382139186000,1,0.05300000,1683.0500
1622382139602000,1,0.00063699,1683.0500
1622382139602000,1,0.05364781,1682.4300
1622382139602000,1,0.05313616,1682.3700
1622382139602000,1,0.29257904,1682.3600
1622382182903000,1,0.05600000,1682.3600
1622382188733000,1,0.00006266,1682.3600
1622382220262000,1,0.03850489,1679.6500
1622382220262000,1,0.16149511,1679.6400
1622382229730000,1,0.10000000,1679.0000
1622382229993000,1,0.03809095,1679.0100
1622382535826000,0,0.10000000,1688.0000
1622382952102000,0,0.10000000,1690.0300
1622383065791000,0,0.10000000,1690.5100
1622383208166000,1,0.03000000,1687.7800
1622383209000000,1,0.00000124,1687.7800
1622383211495000,1,0.09800000,1687.0000
1622383211851000,1,0.00200000,1687.0000
1622383458126000,1,5.16000000,1688.5700
1622383458172000,1,0.00704609,1688.5700
1622383506662000,0,0.10000000,1689.0400
1622384131751000,1,0.02376865,1684.7000
1622384132392000,1,0.05900000,1684.5200
1622384289300000,1,0.02048769,1671.8200
1622384301237000,1,0.02029034,1669.4100
1622384301237000,1,0.05069247,1669.1700
1622384313665000,1,0.01357568,1668.0600
1622384313665000,1,0.03394651,1667.9600
1622384313665000,1,0.08827150,1667.5800
1622384313665000,1,1.26819327,1667.4900
1622384560821000,0,0.30000000,1674.0000
1622384669949000,1,0.09082862,1665.0000
1622384674542000,1,0.00917138,1665.0000
1622384703511000,0,0.24000000,1663.6400
1622384764137000,1,0.10000000,1665.5000
1622384866420000,1,1.27686638,1658.9100
1622384866420000,1,1.22579172,1658.6000
1622384961567000,1,0.10000000,1655.0000
1622385085666000,1,0.04400000,1656.7500
1622385123983000,0,0.03060928,1656.3600
1622385852411000,0,1.40000000,1671.8300
1622385852411000,0,3.71395800,1671.9300
1622386280121000,1,0.25600000,1667.0600
1622386281753000,1,0.20000000,1667.0600
1622386281834000,1,0.00468233,1667.0600
1622386399045000,1,0.31000000,1662.4300
1622386399157000,1,0.00952524,1662.4300
1622386561509000,0,0.01495247,1663.2700
1622386584125000,1,0.18000000,1659.2700
1622386584215000,1,0.00205642,1659.2700
1622386873778000,0,0.55000000,1668.4400
1622386873904000,0,2.80138867,1668.4400
1622387052201000,0,3.35000000,1666.1100
1622387052251000,0,0.00589865,1666.1100
1622387061039000,1,0.05000000,1664.5900
1622387429741000,1,5.22000000,1672.8600
1622388423232000,0,3.69000000,1671.8400
1622388423233000,0,1.36988081,1671.8400
1622388649039000,0,0.50000000,1666.0000
1622388649039000,0,0.99301962,1666.0100
1622389060276000,1,0.02505276,1665.5800
1622389060276000,1,1.27171841,1665.5700
1622389060276000,1,0.06263115,1665.3400
1622389060276000,1,0.79188692,1665.3300
1622389348569000,1,0.10000000,1674.9000
1622389519117000,1,0.10000000,1670.0000
1622390543004000,0,0.25436672,1684.3300
1622390543004000,0,0.48535656,1684.3300
1622390543118000,0,2.57901348,1684.3300
1622390609592000,1,0.03357153,1677.2300
1622390783044000,1,1.26443610,1675.1900
1622392066123000,1,0.05100000,1701.9200
1622392066167000,1,0.00007341,1701.9200
1622392066716000,1,0.12763106,1701.8200
1622392067775000,1,0.33100000,1701.4200
1622392068097000,1,0.00093133,1701.4200
1622392479251000,0,0.38200000,1703.7800
1622392479325000,0,0.12239176,1703.7800
1622393582625000,1,0.06000000,1691.0000
1622393960001000,0,0.50000000,1701.0900
1622393960056000,0,0.00526739,1701.0900
1622394005927000,0,0.86483361,1703.5300
1622394755663000,0,1.40149299,1714.6100
1622394755669000,0,1.80261058,1714.6100
1622394755923000,0,3.59000000,1714.6100
1622394755937000,0,0.00589643,1714.6100
1622394980476000,0,1.23470818,1717.7600
1622394980476000,0,1.23442672,1718.1600
1622394980476000,0,3.00364635,1718.1700
1622394993617000,1,0.03000000,1717.0000
1622395039476000,1,0.52000000,1715.4400
1622395039834000,1,0.68000000,1715.4400
1622395164151000,0,1.02902148,1720.0100
1622395164151000,0,0.20411290,1720.0100
1622395515281000,1,0.02999999,1711.0000
1622395515284000,1,0.00000001,1711.0000
1622396218621000,0,0.55000000,1713.6600
1622397120838000,1,0.19671599,1721.8600
1622397120928000,1,0.00401461,1721.8600
1622397550464000,0,1.23945591,1711.4900
1622397550464000,0,0.32869263,1711.6100
1622397988401000,0,1.23501055,1717.6600
1622397988401000,0,0.23835550,1717.9600
1622397988402000,0,0.99643834,1717.9600
1622401338641000,0,0.03428541,1735.1400
1622401726881000,1,0.07000000,1736.0000
1622402051589000,0,0.90000000,1740.5900
1622402051611000,0,0.00959033,1740.5900
1622402180859000,1,0.06103170,1735.8600
1622402419080000,0,0.04051928,1735.4700
1622402421591000,0,0.01146670,1735.4600
1622402511843000,1,0.86483361,1735.4500
1622402521537000,1,0.03204951,1734.6300
1622402521537000,1,1.22160643,1734.6200
1622402521543000,1,0.08014132,1734.3900
1622402521543000,1,1.22142758,1734.3800
1622403252332000,0,1.22643028,1730.0600
1622403252332000,0,0.77356972,1730.3400
1622403316341000,0,1.60000000,1724.7300
1622403774716000,0,1.23927727,1734.1200
1622403774716000,0,0.23209630,1735.1000
1622403899821000,1,0.05000000,1734.5000
1622404069356000,1,0.03403993,1729.8200
1622404069356000,1,1.19088065,1729.8100
1622404090277000,0,0.14377283,1730.1600
1622404249108000,1,2.20000000,1727.8100
1622404746977000,1,0.10000000,1726.5000
1622404939264000,1,3.43302041,1716.6000
1622404950784000,1,0.70117000,1716.7400
1622404950784000,1,1.23321991,1716.5000
1622404950784000,1,1.21874654,1716.3400
1622404950878000,1,0.01434972,1716.3400
1622404954118000,1,0.85104660,1716.5000
1622404954213000,1,0.38217331,1716.5000
1622404954213000,1,1.23309626,1716.3400
1622404954213000,1,0.05000000,1716.2200
1622404954213000,1,1.23357983,1715.8800
1622404954308000,1,0.05000000,1716.6100
1622404965304000,1,0.12727990,1714.4500
1622404965493000,1,0.00000001,1714.4500
1622404988207000,1,1.23514926,1713.2800
1622404988207000,1,0.05000000,1712.9300
1622404988207000,1,0.28651554,1712.8500
1622404988658000,1,0.03172136,1712.8500
1622404988658000,1,1.23550269,1712.8000
1622405000235000,1,4.76060790,1712.3000
1622405000235000,1,1.23585057,1712.2900
1622405000235000,1,1.23624322,1711.8000
1622405000235000,1,0.04729831,1711.6600
1622405000660000,1,1.23585057,1712.2900
1622405000661000,1,1.23593159,1711.5500
1622405033477000,1,1.23701214,1710.3900
1622405033477000,1,1.23727881,1709.9900
1622405033477000,1,1.16278608,1709.9700
1622405033580000,1,0.07422606,1709.9700
1622405044418000,0,0.05517032,1713.2400
1622405116485000,0,4.76582529,1715.4700
1622405378311000,0,0.09354239,1714.9200
1622405414822000,1,0.11250775,1713.8600
1622405458044000,1,0.05625388,1714.2500
1622405925699000,0,0.03005775,1733.3300
1622405958536000,0,0.25551412,1735.0900
1622406393464000,1,1.22000000,1729.9200
1622406393485000,1,0.00212861,1729.9200
1622406565650000,0,4.96173888,1732.4000
1622406565650000,0,1.22242245,1733.0500
1622406565650000,0,0.05000000,1733.3300
1622406565650000,0,1.22226679,1733.3300
1622406565650000,0,0.05000000,1733.8600
1622406565650000,0,1.22213684,1734.0600
1622406565650000,0,0.45000000,1734.0900
1622406565650000,0,0.49574271,1734.0900
1622406565650000,0,0.68182405,1735.2300
1622406576497000,1,5.00331318,1731.3200
1622407191283000,0,0.85557990,1724.7600
1622408815676000,0,0.02900485,1715.2300
1622408990477000,1,0.20500000,1715.5800
1622408999929000,0,0.15000000,1716.0000
1622409007187000,1,0.00055864,1715.5800
1622409154588000,1,0.08779200,1710.8500
1622409154588000,1,0.21820800,1710.8500
1622409182743000,0,4.80000000,1711.8900
1622409281557000,0,1.21045222,1713.2200
1622410050949000,1,0.09999999,1716.0000
1622410050949000,1,0.00000001,1716.0000
1622410060328000,1,0.10000000,1715.0000
1622410442229000,0,1.23205180,1717.8200
1622410442229000,0,0.29252703,1717.9200
1622411282493000,0,0.03916632,1720.1000
1622411347013000,0,0.36100000,1718.3400
1622411866279000,0,0.23700109,1710.0000
1622411866326000,0,0.06299891,1710.0000
1622411968122000,1,0.05318501,1707.8700
1622411968122000,1,0.02127898,1707.8700
1622411968122000,1,0.40637822,1707.8600
1622411968574000,0,0.13825957,1708.6700
1622411968575000,0,0.00000001,1708.6700
1622412011966000,1,0.01898040,1705.4700
1622412466060000,0,0.13798398,1712.5900
1622412800369000,1,0.37621225,1711.6600
1622412854947000,1,0.01517498,1713.2900
1622412854947000,1,0.04769862,1713.1700
1622413198229000,1,0.55000000,1711.4400
1622413205034000,1,0.75000000,1711.4400
1622414075388000,1,0.06310058,1690.0000
1622414090324000,0,0.27689664,1693.5400
1622414107729000,1,0.78962456,1692.5500
1622414107738000,1,0.45890009,1692.5500
1622414107783000,1,1.24852465,1692.1800
1622414107783000,1,0.05000000,1691.8200
1622414107783000,1,0.02905028,1691.7300
1622414107783000,1,0.16052037,1691.7200
1622414107993000,0,0.05000000,1692.5000
1622414319733000,1,0.11776137,1693.0000
1622414489758000,1,0.10389739,1698.4000
1622415885505000,1,2.20000000,1704.5800
1622415994634000,1,0.00000001,1690.0000
1622415994634000,1,0.03005774,1689.0400
1622416025107000,1,0.30206212,1689.0100
1622416025183000,1,0.05000000,1689.0000
1622416025464000,1,0.04999999,1689.0000
1622416025471000,1,0.00000001,1689.0000
1622416102660000,1,0.30000000,1690.3700
1622416190962000,1,0.51482125,1686.0000
1622416442090000,1,1.34081544,1690.2600
1622416442092000,1,1.48582421,1690.2600
1622416442097000,1,1.27336035,1690.2600
1622416472822000,1,4.80191036,1685.8800
1622416527429000,0,0.50895614,1689.0300
1622416527433000,0,0.00000001,1689.0300
1622416648297000,1,0.10253194,1682.8500
1622416648297000,1,0.10253194,1682.8500
1622416648297000,1,0.05000000,1682.6300
1622416648297000,1,0.66675751,1682.5300
1622416648332000,1,1.25602824,1682.4000
1622416657254000,1,0.09282650,1681.2400
1622417514151000,1,0.15000000,1689.0000
1622417781627000,0,0.49999999,1691.0000
1622417781669000,0,0.00000001,1691.0000
1622417899150000,0,0.71330000,1695.4200
1622417899150000,0,0.45000000,1695.8400
1622418015195000,1,0.20000000,1696.0000
1622418055360000,1,0.50000000,1694.0000
1622418073271000,1,0.37340431,1689.5700
1622418074474000,1,1.93984557,1689.5700
1622418076768000,1,2.70338195,1689.5700
1622418076768000,1,7.30000000,1689.5600
1622418136987000,0,0.60775481,1689.4600
1622418136988000,0,0.10465519,1689.4600
1622418208881000,1,0.42438205,1684.1900
1622418208960000,1,0.20381683,1684.1900
1622418209122000,1,1.25635046,1684.1900
1622418211477000,1,2.89752706,1684.1900
1622418215644000,0,0.92960249,1684.1900
1622418216199000,0,0.03669451,1684.1900
1622418222767000,0,0.62754604,1685.8200
1622418310986000,0,0.55000000,1687.8100
1622418452066000,1,0.10449831,1687.3000
1622418475606000,0,0.71240999,1690.6700
1622418475649000,0,0.00000001,1690.6700
1622418487107000,1,0.62698986,1687.3000
1622418488749000,1,0.62696216,1687.3000
1622418823268000,0,4.85000000,1688.5700
1622418823289000,0,0.00223383,1688.5700
1622419226263000,1,0.59375000,1680.0000
1622419399438000,1,1.00709570,1674.8300
1622419399474000,1,0.19290430,1674.8300
1622419399474000,1,0.12098937,1674.7300
1622419399474000,1,0.71902000,1674.7200
1622419447029000,0,5.00097559,1681.1800
1622419447087000,0,0.10206073,1681.1800
1622419638656000,0,0.50489061,1692.5200
1622419638685000,0,0.08092953,1692.5200
1622419788060000,0,0.62039452,1706.0500
1622419788060000,0,0.86813335,1706.1100
1622419788066000,0,0.33186665,1706.1100
1622419788066000,0,0.14769746,1706.2700
1622420012052000,1,4.58819569,1699.7500
1622420269083000,0,0.04180000,1687.5400
1622420419415000,1,4.69830239,1677.2400
1622420613624000,1,0.10531325,1670.7300
1622420716387000,0,4.89400133,1673.9800
1622421094114000,1,0.10563203,1667.9600
1622421178279000,0,0.26046721,1669.8600
1622421178471000,0,0.46023279,1669.8600
1622421187709000,0,0.78530678,1669.8000
1622421187788000,0,0.51469322,1669.8000
1622421188974000,0,0.12001553,1669.8000
1622421189022000,0,0.20476041,1669.8000
1622421191663000,0,0.02063405,1669.8000
1622421191666000,0,0.85459001,1669.8000
1622421191666000,0,0.63382482,1669.9000
1622421191689000,0,0.00000001,1669.9000
1622421195660000,0,0.52834546,1670.3500
1622421195660000,0,0.63722553,1670.4000
1622421781938000,1,0.17114095,1665.0100
1622421785232000,1,0.51757393,1665.0000
1622421785236000,1,0.20533607,1665.0000
1622421840664000,1,0.72310000,1664.8000
1622421866862000,1,0.16922411,1663.7800
1622421866862000,1,0.42306535,1663.7800
1622421870884000,1,0.16267783,1663.3200
1622421870884000,1,0.40673533,1663.3200
1622421870884000,1,0.92874345,1663.3100
1622421870888000,1,0.27125654,1663.3100
1622421886075000,1,0.15628595,1661.9900
1622421886075000,1,0.24000000,1661.9900
1622421886201000,1,0.15641377,1662.0000
1622421886201000,1,1.20000000,1661.4900
1622422168640000,0,0.72295000,1674.0200
1622423135579000,1,0.10609506,1666.4300
1622423139811000,1,4.95000000,1666.4300
1622423344954000,1,14.74116236,1658.0000
1622423345823000,1,0.30000000,1658.0000
1622423346097000,1,0.00084005,1658.0000
1622423730349000,1,1.50066632,1651.1200
1622423730354000,1,1.50066631,1651.1200
1622423730355000,1,1.50066631,1651.1200
1622423730356000,1,1.33262370,1651.1200
1622423730769000,1,0.29248517,1650.4200
1622423730769000,1,0.30000000,1650.0000
1622423730769000,1,0.14425371,1649.1700
1622423730769000,1,0.93767181,1649.1600
1622423730769000,1,0.36063607,1649.1600
1622423730769000,1,0.70134387,1644.6700
1622423842325000,1,0.14341295,1647.5800
1622423842325000,1,0.72983999,1647.5700
1622423842338000,1,0.00000001,1647.5700
1622423976542000,1,0.10726561,1640.8800
1622423976858000,1,2.73639062,1640.8800
1622424064744000,1,4.15000000,1644.6100
1622424064751000,1,0.14000000,1644.6100
1622424089507000,0,0.15000000,1647.0200
1622424205646000,1,0.35657808,1637.4500
1622424205646000,1,0.14263123,1637.4500
1622424205646000,1,0.73133137,1637.4300
1622424399526000,0,1.97036430,1642.8200
1622424434957000,1,0.10594829,1640.4800
1622424444027000,0,0.95000000,1642.8200
1622424671376000,1,4.35672719,1645.6600
1622424671404000,1,0.08891280,1645.6600
1622424779043000,0,0.05000000,1637.4300
1622424779043000,0,0.12815675,1637.7800
1622425155345000,0,4.99000000,1631.8300
1622425399851000,0,0.50000000,1630.0000
1622425403513000,0,4.97000000,1630.3800
1622425403545000,0,0.00328625,1630.3800
1622425531489000,0,0.33604926,1628.8300
1622425546731000,0,0.09833706,1632.4000
1622425547063000,0,0.93831027,1632.4200
1622426063192000,1,4.89983619,1624.3000
1622426081956000,1,0.10000000,1624.0000
1622426161762000,0,0.46000000,1626.1800
1622426161845000,0,4.52565173,1626.1800
1622426458934000,1,0.10000000,1630.0000
1622426554397000,0,1.70000000,1632.1300
1622426554473000,0,3.52160907,1632.1300
1622426881688000,1,0.14637869,1618.5100
1622426881690000,1,0.00000001,1618.5100
1622426900261000,1,0.05000000,1619.0000
1622426900261000,1,0.35000000,1618.5500
1622427049162000,1,0.05000000,1613.6900
1622427049162000,1,0.12649556,1612.8900
1622427049162000,1,0.17350444,1612.8900
1622427122287000,1,0.12307364,1613.1500
1622427122287000,1,0.17692636,1613.1500
1622427333344000,0,0.53025085,1618.7000
1622427615498000,0,0.05000000,1622.4000
1622427616161000,0,0.04999999,1621.5900
1622427617388000,0,0.26139752,1621.4700
1622427617403000,0,0.47706248,1621.4700
1622427617403000,0,0.00000001,1621.5900
1622427617491000,0,0.05000000,1622.1700
1622427617491000,0,0.62805279,1622.4700
1622427666863000,0,0.61465592,1617.4600
1622427676743000,0,0.73845999,1616.0300
1622427676744000,0,0.00000001,1616.0300
1622427686742000,0,0.40635211,1616.0300
1622427691938000,0,0.72471261,1616.7900
1622427691938000,0,0.42829932,1616.7900
1622427691983000,0,0.06828607,1616.7900
1622427692039000,0,0.15737738,1616.7900
1622427698901000,1,0.02817809,1614.5800
1622427698901000,1,0.08066755,1614.5800
1622427708600000,1,0.10249005,1614.5800
1622427708600000,1,0.07044523,1614.5800
1622427708600000,1,0.30897447,1614.2200
1622427708841000,0,0.17293042,1614.5800
1622427713804000,0,0.09999999,1614.5800
1622427713866000,0,0.00000001,1614.5800
1622427754019000,1,0.02501164,1616.2400
1622427754029000,1,0.00000001,1616.2400
1622427758534000,1,0.02501165,1615.8700
1622427758534000,1,0.06112250,1615.5800
1622427758622000,1,0.00000001,1615.5800
1622427761332000,1,0.01971391,1614.9700
1622427764360000,1,0.01569876,1614.9700
1622427766106000,1,0.03924691,1614.5400
1622427766106000,1,0.01569875,1614.5400
1622427766135000,1,0.00000001,1614.5400
1622427837328000,0,0.05000000,1618.6800
1622427837936000,0,0.24458906,1618.6800
1622427838980000,0,0.05000000,1618.6800
1622427871053000,0,0.58925247,1619.2100
1622427871053000,0,0.13820916,1619.2100
1622427871067000,0,0.56652599,1619.2100
1622427871073000,0,0.03272251,1619.2100
1622427871073000,0,0.14932260,1619.2100
1622427871127000,0,0.38137742,1619.2100
1622427900294000,1,0.74207000,1619.8400
1622427991319000,0,0.65064188,1624.5800
1622428220131000,0,0.05000000,1626.6900
1622428220131000,0,0.74375000,1626.9800
1622428220131000,0,0.05000000,1627.1700
1622428220131000,0,0.05000000,1627.4200
1622428220826000,0,0.05000000,1627.2400
1622428220826000,0,0.05000000,1627.4000
1622428220826000,0,0.30713767,1627.7500
1622428220826000,0,0.60732681,1628.0500
1622428220826000,0,0.03156350,1628.1400
1622428633726000,1,0.09666302,1625.1400
1622428633726000,1,0.62842864,1625.1400
1622428633726000,1,0.73966000,1625.1300
1622428634018000,1,0.24169916,1625.1400
1622428766665000,1,0.09132294,1632.2600
1622428766665000,1,0.00000001,1632.2600
1622428883771000,0,0.07994526,1631.8400
1622428887765000,0,1.03850192,1631.8400
1622428945995000,0,0.12226076,1631.8400
1622428960871000,0,0.84729313,1631.8400
1622428961837000,0,1.37159405,1631.8400
1622429009911000,0,0.44926221,1634.3300
1622429385302000,0,5.14000000,1643.1000
1622429497247000,1,0.36476301,1641.2000
1622429499627000,1,4.49000000,1641.2000
1622429524293000,0,0.73843999,1641.6700
1622429996777000,0,0.73566999,1631.7400
1622429996878000,0,0.00000001,1631.7400
1622430009958000,1,5.02000000,1629.3900
1622430341989000,1,0.54834488,1611.0000
1622430342150000,1,1.50031770,1611.0000
1622430342376000,1,0.15150504,1611.0000
1622430342452000,1,1.49983237,1611.0000
1622430342479000,1,0.00000001,1611.0000
1622430587144000,1,0.11368000,1611.0100
1622430587789000,1,0.01300449,1611.0100
1622430833953000,0,5.14000000,1614.5900
1622430833986000,0,0.00402138,1614.5900
1622430991236000,1,0.10875341,1620.2100
1622430992806000,1,0.04999999,1619.7800
1622430992822000,1,0.00000001,1619.7800
1622431329407000,0,0.45000000,1623.3900
1622431809283000,1,0.13026031,1635.1400
1622431809288000,1,0.00000001,1635.1400
1622431812888000,1,0.32000000,1634.9100
1622431813369000,1,0.00559110,1634.9100
1622431880896000,1,0.24779635,1630.0100
1622431880911000,1,0.00000001,1630.0100
1622431881879000,1,0.09915501,1629.6300
1622431881905000,1,0.00000001,1629.6300
1622431914724000,1,0.13054842,1627.9600
1622431914768000,1,0.11751867,1627.9600
1622432312937000,0,1.45390704,1620.6200
1622432653316000,0,0.12117941,1623.8500
1622432653426000,0,0.62027058,1623.8500
1622432653427000,0,0.00000001,1623.8500
1622432689502000,0,0.33016946,1622.4800
1622432977935000,0,0.04999999,1621.5400
1622433065454000,0,0.34153451,1621.5300
1622433065461000,0,0.05846549,1621.5300
1622433068304000,0,0.30567437,1621.5300
1622433107704000,1,4.74000000,1617.4800
1622433107720000,1,0.00031180,1617.4800
1622433365833000,0,5.04000000,1619.0700
1622433815758000,0,0.39166472,1634.3900
1622433815822000,0,0.53784364,1634.3900
1622433815829000,0,0.08964601,1634.3900
1622433815857000,0,0.58084563,1634.3900
1622433907739000,1,0.21731141,1632.7900
1622433907740000,1,0.51897859,1632.7900
1622433973498000,0,0.02580645,1633.2200
1622433973509000,0,0.51659871,1633.2200
1622433973602000,0,0.19579484,1633.2200
1622434106123000,1,4.72789416,1628.4400
1622434175573000,1,3.73105924,1624.8000
1622434175573000,1,0.05000000,1624.7400
1622434175573000,1,0.05000000,1624.0900
1622434175573000,1,4.30000000,1623.2600
1622435192311000,1,0.28782853,1617.2300
1622435192369000,1,0.45565147,1617.2300
1622435228104000,0,4.77000000,1618.6200
1622435407918000,1,1.25903379,1610.2700
1622435408022000,1,0.16174504,1610.2700
1622435408143000,1,1.49156837,1610.2700
1622435425111000,0,0.53000000,1614.4200
1622435427025000,0,0.00157693,1614.4200
1622435573140000,0,0.20611712,1625.7100
1622435573554000,0,0.30519265,1625.7100
1622435594526000,1,5.16434695,1622.1100
1622436496193000,0,0.45029363,1627.1000
1622436754199000,1,0.72750951,1632.2200
1622437050367000,0,0.56021709,1627.7100
1622437768831000,1,0.10310222,1628.6700
1622437768950000,1,0.63515778,1628.6700
1622438015540000,0,2.52000000,1626.6800
1622438015907000,0,2.23748813,1626.6800
1622438239010000,0,0.05000000,1639.1600
1622438580488000,0,0.33695762,1640.2300
1622438580505000,0,0.39985238,1640.2300
1622439194793000,0,5.16036891,1646.9000
1622439194793000,0,0.52144879,1647.3900
1622439194793000,0,0.59518917,1647.7600
1622439420939000,1,4.96440972,1646.2100
1622439420939000,1,0.50000000,1646.1700
1622439431434000,0,0.73170999,1649.1800
1622439431457000,0,0.00000001,1649.1800
1622439431457000,0,0.05000000,1649.1900
1622439432267000,0,0.05000000,1649.0800
1622439432267000,0,0.26864041,1649.1900
1622439432268000,0,0.00000001,1649.1900
1622439944276000,1,0.73240000,1642.0400
1622440075165000,1,5.00825612,1638.0200
1622440118242000,1,1.56814854,1635.7800
1622440500038000,0,2.23699264,1644.1500
1622440765157000,1,0.73393999,1639.1700
1622440765173000,1,0.00000001,1639.1700
1622440835889000,0,4.82000000,1642.0200
1622440929209000,1,0.25296709,1644.0000
1622440929355000,1,0.24703290,1644.0000
1622440929397000,1,0.00000001,1644.0000
1622441288027000,0,0.50000000,1649.5000
1622441955426000,0,1.87715264,1664.9100
1622442083073000,0,0.30000000,1674.4700
1622442989064000,1,0.10186316,1663.2300
1622442989064000,1,0.25465790,1663.2300
1622442989064000,1,0.66226759,1663.1400
1622442989064000,1,0.05000000,1663.1300
1622442989352000,1,0.05000000,1663.4700
1622442993060000,1,0.04999999,1663.1100
1622442993063000,1,0.00000001,1663.1100
1622442993417000,1,0.04999999,1663.2700
1622442993422000,1,0.00000001,1663.2700
1622442996374000,1,0.09042648,1663.2900
1622442996374000,1,0.22606619,1663.2900
1622442996374000,1,0.22605008,1663.2800
1622442996374000,1,0.17960486,1663.2100
1622442996762000,1,0.22606619,1662.9300
1622442996762000,1,0.22605008,1662.9300
1622442996762000,1,0.09042648,1662.9300
1622442996762000,1,0.13288095,1662.9200
1622443001040000,1,0.05000000,1662.0800
1622443001040000,1,0.07827425,1661.9900
1622443001040000,1,0.72407000,1661.9800
1622443005410000,1,0.07825262,1662.0900
1622443005410000,1,0.19345361,1662.0000
1622443005410000,1,0.19346988,1661.7600
1622443005410000,1,0.17977176,1661.7500
1622443011450000,1,0.07218175,1661.3200
1622443011450000,1,0.00000001,1661.3200
1622443050231000,0,4.82462578,1665.7000
1622443422612000,1,0.55000000,1670.8600
1622443448336000,0,0.11492552,1671.7300
1622443451524000,0,0.39901210,1671.7300
1622443451524000,0,0.06204972,1671.7300
1622443451530000,0,0.65957028,1671.7300
1622443495727000,0,0.51396837,1673.2500
1622443495741000,0,0.00000001,1673.2500
1622443713793000,0,0.51316296,1674.8100
1622443713793000,0,0.08092254,1675.3000
1622443845782000,0,0.51338797,1674.2000
1622443908695000,0,0.49918474,1678.7900
1622443908734000,0,0.01273928,1678.7900
1622443908734000,0,1.27961207,1678.7900
1622444498049000,1,1.40000000,1690.4100
1622444594655000,0,0.50386177,1706.4900
1622444594655000,0,1.24235765,1706.5000
1622444594655000,0,0.21362308,1706.6100
1622444594659000,0,1.04600236,1706.6100
1622444594659000,0,0.40997837,1706.6200
1622444594662000,0,0.83471977,1706.6200
1622444601775000,0,1.25959825,1707.4800
1622444601775000,0,0.19532364,1708.5500
1622444601779000,0,1.04583060,1708.5500
1622444601779000,0,0.40909129,1708.8600
1622444627858000,1,0.05000000,1714.3800
1622444627914000,1,0.05000000,1714.3800
1622444628021000,1,0.02000000,1714.3800
1622444732924000,0,0.02932544,1713.8700
1622444815026000,0,0.02920597,1707.8700
1622445145518000,0,1.25271447,1718.0800
1622445145518000,0,1.25189744,1718.0800
1622445145518000,0,0.50064202,1718.0800
1622445145518000,0,0.32989152,1718.0900
1622445167920000,0,1.45841336,1714.5300
1622445167944000,0,1.45841336,1714.5300
1622445167948000,0,1.45841336,1714.5300
1622445874112000,1,1.22862190,1721.8700
1622445983907000,0,4.75000000,1726.7600
1622445983936000,0,0.00438899,1726.7600
1622446121298000,1,4.86485474,1725.0200
1622448283317000,1,0.90107432,1720.0000
1622448283375000,1,0.09892568,1720.0000
1622448850304000,1,0.51476003,1717.9100
1622449463212000,1,0.14269715,1741.1600
1622449892303000,1,0.05347253,1753.4800
1622450050264000,0,0.04999999,1763.6700
1622450117839000,1,0.05000000,1767.6800
1622450158274000,1,0.85790861,1762.1100
1622451679305000,1,0.28413051,1765.5800
1622451679354000,1,1.11261871,1765.5800
1622451679948000,1,0.13818833,1765.5800
1622451680201000,1,0.20809744,1765.5800
1622451680387000,1,1.10570213,1765.5800
1622451721437000,1,0.65126288,1765.5800
1622451790476000,0,0.21516027,1761.7100
1622452118812000,1,0.05700000,1758.6300
1622453167460000,1,0.05831273,1773.0400
1622453302875000,0,0.05000000,1768.2800
1622453598193000,1,1.19399136,1772.1300
1622453598193000,1,1.19451733,1771.9400
1622453598193000,1,0.01986038,1771.5900
1622453640911000,0,1.19196065,1778.0700
1622453640911000,0,0.24887474,1778.3800
1622453640920000,0,0.94291553,1778.3800
1622453640923000,0,0.00000001,1778.3800
1622453640923000,0,1.19156202,1778.7100
1622453640948000,0,0.67997000,1779.0800
1622453640948000,0,0.76086539,1779.1200
1622453743925000,0,0.02798559,1777.7000
1622454362565000,0,0.55000000,1775.4200
1622454709001000,0,1.20409817,1760.0000
1622454709001000,0,0.24694903,1760.1900
1622454754838000,1,0.50580416,1757.1700
1622454838413000,0,0.02392760,1758.0400
1622455623114000,1,0.10000000,1784.9000
1622456098875000,0,1.00000000,1794.4800
1622456167642000,1,1.10137112,1796.9300
1622456306426000,1,0.63797703,1791.3200
1622456306427000,1,0.54315762,1791.3200
1622457220494000,0,0.27822094,1792.6400
1622457707906000,0,0.09014375,1800.0000
1622458038832000,1,0.03464536,1804.6500
1622458085598000,1,0.10000000,1800.7000
1622458105771000,1,1.17606433,1799.8000
1622458105771000,1,0.27030223,1799.4900
1622458105773000,1,0.76282703,1799.4900
1622458255640000,1,0.29999999,1801.0000
1622458257904000,1,0.00000001,1801.0000
1622458832299000,0,1.17147392,1811.7700
1622458832299000,0,0.89366925,1812.0000
1622459129949000,1,0.09999999,1809.9000
1622459129970000,1,0.00000001,1809.9000
1622461659654000,0,0.05000000,1800.3900
1622461659654000,0,0.12591300,1800.7600
1622461924043000,0,0.02000000,1808.4300
1622461924126000,0,0.00763852,1808.4300
1622462294821000,1,0.03000000,1803.9800
1622462347067000,0,0.17050409,1806.1500
1622462347113000,0,1.00282822,1806.1500
1622463025939000,0,0.20000000,1823.7300
1622463891261000,0,0.07633098,1809.7500
1622464298639000,1,0.67096000,1793.4200
1622464433277000,1,0.06310059,1789.2900
1622464563242000,1,0.02932544,1792.9900
1622464718565000,1,0.55000000,1791.0700
1622464877813000,0,0.55000000,1786.6300
1622465086866000,1,0.01150000,1778.6400
1622465215005000,0,0.19999999,1786.7900
1622465215066000,0,0.00000001,1786.7900
1622466388696000,0,1.18328859,1790.5200
1622466388696000,0,0.26352476,1790.6000
1622466388701000,0,0.92016061,1790.6000
1622466388704000,0,0.00000001,1790.6000
1622466388704000,0,1.18328859,1790.8400
1622466388704000,0,0.26352475,1791.1400
1622466873660000,1,0.05625387,1791.8300
1622467415327000,0,1.16895754,1813.8700
1622467415327000,0,0.27229123,1814.3300
1622467415383000,0,0.89587048,1814.3300
1622467626507000,1,1.16958978,1809.7800
1622467992948000,1,1.17329158,1803.0000
1622467992953000,1,0.00000001,1803.0000
1622467993037000,1,1.16574763,1802.7700
1622467993037000,1,0.00777627,1802.7700
1622467993358000,1,0.73679614,1799.3800
1622467993358000,1,0.29354918,1799.3600
1622467993898000,1,0.05000000,1799.3900
1622467993995000,1,0.19000000,1799.3900
1622467995886000,1,0.02776648,1794.6400
1622468281487000,0,1.20000000,1797.0100
1622468763502000,0,2.10000000,1786.3100
1622469844741000,1,0.12300000,1785.5000
1622469845835000,1,0.00024324,1785.5000
1622469845835000,1,0.23675676,1785.3400
1622469846360000,1,0.07138372,1785.3400
1622470250657000,1,0.52814017,1781.1400
1622471019083000,1,0.23162581,1775.4000
1622471019182000,1,1.07670756,1775.4000
1622471019481000,1,0.11993445,1775.4000
1622471019493000,1,1.57173218,1775.4000
1622471256989000,0,0.28051626,1778.1500
1622472296307000,0,0.41780833,1786.1300
1622473513551000,1,0.05000000,1806.1300
1622473513551000,1,1.12369986,1806.1200
1622473513560000,1,1.17397335,1806.1200
1622473513563000,1,1.17348258,1806.1200
1622473513565000,1,1.17287103,1806.1200
1622473513565000,1,0.28867418,1806.1200
1622473513659000,0,0.55000000,1805.2800
1622474442591000,0,0.29783951,1835.0000
1622474819810000,0,1.59438657,1838.4500
1622475603702000,0,4.53894853,1853.8200
1622475603702000,0,1.14060724,1854.3100
1622475603702000,0,1.14051950,1854.5800
1622475603702000,0,0.05000000,1855.0900
1622475603702000,0,2.40000855,1855.3300
1622475940283000,0,0.59999999,1851.0800
1622475941209000,0,0.00000001,1851.0800
1622476475505000,0,0.04890169,1844.9400
1622476475523000,0,0.12837986,1844.9400
1622476475551000,0,0.62271845,1844.9400
1622477576935000,1,0.54410041,1860.2800
1622477576936000,1,0.59118235,1860.2800
1622477576936000,1,0.81180242,1860.1600
1622477727222000,0,0.01076852,1868.0000
1622477778460000,0,0.13570442,1874.8000
1622477779795000,0,1.86429558,1874.8000
1622477892814000,0,0.02778578,1873.6200
1622478067104000,1,0.05900000,1878.1300
1622478067201000,1,0.00052197,1878.1300
1622478626721000,0,1.13140545,1870.3200
1622478700925000,1,1.13591723,1857.8100
1622478700925000,1,0.26845433,1857.4700
1622478700926000,1,0.86726398,1857.4700
1622478700926000,1,0.53710758,1857.2000
1622478700928000,1,0.59918871,1857.2000
1622478700928000,1,0.11349605,1856.7200
1622478700928000,1,0.16690174,1856.5900
1622478700929000,1,0.11682130,1856.5900
1622478700929000,1,1.13639398,1856.5800
1622478700929000,1,0.11350648,1855.8000
1622478700929000,1,0.03764980,1855.7900
1622478700934000,1,1.09946713,1855.7900
1622478744940000,0,0.05900000,1863.1300
1622478745081000,0,0.09175010,1863.1300
1622478799624000,1,0.02778578,1857.5000
1622479977348000,1,4.47915355,1851.8300
1622480501292000,1,0.50000000,1852.3400
1622480531105000,1,0.55000000,1850.7600
1622480589275000,1,0.11147828,1842.6600
1622480594074000,1,0.05000000,1841.1200
1622480594074000,1,0.05000000,1840.6900
1622480594074000,1,0.18051626,1840.5100
1622480598990000,0,1.16903453,1844.1100
1622480598990000,0,0.24146062,1844.1100
1622480598995000,0,1.41049516,1844.1100
1622481607479000,0,2.20000000,1829.1600
1622481887088000,0,4.67043854,1835.5800
1622481887088000,0,0.06505411,1835.5900
1622482298273000,1,4.51260763,1837.4000
1622482347272000,1,0.50000000,1831.9600
1622482421813000,0,0.02683881,1830.9300
1622482711014000,0,0.03875994,1828.9500
1622482862962000,0,0.01706657,1828.5500
1622482862970000,0,1.18293343,1828.5500
1622483547613000,0,0.03807975,1831.1000
1622483840474000,0,0.03762845,1842.9300
1622484258040000,0,0.27616808,1837.8300
1622484407509000,1,0.27616808,1831.3500
1622484932902000,0,0.01413229,1836.3400
1622485068230000,1,0.12388225,1833.4200
1622485068303000,1,0.19211300,1833.4200
1622485068435000,1,0.01801770,1833.4200
1622485068449000,1,0.68509881,1833.4200
1622485422360000,1,0.09172730,1831.3100
1622485422363000,1,0.00000001,1831.3100
1622486055502000,1,0.02698417,1832.0100
1622486363595000,0,0.02715981,1831.7500
1622487912047000,1,1.59438657,1822.0600
1622489628462000,1,0.02388352,1824.2100
1622490143265000,1,0.72157716,1829.6600
1622491138110000,1,0.08000000,1851.2700
1622491234462000,0,0.05000000,1859.4800
1622491234462000,0,0.05000000,1859.6900
1622491234462000,0,4.29310823,1860.4100
1622491391719000,0,0.40865148,1858.6100
1622491391725000,0,0.72937002,1858.6100
1622491497532000,0,0.01068450,1862.5100
1622491638992000,0,0.27065517,1859.3400
1622491764815000,0,0.14958954,1848.4600
1622491764855000,0,0.31622178,1848.4600
1622492691703000,0,0.05500000,1841.5900
1622493477179000,1,0.36326456,1835.0600
1622494899172000,0,1.61723000,1838.6400
1622494984271000,0,0.05000000,1837.0600
1622494984397000,1,0.05000000,1837.0600
1622494984597000,1,0.20766885,1837.0600
1622495054041000,0,0.05873416,1839.6100
1622495983135000,0,0.02709421,1837.8500
1622496572169000,1,0.05000000,1839.7000
1622496572169000,1,0.22065517,1839.6700
1622496975501000,1,0.11707782,1831.1500
1622496996700000,1,0.19004440,1827.9500
1622497487034000,0,0.55000000,1845.8700
1622497487338000,0,1.28700369,1845.8700
1622497487366000,0,0.19048450,1845.8700
1622497487520000,0,0.04781006,1845.8700
1622497487801000,0,1.22401802,1845.8700
1622497487885000,0,0.30505555,1845.8700
1622497487917000,0,0.07934949,1845.8700
1622497959825000,1,0.55000000,1849.5100
1622497960158000,1,0.35074721,1849.5100
1622497961726000,1,0.18451320,1849.5100
1622497961856000,1,0.00000001,1849.5100
1622498833441000,1,0.86275552,1860.4500
1622499886995000,0,0.02724984,1875.2400
1622500084619000,0,0.64119000,1879.0600
1622500084619000,0,0.05000000,1879.0700
1622500127785000,1,0.04002729,1875.2300
1622500244632000,0,0.55000000,1874.6800
1622500383861000,0,0.30374669,1884.8600
1622500617818000,0,0.07240266,1877.8100
1622500618058000,0,0.16759734,1877.8100
1622500618058000,0,0.64222999,1877.8200
1622500626234000,1,0.05000000,1874.9400
1622500626668000,1,0.05000000,1874.5200
1622500626668000,1,0.64000000,1874.0100
1622500626725000,1,0.00057000,1874.0100
1622500626725000,1,0.05000000,1874.0000
1622500631890000,0,0.64223000,1878.6600
1622500762337000,0,0.07049874,1880.2900
1622500763489000,0,0.44999999,1880.2800
1622500763553000,0,0.00000001,1880.2800
1622500872762000,1,4.38163055,1873.4300
1622500872762000,1,0.05000000,1873.1700
1622500872762000,1,0.00936739,1872.4800
1622500872783000,1,0.04063261,1872.4800
1622500872783000,1,0.05000000,1872.0600
1622500873386000,1,0.05000000,1872.9900
1622500938505000,1,4.74167407,1867.4100
1622500938517000,1,0.09676886,1867.4100
1622501020034000,1,0.18923484,1867.8800
1622501020068000,1,0.45343516,1867.8800
1622501183966000,1,0.30037281,1866.4400
1622501184062000,1,0.34288719,1866.4400
1622501220083000,1,0.24000000,1866.4300
1622501220083000,1,0.13251785,1866.4200
1622501220083000,1,0.33129994,1866.4200
1622501220083000,1,0.31435489,1866.4000
1622501220177000,1,0.32891511,1866.4000
1622501281153000,0,4.54000000,1869.5600
1622501281211000,0,0.00349031,1869.5600
1622501530579000,0,0.05000000,1870.8100
1622501530579000,0,0.04999999,1871.0600
1622501530595000,0,0.00000001,1871.0600
1622501534422000,0,0.25602135,1871.7400
1622501670074000,1,0.55000000,1868.1300
1622501991617000,1,0.39399128,1865.7500
1622501999220000,1,4.09874411,1865.7500
1622502107855000,0,0.39982647,1866.5800
1622502107855000,0,0.04999999,1869.0000
1622502116354000,0,0.64387000,1868.7500
1622502398157000,0,0.55000000,1871.8200
1622502404789000,1,0.64223999,1869.3900
1622502404790000,1,0.00000001,1869.3900
1622502541223000,1,0.64215000,1869.6700
1622502541223000,1,0.67524472,1869.5400
1622502541226000,1,0.52475528,1869.5400
1622502556671000,0,4.22000000,1871.8200
1622502556731000,0,0.00674090,1871.8200
1622502590478000,0,0.05000000,1875.6900
1622502590478000,0,0.05000000,1875.7000
1622502590478000,0,0.42015458,1876.6200
1622502749969000,0,0.64204000,1875.6100
1622502952047000,0,0.64204000,1875.9000
1622503314152000,0,0.02605146,1886.6500
1622503490923000,1,0.34882129,1893.2600
1622503490966000,1,0.28505871,1893.2600
1622503943483000,0,4.47000000,1893.6000
1622503943510000,0,0.09175633,1893.6000
1622504138001000,1,0.55000000,1893.0000
1622504155921000,0,0.07879915,1895.5700
1622504168731000,1,0.50000000,1893.0000
1622504350398000,0,0.09800000,1900.0000
1622504368933000,0,0.00200000,1900.0000
1622504369708000,0,1.00000000,1903.0000
1622504370263000,0,0.30000000,1905.0000
1622504371070000,0,0.05000000,1905.9200
1622504371157000,0,0.05000000,1906.8500
1622504434564000,1,0.05000000,1906.9100
1622504643651000,1,0.23853675,1907.0300
1622504790772000,0,0.24000000,1906.8900
1622504871100000,1,0.40000000,1905.0000
1622505038397000,1,0.27577204,1906.6600
1622505038397000,1,0.05000000,1906.6500
1622505038397000,1,0.24000000,1906.2600
1622505038397000,1,0.11031559,1906.2500
1622505038397000,1,0.05000000,1906.2400
1622505038397000,1,0.05000000,1906.1300
1622505038397000,1,0.28332959,1905.2900
1622505090851000,1,0.10614708,1908.7100
1622505090851000,1,0.20621493,1908.7100
1622505090852000,1,0.05911395,1908.7100
1622505090852000,1,0.10621494,1907.7500
1622505097939000,1,0.08739127,1907.5400
1622505098018000,1,0.24216428,1907.5400
1622505098560000,1,0.10092516,1905.1200
1622505098560000,1,1.02699278,1905.1100
1622505098560000,1,1.12650806,1905.1100
1622505098564000,1,1.12851142,1905.1100
1622505098564000,1,1.12647164,1905.1100
1622505098565000,1,0.03815488,1905.1100
1622505098565000,1,0.25249472,1904.0000
1622505098565000,1,0.25241973,1904.0000
1622505098565000,1,0.05000000,1903.9900
1622505098565000,1,0.03370807,1903.4500
1622505098565000,1,0.05000000,1903.4500
1622505098565000,1,0.45043468,1902.4900
1622505098568000,1,0.91956532,1902.4900
1622505098568000,1,0.20726571,1902.4800
1622505098569000,1,1.12692326,1902.4800
1622505290933000,1,1.10572094,1904.1900
1622505290933000,1,0.27044187,1903.7000
1622505290935000,1,0.83617954,1903.7000
1622505290935000,1,0.53998328,1903.6800
1622505290937000,1,0.56615963,1903.6800
1622505425080000,1,0.22611955,1897.1400
1622505425081000,1,0.88458158,1897.1400
