timestamp ms,type,amount,price
1622505797099000,0,0.44943433,2726.8500
1622506123539000,1,0.08603940,2727.9200
1622506190598000,1,0.01444660,2733.4600
1622506891000000,0,0.44980160,2719.7400
1622508716605000,0,0.69568244,2728.8600
1622509043627000,0,0.53846478,2740.0000
1622509141196000,1,0.86004914,2734.9600
1622511605535000,1,0.05200000,2679.2300
1622511605717000,1,0.69568244,2679.2300
1622512776497000,1,0.45882345,2662.1400
1622513941013000,1,0.46636101,2620.7600
1622514145250000,1,0.70606000,2625.5400
1622514145250000,1,0.46549528,2625.5300
1622514145250000,1,0.77211371,2625.5200
1622514145250000,1,0.46539960,2624.5400
1622514145250000,1,3.02587521,2624.5400
1622514145250000,1,0.77141430,2624.5300
1622514145250000,1,2.45828376,2623.7500
1622514145250000,1,0.75266890,2623.7300
1622514145250000,1,1.90291958,2623.6200
1622514145250000,1,0.75711246,2622.8600
1622514145250000,1,0.45941106,2622.2100
1622514973451000,1,0.03910027,2646.2200
1622515061070000,0,0.03894624,2649.5800
1622515072305000,1,0.03894688,2649.5800
1622515500663000,0,3.01530599,2638.0200
1622517372572000,0,0.45847340,2669.2200
1622520184285000,0,3.02385552,2631.3000
1622522131222000,0,0.46091571,2656.1800
1622522131222000,0,0.43515075,2656.1800
1622522137542000,0,0.02309039,2656.1900
1622522143165000,0,0.08732316,2656.1900
1622522653110000,0,0.75080340,2658.2600
1622524987729000,0,0.77390663,2675.0800
1622525167487000,0,0.93732991,2669.6900
1622526427603000,1,0.17319031,2709.5500
1622527162214000,1,0.45048820,2708.5800
1622527162214000,1,0.28911790,2708.5800
1622527162214000,1,0.49546487,2708.5800
1622527162235000,1,0.34179443,2708.5800
1622527162235000,1,2.92974068,2708.5800
1622527162698000,1,0.05504126,2707.6400
1622527162698000,1,0.50974706,2707.6400
1622527162702000,1,0.55068082,2707.6400
1622527162702000,1,1.12637720,2705.2100
1622527162702000,1,0.45065129,2705.2100
1622527162702000,1,2.92941672,2705.2100
1622527162702000,1,3.95515325,2705.2000
1622527272822000,1,0.45474691,2683.3100
1622527272822000,1,0.54525309,2683.3100
1622527327670000,0,0.45371088,2695.6200
1622527439102000,0,0.92743509,2697.5300
1622527439102000,0,0.06332471,2697.6200
1622528168386000,1,0.45333586,2687.2600
1622528379435000,0,0.79757763,2683.0900
1622528379442000,0,0.28969737,2683.0900
1622528414384000,1,0.50531663,2679.6500
1622528417900000,0,0.10000000,2681.4100
1622529061022000,1,0.93856996,2661.2700
1622529061022000,1,0.92586674,2659.4000
1622530784647000,0,0.94071371,2659.5400
1622530784647000,0,0.91943910,2659.5500
1622532615037000,1,0.94510386,2642.6000
1622532615037000,1,0.05489614,2640.7100
1622533157800000,0,9.46861254,2639.0000
1622533158361000,0,2.23000000,2639.0000
1622533158396000,0,9.46831277,2639.0000
1622533158478000,0,0.75258879,2639.0000
1622533158631000,0,0.07793984,2639.0000
1622533158637000,0,0.00254606,2639.0000
1622533547119000,0,0.46208501,2647.6200
1622533547119000,0,0.94339046,2647.6200
1622533963306000,1,0.46202684,2647.2100
1622533963306000,1,1.15511844,2647.2100
1622534575818000,1,2.98012068,2664.8500
1622535072096000,1,1.16304261,2623.9600
1622535072096000,1,0.46521704,2623.9600
1622535072096000,1,0.18584195,2623.9500
1622535072096000,1,0.46471116,2623.9200
1622535073120000,1,1.86015281,2618.2400
1622536273900000,1,3.07636651,2576.4600
1622536273900000,1,1.18354813,2576.4500
1622536273900000,1,0.67151026,2576.4500
1622536318375000,1,0.76903008,2567.0800
1622537259629000,1,0.78361378,2552.6800
1622539158290000,0,1.18481303,2585.5000
1622539158290000,0,0.47375974,2585.5000
1622539412987000,1,0.47511462,2572.6800
1622539412987000,1,1.18778656,2572.6800
1622539412987000,1,3.08520773,2572.6800
1622539414599000,1,6.50000000,2569.0000
1622539480547000,1,0.47679211,2562.3900
1622539480547000,1,1.19145995,2562.3900
1622540674217000,1,0.09741517,2566.1300
1622541250194000,1,0.51946695,2566.9900
1622541250198000,1,0.58435270,2566.9900
1622541274478000,1,0.08591385,2566.9900
1622541361831000,1,1.18990277,2567.3300
1622541610516000,1,0.05737155,2570.0700
1622541619138000,1,0.42913719,2570.0700
1622542210930000,1,0.96776369,2583.1700
1622542210930000,1,0.78200000,2583.1700
1622542210955000,1,1.32367111,2583.1700
1622542392198000,0,0.09688426,2578.2600
1622542715395000,1,0.09642189,2592.1500
1622543916203000,0,0.09617490,2593.9200
1622544301111000,0,0.46712182,2620.6000
1622545203675000,1,0.71033000,2609.7500
1622545203675000,1,0.53872065,2609.7300
1622545597022000,1,0.09619700,2598.2100
1622545690971000,1,0.46943922,2600.2000
1622545690971000,1,1.17361519,2600.2000
1622545690971000,1,3.05152770,2600.2000
1622546812782000,0,0.95299927,2625.5900
1622546812782000,0,2.58378172,2625.9600
1622546812782000,0,1.90672417,2625.9700
1622546812782000,0,0.05649484,2626.7300
1622547463855000,0,0.20026928,2629.1600
1622547879011000,1,0.09512962,2625.0500
1622548100801000,0,0.09530840,2622.3400
1622548119340000,1,0.09536630,2622.3100
1622548901925000,1,0.46789009,2605.9800
1622549669982000,0,0.09714994,2572.9300
1622549956497000,1,0.47320330,2580.7600
1622550941017000,1,0.47196790,2586.2100
1622550941017000,1,0.19058134,2586.2100
1622551722580000,1,0.09681213,2576.6400
1622552112307000,1,0.97249078,2568.9800
1622552112307000,1,0.77929358,2568.4800
1622552112307000,1,0.47556740,2568.2100
1622552112307000,1,1.18893619,2568.2100
1622552112307000,1,0.48671205,2567.7800
1622552407012000,0,0.77171246,2560.2800
1622552409547000,0,0.77042311,2561.1900
1622552511502000,1,0.98143730,2544.3500
1622552519226000,0,0.48038674,2549.9400
1622552698944000,1,0.48084919,2541.3100
1622552700361000,1,0.48091349,2540.3800
1622553397946000,0,0.78101059,2547.3100
1622553398551000,0,0.77936056,2547.6900
1622553556254000,1,4.40820914,2544.4800
1622553872663000,0,0.18372293,2557.0900
1622553977695000,0,0.18372293,2557.3600
1622553986226000,0,0.18372293,2561.3200
1622553986742000,0,0.20329571,2563.0400
1622553986854000,0,0.77331653,2563.0400
1622554026983000,0,0.18372293,2572.3600
1622554110132000,0,0.18372293,2597.5700
1622554143998000,0,0.18372293,2603.0100
1622554143998000,0,0.47054051,2603.0200
1622554143998000,0,0.05894346,2603.0200
1622554155826000,1,0.57304383,2596.6600
1622554581765000,1,0.46813429,2611.5300
1622554581783000,1,0.61178700,2611.5200
1622554582119000,0,0.38991815,2611.5300
1622554582793000,1,0.34459473,2611.5200
1622554771134000,0,0.78053107,2611.5300
1622554942390000,0,0.94330729,2655.2200
1622555888631000,0,2.74222410,2630.0000
1622556491531000,0,0.75437351,2638.9600
1622557288699000,1,0.02083429,2600.0000
1622557375613000,0,0.47067995,2606.4000
1622557406102000,0,0.47056427,2606.6900
1622558232856000,0,0.70866000,2615.1700
1622558232856000,0,0.95666770,2615.2400
1622558232856000,0,0.23940586,2616.2600
1622559611599000,1,0.47281417,2588.2100
1622559614386000,1,3.07349101,2587.5200
1622559982668000,0,0.47740928,2567.4900
1622559982668000,0,1.19333987,2567.4900
1622559982668000,0,0.38052043,2567.5000
1622560077797000,0,0.14392940,2561.2000
1622560518804000,0,0.78296840,2569.6700
1622560518829000,0,2.32112531,2569.6700
1622561297083000,1,0.35512162,2569.5100
1622561298366000,1,0.12136544,2569.5100
1622561779785000,1,0.03136346,2550.0000
1622561941102000,1,0.47612187,2570.3100
1622563392490000,1,1.19301048,2566.9500
1622564414181000,0,0.44562683,2575.9000
1622564414182000,0,1.55000000,2575.9000
1622564414184000,0,0.07767714,2575.9000
1622564414208000,0,0.48623894,2575.9000
1622564414412000,0,0.19448814,2575.9000
1622564414494000,0,0.21815282,2575.9000
1622564414495000,0,0.10321003,2575.9000
1622564414534000,0,0.01602954,2575.9000
1622566055686000,1,0.47801706,2557.5400
1622566800071000,1,0.48088946,2542.6400
1622567686237000,0,0.79042659,2535.0300
1622567686315000,0,9.85655564,2535.0300
1622567686821000,0,9.85500801,2535.0300
1622567686854000,0,1.18282623,2535.0300
1622567686865000,0,0.71820387,2535.0300
1622567687031000,0,0.10896222,2535.0300
1622567687096000,0,1.18282623,2535.0300
1622567687471000,0,1.05639074,2535.0300
1622567709532000,0,0.17300000,2535.0300
1622567712176000,0,9.85597001,2535.0300
1622567712709000,0,1.20566614,2535.0300
1622567712925000,0,0.16967208,2539.7900
1622567713044000,0,0.37619053,2539.7900
1622567780630000,1,0.73032000,2538.3000
1622572875741000,0,0.47667498,2569.8500
1622578517333000,1,0.79122753,2555.2700
1622578517333000,1,1.17248438,2555.2600
1622578517348000,1,0.98240638,2555.2600
1622578518600000,0,3.10818094,2560.5400
1622578882870000,1,0.36470367,2554.5600
1622581556732000,0,0.09701834,2575.0800
1622582710806000,0,0.47188018,2591.7400
1622582710806000,0,1.17968309,2591.7400
1622582710806000,0,3.06766251,2591.7400
1622582710806000,0,0.28077422,2591.7500
1622583170119000,0,0.00970000,2587.4300
1622583913822000,0,0.38820304,2568.9000
1622584065350000,0,0.47450172,2577.4400
1622584065350000,0,0.78321547,2578.0900
1622586581408000,0,0.96603645,2589.8000
1622586581501000,1,0.96603645,2590.1200
1622587615300000,1,3.07169046,2583.0200
1622588066079000,1,0.47323817,2581.9000
1622588068937000,1,0.03812016,2581.8800
1622588276518000,1,3.07304846,2582.0700
1622592938582000,1,0.05643878,2615.8600
1622593256697000,1,1.17225647,2606.0200
1622595321251000,0,0.46905960,2608.7800
1622595403989000,1,0.47172557,2589.3500
1622595403989000,1,1.17997703,2589.3200
1622595403989000,1,3.06713822,2589.3200
1622596127969000,1,4.50000000,2560.6300
1622598891267000,1,0.39163554,2582.3600
1622599304858000,1,0.47282017,2583.5400
1622599304858000,1,1.18165911,2583.5400
1622599304858000,1,3.07242739,2583.5400
1622599304858000,1,0.96684664,2583.5300
1622599304858000,1,0.78308098,2583.1300
1622599358706000,1,0.47324617,2580.5100
1622599358706000,1,1.18359107,2580.5100
1622599358706000,1,0.96816305,2580.5000
1622599364048000,1,0.47383310,2577.7300
1622599467533000,1,0.78011457,2574.7500
1622599467533000,1,0.47456081,2574.7400
1622599467533000,1,1.18641961,2574.7400
1622599467533000,1,3.08438148,2574.7400
1622599467533000,1,0.97028433,2574.7300
1622599467669000,0,0.97028433,2574.2400
1622599467807000,0,0.04424104,2574.2400
1622599479221000,1,0.47427903,2576.7500
1622599479221000,1,0.96938212,2576.7100
1622599479273000,0,3.08253595,2576.2400
1622599479348000,0,0.96938212,2576.2400
1622599479401000,0,1.95353113,2576.2400
1622599515941000,1,0.47415765,2576.5500
1622599515941000,1,1.18547522,2576.5500
1622599515941000,1,3.08244501,2576.5500
1622599515941000,1,0.96967068,2576.5400
1622599515941000,1,0.76477278,2576.1900
1622601853726000,1,0.46787710,2612.2900
1622604920816000,0,0.76631407,2620.9300
1622609043557000,0,0.38994529,2620.4400
1622611241327000,0,0.76033006,2615.1800
1622611241880000,0,0.76080475,2616.4400
1622611242407000,0,2.75154170,2618.8500
1622613299841000,0,0.13247234,2635.7200
1622613686977000,0,0.34716918,2656.8600
1622613883382000,0,0.46200976,2644.2600
1622614158419000,0,0.46358186,2634.3200
1622614158419000,0,0.02182075,2634.3300
1622614249647000,0,0.16118510,2640.3300
1622614356762000,0,1.15394134,2648.2000
1622614356762000,0,0.68038884,2648.2100
1622615365184000,0,1.15342573,2645.1100
1622615365184000,0,0.94575898,2645.1200
1622615365184000,0,0.44110817,2645.8500
1622616306674000,1,0.10000000,2636.4500
1622619018226000,0,0.18568904,2669.2700
1622619018319000,0,0.27177601,2669.2700
1622619018319000,0,1.14368811,2669.2700
1622619061594000,0,0.24258961,2673.0500
1622619061751000,0,0.21489185,2673.0500
1622619061751000,0,0.10610815,2673.0500
1622619061773000,0,0.40899999,2673.0500
1622619062163000,0,0.17947280,2673.0500
1622619062180000,0,0.44909268,2673.0500
1622619062180000,0,1.98996505,2673.0600
1622619062188000,0,0.39900000,2673.0600
1622619062194000,0,0.58443909,2673.0600
1622619175100000,0,0.45791496,2674.7000
1622619175100000,0,1.14475733,2674.7000
1622619175100000,0,0.16642063,2674.7000
1622619177122000,0,2.80980081,2674.7000
1622619426925000,0,1.14704477,2682.0600
1622619426925000,0,2.98201927,2682.0600
1622619426925000,0,0.45882976,2682.0600
1622619462175000,0,0.45937511,2689.9300
1622619462175000,0,1.14840809,2689.9300
1622619462175000,0,2.98556305,2689.9300
1622619514901000,0,0.45892966,2685.5600
1622619514901000,0,1.14729452,2685.5600
1622619514901000,0,2.98266848,2685.5600
1622619549517000,0,0.45901713,2686.3800
1622619549517000,0,0.83056990,2686.3800
1622619549534000,0,0.31694328,2686.3800
1622619549534000,0,2.98323686,2686.3800
1622619566829000,0,0.71634569,2693.1700
1622619566829000,0,0.43116749,2693.1700
1622619566829000,0,0.48328350,2693.1700
1622619566829000,0,0.09410389,2693.1700
1622619566869000,0,0.21700000,2693.1700
1622619566931000,0,0.54448457,2693.1700
1622619566978000,0,1.64436490,2693.1700
1622619617717000,0,0.45867022,2695.0100
1622619617717000,0,2.98098259,2695.0100
1622619617717000,0,1.14664595,2695.0100
1622619617717000,0,0.92819655,2696.5900
1622619617717000,0,0.74266897,2696.7600
1622619617717000,0,0.69178000,2697.1600
1622619617717000,0,2.55399493,2697.1600
1622619617717000,0,0.73792611,2697.5600
1622619617717000,0,1.85633464,2698.2200
1622619617717000,0,0.74193261,2698.3700
1622619617812000,1,0.50000000,2699.0600
1622619617816000,1,1.67653739,2699.0600
1622619617878000,1,1.08571597,2699.0600
1622619617879000,1,0.92819655,2699.0600
1622619618027000,1,3.97041752,2699.0600
1622619704404000,0,1.00000000,2700.0000
1622619704602000,0,0.73153214,2703.5300
1622619704602000,0,2.27380546,2705.7200
1622619744065000,0,0.45500485,2704.6400
1622619744065000,0,1.13748261,2704.6400
1622619783999000,0,1.12932178,2704.0900
1622619783999000,0,0.45173487,2704.0900
1622619788650000,0,0.45173487,2704.7700
1622619836382000,0,1.12932178,2706.2300
1622619836382000,0,2.93619685,2706.2300
1622619836382000,0,0.45173487,2706.2300
1622619904066000,0,1.13082554,2705.1100
1622619904066000,0,0.45233638,2705.1100
1622619904066000,0,2.94010647,2705.1100
1622619942033000,1,0.45256747,2700.0700
1622619942033000,1,0.09723253,2699.5800
1622619944370000,1,0.45256747,2699.5900
1622619944370000,1,1.10880442,2699.5900
1622619944482000,1,0.02262989,2699.5900
1622619979794000,0,0.45208975,2703.8700
1622619994964000,0,0.45208975,2704.8000
1622619994964000,0,1.13020897,2704.8000
1622620125647000,1,0.45217211,2700.0600
1622620305403000,1,1.13044589,2699.8300
1622620305933000,1,0.18720351,2699.1700
1622620305937000,1,2.75393943,2699.1700
1622620309824000,1,0.09822228,2696.6000
1622620342875000,1,0.45247381,2697.9600
1622620342875000,1,0.27752619,2697.9600
1622620343002000,1,0.85367398,2697.9600
1622620343002000,1,2.94123914,2697.9600
1622620364570000,1,0.45247381,2694.9500
1622620364570000,1,1.13120017,2694.9500
1622620364570000,1,2.94123914,2694.9400
1622620383287000,1,0.45247381,2693.3300
1622620383287000,1,1.12995530,2693.3300
1622620383287000,1,2.93800217,2693.3300
1622620447957000,1,0.45198031,2696.8900
1622620447957000,1,1.12996639,2696.8800
1622620455761000,1,0.45198031,2695.5100
1622620470415000,1,1.12996639,2693.4700
1622620470415000,1,0.17177064,2693.4700
1622620474173000,1,0.28020967,2693.4700
1622620478336000,1,0.45198031,2692.9900
1622620539493000,1,1.13131754,2691.8700
1622620539493000,1,1.14455491,2691.8700
1622620539493000,1,0.01063424,2691.8700
1622622908471000,0,0.67671645,2686.5400
1622623378927000,1,0.67500000,2693.0100
1622623398692000,0,0.04999999,2695.8000
1622623398720000,0,0.40262751,2695.8000
1622623398720000,0,0.03144528,2695.8000
1622623398760000,0,0.62000000,2695.8000
1622623398795000,0,0.34024696,2695.8000
1622623398824000,0,0.13987652,2695.8000
1622623612497000,0,0.04389426,2706.8600
1622624082718000,1,0.26457770,2692.0100
1622624356425000,0,0.71250000,2710.0000
1622624883874000,1,0.04602643,2716.4500
1622625431765000,0,0.92867777,2694.5800
1622625431765000,0,0.28177640,2696.3700
1622625844277000,1,0.45259228,2686.3000
1622625844277000,1,0.67447100,2686.3000
1622625914348000,0,0.45286797,2692.4800
1622625914348000,0,1.13210717,2692.4800
1622625914348000,0,2.94309868,2692.4800
1622625972426000,0,0.45295501,2693.0500
1622625972426000,0,1.13235517,2693.0500
1622625972426000,0,2.94374330,2693.0500
1622625980598000,0,0.13443524,2695.6700
1622625980603000,0,0.31857905,2695.6700
1622625980603000,0,0.30711094,2695.6700
1622625980606000,0,1.43987705,2695.6700
1622625980610000,0,0.31142473,2695.6700
1622625980683000,0,0.88571575,2695.6700
1622625980683000,0,1.05018337,2695.6700
1622625980759000,0,0.08232000,2695.6700
1622626011387000,0,0.41109000,2699.0000
1622626011441000,0,0.04192429,2699.0000
1622626011441000,0,0.29772695,2699.0000
1622626011664000,0,0.27002465,2699.0000
1622626266082000,1,0.00807972,2703.6300
1622627567836000,1,0.45315551,2684.9900
1622627567836000,1,0.46230810,2684.9900
1622627567899000,1,0.67061932,2684.9900
1622627567899000,1,1.56249151,2684.9900
1622627567901000,1,0.18850000,2684.9900
1622627569413000,1,1.19462329,2684.9900
1622628650722000,0,0.23997423,2684.2200
1622628650889000,0,0.17513243,2684.2200
1622628651023000,0,0.03860428,2684.2200
1622628651023000,0,0.03835986,2684.2700
1622628651120000,0,0.06241979,2684.2700
1622628651150000,0,0.20296107,2684.2700
1622628699397000,1,0.45394592,2680.2500
1622628864996000,1,0.15709703,2679.3100
1622628865134000,1,0.29700974,2679.3100
1622628865320000,1,0.57635478,2678.8900
1622628865395000,1,0.19956521,2678.8900
1622628970893000,0,0.45387311,2683.2100
1622628971110000,0,0.55184206,2683.4000
1622628971129000,0,0.58271614,2683.4000
1622628971332000,0,0.27523277,2683.3900
1622628971407000,0,0.17837413,2683.3900
1622628971407000,0,1.13400034,2683.3900
1622628984631000,0,0.12782118,2685.8500
1622628984842000,0,0.07572753,2685.8500
1622628985464000,0,0.25005819,2685.8500
1622628985464000,0,0.00580343,2685.8800
1622628985567000,0,0.20317098,2685.8800
1622628986149000,0,0.07881970,2685.8700
1622628986196000,0,0.05724801,2685.8700
1622628996928000,0,0.06280180,2685.8700
1622628996984000,0,0.23872254,2685.8700
1622628999090000,0,0.01601485,2685.8700
1622629001991000,0,0.20801000,2686.7700
1622629002011000,0,0.05538563,2686.7700
1622629002024000,0,0.19021127,2686.7700
1622629002024000,0,0.04908367,2686.7900
1622629002064000,0,0.21072281,2686.7900
1622629002072000,0,0.04969988,2686.7900
1622629002077000,0,0.10603134,2686.7900
1622629003268000,0,0.08463929,2686.7900
1622629003347000,0,0.36220537,2686.7900
1622629004999000,0,0.00676224,2686.7900
1622629006893000,0,0.11200713,2687.6300
1622629007238000,0,0.09953424,2687.6300
1622629007345000,0,0.07294960,2687.6300
1622629008809000,0,0.09384500,2687.6300
1622629008903000,0,0.07527093,2687.6300
1622629008903000,0,0.09183907,2687.6300
1622629009133000,0,0.16988274,2687.6300
1622629009956000,0,0.05544807,2687.6300
1622629293425000,0,0.04185452,2689.6600
1622629414337000,0,0.45289883,2689.5700
1622629414337000,0,1.13223023,2689.5700
1622629499915000,0,0.04783172,2688.7000
1622629499948000,0,0.38059570,2688.7000
1622629500010000,0,0.02466234,2688.7000
1622629500010000,0,1.13269178,2688.7000
1622629500010000,0,2.94449534,2688.7000
1622631006867000,0,0.45523828,2676.2500
1622631006867000,0,1.13807886,2676.2500
1622631006867000,0,2.95889437,2676.2500
1622631066952000,0,0.45523828,2677.0900
1622631066952000,0,1.13807886,2677.0900
1622631066952000,0,2.95889437,2677.0900
1622631143469000,0,0.45539640,2674.8400
1622631143469000,0,1.13847415,2674.8400
1622631143676000,1,0.73982616,2672.7900
1622631143676000,1,1.09450402,2671.5300
1622631143735000,0,0.32883369,2675.5100
1622631143926000,0,0.45539640,2675.5100
1622631976381000,1,5.40000000,2681.6100
1622632286466000,1,0.40244329,2664.2300
1622632373740000,0,0.19660624,2667.8600
1622632523819000,1,0.45424113,2675.5600
1622632664338000,0,0.45670568,2663.7400
1622632664338000,0,0.28329432,2663.9600
1622632664413000,0,0.37673000,2663.9600
1622632664431000,0,1.12130000,2663.9600
1622632664644000,0,0.09772464,2663.9600
1622632666483000,0,1.14212693,2664.9500
1622632667949000,0,0.75018005,2665.7600
1622632906526000,1,0.73653712,2674.9500
1622633104867000,0,0.41490934,2685.1000
1622633121246000,0,0.45308121,2688.4300
1622634634650000,0,0.45169935,2696.0200
1622635333563000,0,0.45174757,2699.2500
1622635333563000,0,1.12935222,2699.2500
1622635333563000,0,2.93638232,2699.2500
1622635507566000,1,0.38300000,2703.7900
1622635507811000,1,0.06718741,2703.7900
1622636107086000,1,2.91895478,2714.1200
1622636178181000,1,0.16554960,2707.8300
1622638937171000,1,0.45311269,2687.6500
1622640981890000,1,0.37731669,2737.1500
1622640983606000,1,0.73700000,2736.1000
1622640983661000,1,0.30195623,2736.1000
1622640983683000,1,0.04312262,2736.1000
1622640983686000,1,0.91792115,2736.1000
1622641111972000,1,0.39228630,2729.7200
1622642096103000,1,0.58303663,2733.6500
1622642113366000,1,0.07780614,2728.3000
1622642113473000,1,0.44654017,2728.3000
1622642113487000,1,0.05983361,2728.3000
1622643503621000,0,0.44596577,2738.5900
1622643503621000,0,1.11507746,2738.5900
1622643503621000,0,0.22406516,2738.5900
1622644873727000,0,1.10421913,2763.3500
1622644873727000,0,0.44169400,2763.4100
1622644874559000,0,3.83538393,2770.4100
1622644874559000,0,0.44037034,2776.1200
1622644874559000,0,2.86230527,2776.1200
1622644874559000,0,0.44169400,2776.1200
1622644874559000,0,2.51506341,2776.1300
1622644874559000,0,2.70517396,2776.1400
1622644875298000,0,0.16500840,2773.3900
1622644875298000,0,0.72768995,2773.4000
1622644875298000,0,0.72213341,2773.8200
1622644875298000,0,1.40163102,2776.1400
1622645937621000,1,0.50000000,2766.2800
1622647610968000,1,0.50000000,2789.8800
1622647921500000,1,0.15003811,2776.7700
1622647921534000,1,0.13800333,2776.7700
1622647924839000,1,0.15150155,2776.7700
1622649083695000,0,0.72339600,2784.9200
1622649718980000,0,1.69062924,2800.0000
1622649735657000,0,0.43727490,2797.4800
1622651059752000,1,0.05480900,2779.0100
1622651060274000,1,1.09794793,2779.0200
1622651060274000,1,2.85477880,2779.0200
1622651060274000,1,0.43916042,2779.0200
1622651060274000,1,1.36215628,2779.0100
1622651697105000,1,0.33625721,2764.2600
1622651697362000,1,2.82680360,2764.2600
1622651697519000,1,0.13714180,2764.2600
1622651698601000,1,0.05235124,2764.2600
1622651698669000,1,0.36115000,2764.2600
1622651698724000,1,0.20448568,2764.2600
1622651705022000,1,0.19926182,2764.2600
1622651705078000,1,0.06873523,2764.2600
1622651705186000,1,0.09217112,2764.2600
1622651705308000,1,0.06013009,2764.2600
1622651705317000,1,0.36541000,2764.2600
1622651705487000,1,0.13398564,2764.2600
1622651705489000,1,0.04111355,2764.2600
1622651705515000,1,0.12100302,2764.2600
1622651930810000,1,0.44107858,2768.0500
1622651930810000,1,1.10271225,2768.0500
1622651930810000,1,0.90269411,2768.0400
1622652288197000,0,0.39251187,2760.4700
1622652628781000,1,0.90896252,2748.1600
1622652628781000,1,0.73305745,2747.6700
1622652628885000,0,0.90896252,2747.0100
1622652628999000,0,9.09267507,2747.0100
1622652629524000,0,1.35634244,2747.0100
1622654346551000,0,0.02176117,2758.0400
1622654944135000,1,0.39480000,2744.4400
1622655142078000,0,0.09273400,2752.6300
1622655142078000,0,2.88667684,2752.6400
1622657647441000,1,0.22122685,2760.0000
1622657647478000,1,0.05754630,2760.0000
1622657647595000,1,0.22122685,2760.0000
1622658284054000,0,0.05555500,2767.2700
1622658284054000,0,0.90395529,2767.4400
1622658284054000,0,0.72662759,2767.5800
1622658284054000,0,1.80829353,2768.1800
1622658284054000,0,0.72541930,2768.4200
1622658284054000,0,1.10430323,2768.8200
1622658284054000,0,0.17540668,2768.8300
1622658438593000,1,0.04379300,2767.8600
1622658487946000,1,7.00000000,2767.0600
1622663622228000,1,0.90632507,2756.2000
1622663622228000,1,2.87741753,2754.9500
1622663622228000,1,0.44284076,2754.9500
1622663622228000,1,0.77341664,2754.9500
1622664996088000,1,0.03726200,2734.3300
1622664996810000,1,0.02729689,2734.3400
1622664996810000,1,0.91432273,2731.6300
1622664996810000,1,0.67899000,2730.2100
1622664996810000,1,0.44672434,2730.2000
1622664996810000,1,1.82912341,2729.0400
1622664996810000,1,0.41907521,2728.1500
1622664996856000,1,0.69777644,2728.1500
1622664996856000,1,0.44638136,2728.1500
1622664996856000,1,3.85584220,2728.1400
1622664997597000,1,0.67950000,2728.1600
1622664997597000,1,1.04415780,2728.1400
1622664997597000,1,3.97634220,2727.8600
1622665557657000,1,0.44750448,2728.3000
1622665557657000,1,0.91571969,2728.2900
1622665557727000,0,0.50000000,2727.7600
1622667814059000,0,0.09149173,2732.0500
1622668142964000,0,0.91138958,2734.7800
1622668271142000,1,9.16296210,2730.0000
1622668271667000,1,9.16598754,2730.0000
1622668272219000,1,9.16772154,2730.0000
1622668272685000,1,3.50332882,2730.0000
1622669184435000,0,0.00920000,2730.1700
1622669792742000,0,0.01800000,2716.0200
1622670993686000,1,0.20000000,2727.0900
1622673558378000,1,0.45513316,2681.4700
1622673558378000,1,0.13761366,2681.4700
1622673558495000,1,0.99990555,2681.4700
1622673558495000,1,0.78520284,2681.4600
1622673558541000,1,0.14621243,2681.4600
1622673558541000,1,0.23989852,2679.5000
1622673558589000,1,2.71765141,2679.5000
1622673558589000,1,1.86220276,2679.4900
1622673558589000,1,2.95074374,2675.2400
1622673558589000,1,0.21556045,2675.1300
1622673558650000,1,1.00000000,2675.1300
1622673559267000,1,0.69270000,2676.1600
1622673559267000,1,0.16748664,2675.1400
1622673559267000,1,1.13802785,2675.1400
1622673559267000,1,0.45520443,2675.1400
1622673559267000,1,2.95754993,2675.1400
1622673559267000,1,0.08903115,2675.1300
1622673800781000,0,0.01173086,2676.5900
1622676395609000,0,0.25927274,2719.8000
1622678194165000,0,0.73769039,2710.0800
1622678194165000,0,0.92318083,2710.2000
1622678194165000,0,0.74440606,2710.9400
1622678194165000,0,0.45063501,2711.2800
1622678194165000,0,1.12657090,2711.2800
1622678194165000,0,0.73241888,2711.2900
1622678194165000,0,2.92943167,2712.4300
1622678194165000,0,0.74088273,2712.4400
1622678194165000,0,0.62420938,2713.0000
1622678301799000,0,0.73157495,2708.9500
1622678301799000,0,0.92347523,2708.9600
