timestamp ms,type,amount,price
1626506597688000,0,0.83001693,1884.0700
1626510747112000,1,1.33755917,1868.0700
1626510747112000,1,0.63202578,1866.4000
1626510747112000,1,1.58009707,1866.4000
1626510747112000,1,0.63202578,1866.3800
1626510747112000,1,2.67606686,1866.3700
1626510747112000,1,5.96330866,1866.0700
1626511169513000,1,13.26316933,1886.0000
1626511170012000,1,6.17156025,1886.0000
1626511566033000,0,1.31196469,1907.2100
1626511566033000,0,1.55142438,1907.7300
1626511566033000,0,7.60000000,1907.7400
1626511566033000,0,1.55091962,1908.4100
1626511566033000,0,1.04567802,1909.5500
1626512420860000,1,7.50000000,1895.9900
1626512421630000,1,0.62252291,1895.5500
1626516567878000,1,1.33709647,1868.0300
1626516567878000,1,2.67312068,1867.9700
1626516567937000,0,0.80345660,1866.0000
1626516568038000,0,0.80323670,1866.0000
1626516568124000,0,4.85571497,1866.0000
1626516568131000,0,8.96210416,1866.0000
1626517603098000,1,0.05058178,1861.0900
1626517603107000,1,0.58324693,1861.0900
1626517603463000,1,1.58465556,1860.5200
1626517603668000,1,1.58603934,1859.8600
1626517604013000,1,0.63440264,1858.7800
1626519604981000,1,2.00000000,1850.0000
1626519604981000,1,1.00000000,1850.0000
1626519636812000,0,0.26603900,1855.1200
1626519665368000,0,0.04606600,1857.4700
1626522923284000,0,5.70000000,1865.0300
1626529436094000,0,1.57969759,1871.7100
1626529436615000,0,4.10546050,1872.4600
1626534880524000,0,0.30000000,1876.9700
1626541315810000,1,0.62125088,1898.8300
1626546141571000,1,0.59590375,1904.6700
1626549242994000,1,0.97354000,1904.1700
1626549242994000,1,0.61891398,1904.1600
1626549242994000,1,0.61906318,1904.1600
1626549242994000,1,1.54815246,1904.1600
1626549242994000,1,3.21235800,1904.1500
1626549243033000,0,1.31067920,1903.7800
1626549243049000,0,0.15292350,1903.7800
1626549243061000,0,2.02042988,1903.7800
1626556128943000,0,0.37719686,1899.3000
1626557856725000,0,0.22576200,1912.0600
1626558119660000,0,0.05000000,1913.9300
1626559419923000,1,0.01500000,1902.7400
1626562786535000,1,0.58500000,1900.1500
