timestamp ms,type,amount,price
1624320144244000,0,0.63603011,1878.9300
1624320147093000,0,1.58634391,1881.6300
1624320147093000,0,0.63444325,1881.6300
1624320433251000,1,1.31686117,1900.5900
1624320435568000,1,0.24943849,1900.5900
1624321002687000,1,0.10000000,1870.0000
1624321011968000,1,0.54767825,1867.8600
1624321014946000,1,0.54820653,1867.8600
1624321029145000,1,0.49482685,1867.8600
1624321143456000,0,0.40553691,1877.9800
1624321144383000,0,0.11100000,1878.3700
1624321144445000,0,0.06627076,1878.3700
1624321165436000,1,0.63881076,1870.2600
1624321165436000,1,1.59685392,1870.2600
1624321165436000,1,2.76433532,1870.2500
1624321388578000,1,1.08539102,1864.9500
1624321389212000,1,1.16715429,1864.9400
1624321397075000,1,0.58699431,1864.9400
1624321418449000,1,0.24585140,1864.9400
1624321553092000,1,1.07782887,1861.5200
1624321599158000,1,0.63883536,1864.5600
1624321599158000,1,0.63883536,1864.5500
1624321599158000,1,0.40923106,1864.5300
1624321684535000,0,0.46917821,1869.9700
1624321690483000,0,2.93444131,1875.4600
1624321690483000,0,1.12938525,1875.4600
1624321690483000,0,0.45147608,1875.4600
1624321698319000,0,3.26763690,1886.4900
1624321743890000,1,3.33574272,1878.1500
1624321743890000,1,1.05025432,1877.4500
1624321743890000,1,1.58691415,1877.1500
1624321743890000,1,1.32946097,1877.1400
1624321743890000,1,1.05416776,1876.8700
1624321743890000,1,4.12630173,1875.7400
1624321743890000,1,2.65892193,1875.6300
1624321743890000,1,12.54000000,1862.7600
1624321743890000,1,0.38310000,1856.4500
1624321743890000,1,1.00000000,1850.0000
1624321743890000,1,1.00000000,1850.0000
1624321743890000,1,14.03513642,1848.0000
1624322213303000,0,0.62879650,1897.1500
1624322213362000,0,0.05000000,1899.3500
1624322801533000,0,0.31020000,1901.3600
1624322801543000,0,1.86714590,1901.3600
1624322801558000,0,0.29892724,1901.3600
1624322801568000,0,1.60192332,1901.3600
1624323479544000,1,0.62332165,1910.1300
1624323479715000,1,0.62332165,1909.8800
1624323658251000,0,0.51909056,1921.6300
1624323753117000,0,0.06718700,1930.6800
1624323814267000,1,0.61729558,1928.6400
1624323951847000,0,0.49275714,1930.8400
1624323951886000,0,0.12528652,1930.8400
1624323951886000,0,1.54519040,1930.8600
1624324121211000,1,1.53496073,1940.2500
1624324130277000,1,3.99131020,1938.9000
1624326764460000,0,0.01901798,1957.6000
1624326764460000,0,1.27860229,1957.6400
1624326764460000,0,0.04754519,1958.0500
1624326764460000,0,0.96099279,1958.0600
1624327366319000,0,0.02791273,1953.9700
1624329818660000,1,0.61105717,1944.6300
1624329818660000,1,0.32136605,1944.6300
1624329818860000,1,1.02399381,1944.6300
1624329818948000,1,0.18149778,1944.6300
1624329819309000,1,1.82660045,1944.3300
1624330143564000,0,1.18889226,1956.9800
1624330143564000,0,0.07216746,1956.9800
1624330144138000,0,0.40339916,1956.9800
1624330639935000,0,0.08204800,1959.5500
1624331986945000,1,0.28975889,1957.1000
1624332385848000,0,0.50821810,1962.7400
1624333941788000,1,0.60067036,1981.3800
1624337200894000,0,0.60472654,1970.5100
1624338603712000,0,0.94264000,1969.5000
1624338603712000,0,0.13204337,1969.6100
1624338603712000,0,0.60578960,1969.6100
1624338603712000,0,0.60578971,1969.6400
1624338603712000,0,1.51445911,1969.6400
1624338603712000,0,0.18959499,1969.7800
1624338683470000,0,0.20110320,1967.0700
1624338683470000,0,0.60594733,1967.0700
1624338683470000,0,0.09126837,1967.0800
1624338683470000,0,0.10054594,1967.0900
1624338736922000,0,0.06221150,1966.1600
1624338736922000,0,0.60689249,1966.1700
1624338736922000,0,0.82988166,1966.1700
1624338766322000,0,0.75002290,1964.7800
1624338794658000,0,0.60601788,1964.4800
1624338794658000,0,0.14412391,1964.4900
1624338806160000,1,0.94515000,1961.3700
1624340630760000,1,0.46796359,1936.0700
1624345002067000,1,0.61271977,1942.3000
1624345353647000,0,0.10609200,1952.6100
1624345804611000,1,0.61388178,1938.2500
1624345804711000,1,0.30000000,1937.7700
1624347329068000,0,0.13800000,1951.2900
1624347733202000,0,0.05136800,1951.3900
1624348774009000,0,0.10820404,1939.1100
1624348790610000,0,0.10263691,1943.9400
1624350149310000,1,1.32065790,1891.6400
1624350362321000,0,0.62961486,1892.0300
1624350362321000,0,0.65920888,1892.0300
1624350406099000,1,1.05204104,1889.4700
1624350413023000,1,0.64804053,1889.0100
1624350420085000,1,0.40196316,1889.0100
1624350451098000,1,1.07021852,1888.9600
1624350921025000,1,1.06493753,1884.6900
1624351038143000,1,1.06830857,1880.7300
1624351040121000,1,0.14962408,1880.1000
1624351042462000,0,0.19464118,1883.1100
1624351047423000,1,9.16599640,1881.9000
1624351047910000,1,0.63288987,1880.7300
1624351047910000,1,1.58288188,1880.7300
1624351058874000,1,8.98997072,1877.9400
1624351095807000,1,0.98729000,1877.6500
1624351095807000,1,0.63324897,1877.6400
1624351095807000,1,0.27946103,1877.3500
1624351157516000,0,2.21576728,1880.7400
1624351357878000,1,0.15133166,1880.4000
1624351364783000,1,0.86289454,1880.4000
1624351366248000,1,1.07839123,1879.8000
1624351366752000,1,1.04819372,1879.5100
1624351549461000,1,1.23552746,1889.1500
1624351549479000,1,0.85249700,1889.1500
1624351549518000,1,0.27774095,1889.1500
1624351549644000,1,1.03354819,1889.1500
1624351549657000,1,0.09800000,1889.1500
1624351549807000,1,0.48513944,1889.1500
1624351549827000,1,5.08857137,1889.1500
1624351709699000,1,0.04990422,1877.3500
1624351709890000,1,0.04990422,1873.3200
1624352322726000,1,1.06234410,1880.3700
1624352837700000,1,0.02000000,1869.0000
1624354217047000,1,0.13468872,1870.7700
1624354227243000,1,0.01544221,1870.7700
1624354227243000,1,1.05526912,1870.2000
1624355361733000,0,0.63340858,1880.2300
1624355361733000,0,1.58350558,1880.2300
1624355361733000,0,0.63360430,1880.2600
1624356472074000,1,1.06276410,1864.7600
1624356690305000,0,0.63828716,1865.1500
1624356690305000,0,1.59490058,1865.1500
1624357426272000,0,3.29114592,1871.7900
1624357426272000,0,1.59298509,1871.8000
1624357426272000,0,0.63721315,1871.8000
1624357444373000,0,0.63230404,1886.3900
1624357444373000,0,4.10889311,1886.3900
1624357444373000,0,1.58052298,1886.3900
1624357596809000,1,0.12000000,1875.3600
1624357934671000,0,0.63024083,1891.0000
1624357934671000,0,0.18731400,1891.0100
1624357961004000,1,0.62910338,1889.5500
1624357961485000,1,0.62960220,1889.4700
1624357978111000,0,0.21000000,1892.4300
1624358499869000,0,0.62696481,1898.1300
1624358537628000,1,0.62487046,1903.5200
1624358537628000,1,0.01800000,1903.5100
1624358537628000,1,1.56274940,1903.5000
1624358537628000,1,4.06247752,1903.4800
1624358537628000,1,0.52007251,1903.4700
1624358667292000,0,0.96325000,1921.6800
1624358667292000,0,0.03675000,1922.2700
1624358742355000,0,0.12221300,1912.9800
1624358743859000,0,0.10398700,1912.9800
1624358754366000,0,0.06023800,1914.4100
1624359111590000,1,0.62778370,1893.7700
1624360566281000,0,1.58140047,1884.2100
1624360566281000,0,0.63256651,1884.2100
1624360566281000,0,4.11257232,1884.2100
1624362495062000,1,0.14000000,1876.0000
1624362539934000,1,4.55710638,1880.0000
1624363021329000,0,4.69710638,1868.0000
1624363106026000,1,1.00000000,1870.0000
1624363171260000,0,0.63865897,1866.4200
1624363171260000,0,1.59705962,1866.4200
1624363171260000,0,4.15211353,1866.4200
1624363196754000,1,0.32000000,1866.1800
1624363197071000,1,0.75063627,1866.1800
1624363288306000,1,1.08854362,1858.5300
1624363309621000,0,0.23000000,1868.5600
1624363486772000,1,0.26000000,1855.0700
1624363511946000,0,9.69400000,1851.9600
1624363529945000,1,0.16055514,1853.7800
1624363557565000,1,0.20021901,1851.5400
1624363570531000,1,0.56353754,1849.1800
1624363571543000,1,0.81146564,1849.1700
1624363574525000,1,0.53893231,1849.1700
1624363590767000,1,0.64471771,1846.0600
1624363590767000,1,1.61181040,1846.0600
1624363681207000,1,0.38250000,1830.0000
1624363681207000,1,5.67647800,1830.0000
1624363682608000,0,0.13638698,1830.6000
1624363682946000,0,0.11000000,1832.2100
1624363877133000,0,0.65214220,1830.0500
1624363877133000,0,1.63007025,1830.0500
1624363918145000,0,0.13637083,1831.3300
1624364190635000,0,0.32293100,1849.5200
1624364288047000,0,7.97996591,1853.0200
1624364288689000,0,5.89226949,1855.7500
1624364317689000,1,0.04629100,1852.0900
1624364317689000,1,0.64130558,1852.0800
1624364324216000,0,0.64269701,1852.6300
1624364350796000,1,0.05178800,1855.5500
1624364366471000,1,5.43948924,1855.0000
1624364458854000,1,5.46535637,1844.0000
1624364725195000,1,0.30000000,1821.5400
1624364741282000,1,0.02000000,1820.0000
1624364748186000,1,1.10721152,1815.0100
1624364748186000,1,0.10000000,1815.0000
1624364759277000,1,1.09534496,1813.3100
1624364761101000,1,0.13000000,1811.2400
1624364761731000,1,0.14000000,1811.2400
1624364761845000,1,0.84647268,1811.2400
1624364762181000,1,0.01110000,1811.2300
1624364762812000,1,0.04000000,1809.4700
1624364763531000,1,1.05427794,1809.4700
1624364784117000,1,0.13825904,1814.8800
1624364805735000,1,0.19000000,1809.0900
1624364805735000,1,1.37875034,1809.0800
1624364805735000,1,1.09261398,1808.6900
1624364805735000,1,3.21952270,1807.4200
1624364805735000,1,1.09219472,1807.3700
1624364805735000,1,2.76174250,1804.5800
1624364805735000,1,1.02733000,1804.4600
1624364805735000,1,0.66110013,1800.4300
1624364805735000,1,1.65322463,1800.4300
1624364805735000,1,0.09674926,1800.4200
1624364875345000,1,1.10580575,1803.2100
1624364890454000,0,0.21233577,1807.7500
1624364982706000,1,8.00000000,1808.1800
1624365037786000,1,0.65579643,1813.3400
1624365037827000,1,0.00000538,1813.3400
1624365037827000,1,0.65579643,1813.3300
1624365038099000,1,0.00000538,1813.3300
1624365038099000,1,1.63954030,1813.3300
1624365038099000,1,0.55511832,1813.3200
1624365039010000,1,0.65563565,1813.3300
1624365039010000,1,0.69684902,1813.3200
1624365040827000,1,0.05000000,1813.3300
1624365042754000,1,0.04000000,1814.4800
1624365043809000,1,0.40584498,1815.5600
1624365051123000,0,0.10843205,1823.3700
1624365051385000,0,0.10843205,1830.3800
1624365055383000,0,0.32754047,1830.3500
1624365196432000,0,0.68895400,1837.9100
1624365503387000,1,1.38542847,1801.9400
1624365523790000,1,1.00000000,1800.0000
1624365523790000,1,0.55000000,1800.0000
1624365523790000,1,0.50000000,1800.0000
1624365523790000,1,0.84712222,1800.0000
1624365524009000,1,1.28504130,1798.4300
1624365558940000,1,0.40000000,1797.5600
1624365593532000,1,0.66511994,1789.1800
1624365596108000,1,2.00000000,1786.8800
1624365609068000,1,9.70000000,1788.6100
1624365693989000,1,10.00000000,1776.5500
1624365805048000,1,3.11278294,1777.1500
1624365808777000,1,6.93693518,1772.7400
1624365845497000,1,4.70444205,1761.0000
1624365845497000,1,1.12607112,1760.9900
1624365903111000,1,0.07000000,1760.0000
1624366006969000,0,4.42684105,1758.7500
1624366006969000,0,1.70270959,1758.7500
1624366006969000,0,0.68109364,1758.7500
1624366007527000,0,0.60024756,1758.6000
1624366025129000,0,0.67735285,1769.2800
1624366025129000,0,1.69336374,1769.2800
1624366060474000,0,0.67430796,1771.3400
1624366060474000,0,1.68461291,1771.3400
1624366221782000,1,2.54081811,1772.0500
1624366259199000,0,14.14708239,1765.0000
1624366259952000,0,1.46220527,1765.0000
1624366288915000,1,0.10000000,1760.4000
1624366310403000,1,2.09215293,1756.4800
1624366310723000,1,1.28504131,1755.9100
1624366387483000,1,1.41744915,1760.9300
1624366441580000,0,1.68535820,1771.4100
1624366449960000,1,0.71229291,1770.0000
1624366492640000,1,1.40018876,1771.9800
1624366576333000,0,0.67057626,1776.4400
1624366576333000,0,1.67736701,1776.4400
1624366580755000,0,1.34513772,1777.9500
1624366580755000,0,1.40308011,1777.9500
1624366787677000,1,0.37729766,1792.1400
1624367078485000,1,4.27642652,1804.4100
1624367098649000,1,0.65813033,1801.8300
1624367275476000,1,0.12411539,1796.8400
1624367457976000,1,0.66899605,1779.4200
1624367457976000,1,0.66899605,1779.4100
1624367457976000,1,4.34881969,1779.4000
1624367486471000,1,1.10993211,1781.1900
1624367487460000,1,1.11494813,1780.8900
1624367498490000,1,1.13121942,1780.9100
1624367550173000,1,1.13363696,1776.2300
1624367550173000,1,0.01400000,1775.6000
1624367550173000,1,1.11498924,1775.5800
1624367550173000,1,1.68680796,1775.0500
1624367550173000,1,0.67472318,1775.0500
1624367550173000,1,1.11408851,1775.0400
1624367550173000,1,4.26175415,1774.9600
1624367727520000,1,0.31481216,1776.8000
1624367937761000,1,0.67171408,1774.6800
1624367937761000,1,1.67930348,1774.6800
1624367983265000,1,1.13038314,1768.2500
1624368184861000,0,0.09541570,1766.8900
1624368218866000,0,0.67456595,1768.2600
1624368219401000,0,0.02099385,1769.5200
1624368499545000,1,1.27309116,1777.8000
1624368499795000,1,0.13062733,1777.8000
1624368499795000,1,5.86937267,1777.2700
1624368559432000,0,0.67328449,1779.1900
1624369105261000,1,1.14976927,1757.5700
1624369163062000,1,0.00000001,1757.5700
1624369336992000,1,0.23729868,1751.0000
1624369352215000,1,0.02000000,1750.0000
1624369352215000,1,0.10000000,1750.0000
1624369380065000,1,0.68344270,1746.7400
1624369380065000,1,1.70864388,1746.7400
1624369396006000,1,0.25135708,1745.8000
1624369407245000,1,1.12886048,1744.7200
1624369407245000,1,1.12129192,1744.1800
1624369407293000,1,0.01066039,1744.1800
1624369407293000,1,0.19188569,1741.9000
1624369434452000,0,0.68436158,1747.5100
1624369434452000,0,0.68436158,1747.5200
1624369579538000,1,0.20213495,1740.0000
1624369580054000,1,0.20016505,1740.0000
1624369640871000,1,0.20192208,1736.0000
1624369641172000,1,1.07270716,1736.0000
1624369641411000,1,1.13901999,1736.0000
1624369641943000,1,1.50419107,1736.0000
1624369795086000,1,3.29378716,1731.4300
1624369795256000,1,0.76608400,1731.4300
1624369795467000,1,2.04258860,1731.4300
1624369958879000,1,0.76608400,1729.6800
1624369959190000,1,0.38539489,1729.6800
1624369962501000,1,1.37835000,1729.6800
1624369962692000,1,0.61621547,1729.6800
1624369965459000,1,0.01440051,1728.5900
1624369967181000,1,0.20165568,1728.5900
1624369967190000,1,0.40955345,1728.5900
1624369967329000,1,2.58434724,1728.5900
1624369967329000,1,1.16465537,1728.5800
1624369971371000,1,1.19789808,1726.0400
1624369971432000,1,7.95719879,1726.0400
1624369971950000,1,1.16707801,1725.2300
1624369981852000,1,9.11888188,1719.4200
1624369985326000,1,1.34532588,1715.8900
1624370018327000,1,1.04007936,1714.8200
1624370045300000,0,0.69754737,1718.0400
1624370051488000,1,0.47301808,1717.0800
1624370070333000,1,0.74118231,1717.0800
1624370074299000,1,0.20262216,1714.9700
1624370075247000,1,0.52481464,1714.9700
1624370080295000,1,0.20262216,1711.0200
1624370081399000,1,0.01170000,1711.0000
1624370094771000,1,0.89901208,1707.9800
1624370095358000,1,1.43403777,1707.9800
1624370111476000,1,0.89260749,1703.0600
1624370111476000,1,1.00000000,1702.6500
1624370122843000,1,0.07649715,1701.1700
1624370149627000,1,0.20368000,1701.9800
1624370181992000,1,0.97204821,1708.0500
1624370220768000,0,0.06414200,1721.3800
1624370230138000,1,0.62647850,1712.6900
1624370249015000,0,2.02715508,1728.7500
1624370249548000,0,0.03219824,1729.4700
1624370265853000,1,0.56275600,1745.0000
1624370266052000,1,0.14000000,1745.0000
1624370266199000,1,1.31387482,1745.0000
1624370266494000,1,1.08492513,1745.0000
1624370266885000,1,1.08492513,1745.0000
1624370266954000,1,0.24000000,1745.0000
1624370267383000,1,7.44549026,1745.0000
1624370267488000,1,0.58492513,1734.9000
1624370267588000,1,0.34000000,1734.9000
1624370267978000,1,0.05000000,1734.8800
1624370303344000,1,2.71573708,1733.7700
1624370303400000,1,0.20381976,1733.7600
1624370303411000,1,0.50000000,1733.7600
1624370303876000,1,0.66474290,1733.7600
1624370359478000,1,1.44289801,1730.2600
1624370362573000,1,0.20324424,1729.1500
1624370362640000,1,0.20323858,1729.1500
1624370362906000,1,0.56357800,1729.1500
1624370363005000,1,1.54011599,1729.1500
1624370366138000,1,2.62390372,1725.9900
1624370366138000,1,0.44917857,1725.2800
1624370371408000,1,2.24266439,1723.6900
1624370371925000,1,1.16844309,1723.4900
1624370371925000,1,0.67266680,1722.5800
1624370389436000,1,1.80374672,1722.5900
1624370419899000,0,0.38411884,1729.1500
1624370470428000,0,0.07000000,1736.9300
1624370470494000,0,0.09687700,1736.9300
1624370577749000,1,0.58568200,1740.2700
1624370577946000,1,1.13591292,1740.2700
1624370588285000,1,0.16000000,1739.7000
1624370588697000,1,1.41256983,1739.7000
1624370651849000,1,1.52337924,1724.8000
1624370669252000,1,1.28201383,1720.8200
1624370675257000,1,1.16631553,1721.4900
1624370689781000,1,1.04575343,1717.3200
1624370689781000,1,1.45391513,1717.3000
1624370702816000,1,0.93648893,1717.3100
1624370703066000,1,0.69685664,1714.6000
1624370703066000,1,0.23963229,1713.0300
1624370737275000,1,0.68455349,1714.5900
1624370737779000,1,0.77177595,1714.5900
1624370771135000,0,0.93648788,1717.4000
1624370923368000,0,0.69546142,1727.7100
1624370923368000,0,0.69480974,1727.7100
1624370923368000,0,1.73702435,1727.7100
1624370923368000,0,1.97675073,1727.7200
1624371123463000,1,0.14487497,1723.2100
1624371134120000,1,1.15305423,1722.2000
1624371154470000,0,0.56599400,1725.2600
1624371154470000,0,0.69326840,1725.2600
1624371395196000,0,1.18780000,1739.3600
1624371395691000,0,0.24819945,1739.3600
1624371441792000,1,0.68907904,1732.1500
1624371441792000,1,0.68893414,1732.1400
1624371442026000,1,0.68907904,1731.0500
1624371442505000,1,1.03325631,1731.0500
1624371442505000,1,0.68907904,1731.0500
1624371442505000,1,0.68893414,1731.0500
1624371498591000,0,0.30234100,1736.0000
1624371832074000,0,0.20027481,1740.9100
1624371855124000,0,0.20027481,1743.3300
1624371867217000,0,0.44531305,1748.1200
1624371996495000,1,0.67990805,1752.8500
1624371996614000,1,0.20364000,1749.8500
1624372036348000,0,0.67909440,1758.4400
1624372144254000,1,0.14201710,1753.3100
1624372264284000,1,0.14270753,1756.8800
1624372265117000,0,0.54214653,1759.4900
1624372804719000,1,0.14197110,1759.0200
1624372924917000,1,0.14220489,1758.7300
1624373285221000,1,0.14143039,1765.2500
1624373305203000,0,0.94928384,1772.5200
1624373305289000,0,0.03000000,1780.9100
1624373391040000,0,0.02000000,1779.3500
1624373429240000,0,0.20437812,1782.1700
1624373442256000,0,0.19627067,1786.5500
1624373558599000,0,1.12608206,1789.3900
1624373561423000,0,1.12753507,1790.0600
1624373562112000,0,0.02000000,1790.8300
1624373576570000,0,0.04030000,1794.7500
1624373743639000,0,0.34622000,1803.4400
1624373957022000,0,0.05441700,1826.5200
1624374265266000,0,0.07038003,1800.1200
1624374267882000,0,0.04025417,1800.1100
1624374267882000,0,0.03012586,1800.1200
1624374268122000,0,0.05254719,1800.1100
1624374629014000,0,0.01353675,1837.2200
1624374633022000,1,0.54894100,1832.4200
1624374720013000,0,1.02544498,1835.4700
1624374723599000,0,4.75108846,1835.4600
1624374779279000,1,0.45023286,1832.2400
1624374779304000,1,0.19973253,1832.2400
1624374779304000,1,1.45539353,1832.2300
1624374779316000,1,0.16966174,1832.2300
1624375005143000,1,4.25507562,1817.6400
1624375059571000,0,0.54610285,1823.1000
1624375059571000,0,1.36514620,1823.1000
1624375553238000,0,0.18394200,1842.2900
1624375574603000,0,0.17258083,1844.0200
1624375649762000,0,0.05000000,1857.9400
1624375696699000,1,0.06874400,1851.8300
1624375756342000,1,0.51774249,1849.4300
1624375872487000,0,0.05017130,1869.2400
1624375874680000,0,1.06356144,1872.8600
1624375874862000,0,0.06000000,1879.8400
1624375904546000,0,0.17357900,1870.9900
1624375960312000,0,0.05248274,1869.5200
1624376191545000,1,0.12532000,1875.2000
1624376204188000,1,0.57550715,1873.6700
1624376205640000,1,0.57350678,1873.6700
1624376207251000,1,0.57347643,1873.6700
1624376207936000,1,2.40777410,1873.6700
1624376239630000,0,5.22346447,1874.0000
1624376313223000,1,0.63792729,1865.3300
1624376322287000,0,0.99168000,1870.0300
1624376322287000,0,0.01497756,1870.0400
1624376376691000,1,1.59987942,1857.9400
1624376377186000,1,0.29579253,1857.8900
1624376407284000,1,0.13336208,1855.1000
1624376905003000,0,9.08090000,1847.0500
1624376907331000,0,9.13232873,1847.0100
1624376967110000,0,1.60536356,1858.5300
1624377231863000,0,0.65748300,1863.2500
1624377261101000,0,0.18192400,1868.6100
1624377589338000,0,0.49311200,1862.2700
1624377634776000,0,0.05000000,1863.2200
1624377669545000,1,0.61622300,1873.5400
1624377669706000,1,0.97388260,1873.5400
1624377669772000,1,0.20479008,1873.5300
1624377670284000,1,1.38326591,1873.5300
1624377672737000,0,0.39467621,1873.5400
1624377772002000,0,5.67039341,1895.0000
1624377781412000,0,0.27189900,1900.3100
1624377781412000,0,0.63272608,1900.3200
1624377835234000,1,0.22462496,1892.9600
1624377952742000,0,0.62425253,1909.9700
1624377954889000,0,0.62403022,1911.8400
1624378009694000,0,0.89727147,1912.6100
1624378010788000,0,0.14842001,1912.6100
1624378013637000,0,1.03753508,1913.5700
1624378014145000,0,1.05217476,1914.1400
1624378014145000,0,1.03941733,1914.4200
1624378021401000,0,0.40000000,1920.0000
1624378182668000,1,0.10739300,1913.6500
1624378190298000,1,0.08028000,1912.2300
1624378349604000,0,0.62609657,1904.5200
1624378349604000,0,1.56519280,1904.5200
1624378349634000,0,0.06000000,1908.7300
1624378596264000,1,1.56851594,1896.7400
1624378728549000,0,0.08237700,1908.4200
1624378759989000,0,1.54752089,1926.8000
1624379124434000,0,0.62189100,1921.2700
1624379124434000,0,0.41762973,1921.2700
1624379635494000,1,0.63275442,1882.3200
1624379873894000,1,0.09280700,1895.2900
1624379880278000,1,0.06987900,1892.7200
1624379880799000,1,1.05440991,1892.7100
1624379881322000,1,1.05324843,1892.4200
1624379910312000,0,0.63253246,1889.2300
1624379910312000,0,1.32473668,1889.2400
1624379910312000,0,0.63209729,1889.8000
1624379910312000,0,0.31460880,1889.8000
1624379928453000,1,0.63221796,1884.1700
1624379928453000,1,0.63264022,1884.1700
1624380648911000,0,0.25181300,1901.8800
1624380947751000,0,0.12853200,1908.8000
1624381050056000,0,1.06249344,1908.3200
1624381050593000,0,1.03975182,1908.3400
1624381211669000,0,0.07641000,1916.7000
1624381411431000,0,3.34092150,1912.5400
1624381411577000,0,0.31000000,1914.9500
1624381433785000,0,0.22935800,1918.3100
1624381454555000,0,0.06068400,1914.9000
1624381893135000,1,0.62807950,1899.6100
1624381896749000,1,0.62868765,1898.3400
1624382556743000,0,0.55810341,1892.1200
1624382556743000,0,0.55844609,1892.1300
1624383269190000,0,0.13094556,1904.9900
1624383303270000,0,0.47983253,1904.1700
1624383303939000,0,0.54720093,1904.0300
1624383430829000,0,0.11891300,1912.5000
1624383899133000,1,0.62841275,1896.3000
1624383928479000,1,0.97987000,1891.8600
1624383928479000,1,3.20052786,1891.8500
1624383928479000,1,1.31967143,1891.7800
1624385105155000,1,0.22468970,1898.5400
1624385105260000,1,0.40100000,1898.5400
1624385105267000,1,0.00285256,1898.5400
1624385105267000,1,0.10032762,1898.5400
1624385105290000,1,1.40000000,1898.5400
1624385105293000,1,0.07106092,1898.5400
1624385127839000,0,0.21000000,1902.2400
1624385342853000,1,0.04282020,1900.4100
1624385786000000,0,0.31505400,1908.3000
1624385794259000,0,0.12029500,1910.7700
1624385796919000,0,0.15036900,1912.3300
1624385797872000,0,1.56193765,1914.0900
1624385896458000,0,0.62519899,1912.8700
1624385896458000,0,1.56297529,1912.8700
1624386669643000,0,0.09665400,1918.5700
1624386810640000,0,0.07660800,1930.0800
1624386813698000,0,1.54332683,1936.9100
1624386813698000,0,0.61735284,1936.9100
1624386813968000,0,0.07379507,1934.3000
1624386816691000,0,3.13323930,1942.2100
1624386816691000,0,0.61640339,1942.2200
1624386816691000,0,3.23760037,1942.2200
1624387670115000,1,0.61604103,1938.5500
1624387670115000,1,0.15346461,1938.5400
1624387670117000,1,0.15412039,1938.5400
1624387670117000,1,1.54013415,1938.0800
1624387670117000,1,0.38899828,1938.0800
1624387670135000,1,1.00536246,1938.0800
1624387670222000,1,2.05971205,1938.0800
1624387670260000,1,0.55047977,1938.0800
1624387670501000,1,0.30758500,1936.9100
1624387841309000,1,0.20000695,1933.6800
1624388100828000,1,0.61784201,1931.2800
1624388100828000,1,1.26381708,1931.2600
1624388100834000,1,0.14802432,1931.2600
1624388285099000,1,0.31884470,1933.0100
1624388582147000,0,0.01292000,1924.2400
1624390258781000,0,0.49388576,1906.0000
1624390259283000,0,1.57140750,1906.0400
1624390566084000,0,0.62751188,1906.5200
1624390566084000,0,1.10048987,1906.5200
1624390567528000,0,1.27459356,1906.5200
1624391268251000,0,0.04418200,1912.2200
1624391408777000,0,0.62920243,1905.5400
1624391408777000,0,1.57277948,1905.5400
1624391986671000,0,0.15877020,1899.3300
1624393150965000,0,1.56383547,1914.7600
1624393150965000,0,0.62528576,1914.7600
1624394338124000,0,0.62381553,1918.6000
1624394358217000,0,0.12242700,1923.7700
1624394537523000,0,0.15000000,1928.4500
1624395814901000,1,0.62021541,1927.8700
1624395814901000,1,1.55002417,1927.8700
1624396102175000,0,0.13054700,1913.8700
1624398466977000,1,1.60242464,1863.2900
1624398466977000,1,0.64096315,1863.2900
1624398466977000,1,1.34015565,1863.2800
1624398496972000,1,1.33887820,1864.6800
1624398496974000,0,1.33453991,1864.5500
1624399363528000,0,0.12320268,1888.2800
1624399989656000,0,0.07144000,1899.4100
1624401108234000,0,1.59162312,1880.9100
1624401108234000,0,0.63668250,1880.9100
1624401108234000,0,4.13809214,1880.9100
1624401278012000,1,4.14247721,1873.1900
1624402160750000,1,0.30459273,1868.1100
1624402160766000,1,0.32861849,1868.1100
1624402160822000,1,0.00583210,1868.1100
1624402783659000,0,0.15914700,1887.0700
1624402791229000,0,0.09425100,1888.1700
1624403510096000,0,0.10587311,1884.5200
1624403618971000,0,0.88645361,1879.7100
1624403929756000,1,0.15788500,1880.8800
1624404247493000,0,0.02700165,1871.7700
1624404247735000,0,0.45300000,1871.7700
1624404247772000,0,4.22000000,1871.7700
1624405206373000,1,4.17791139,1855.3500
1624405206536000,1,0.27000000,1853.0500
1624406033760000,1,0.13200900,1866.9100
1624406503279000,1,0.63377977,1884.5800
1624406503279000,1,1.58505413,1884.5800
1624406630971000,0,0.08512800,1872.7800
1624406633789000,0,0.07242300,1873.3200
1624406636444000,0,0.06161000,1873.3000
1624407006506000,1,1.35107687,1848.5600
1624407006885000,1,0.31601082,1848.5600
1624407038023000,1,1.35081577,1848.9700
1624407039007000,1,0.08735400,1848.9800
1624407041628000,1,3.42253694,1846.9500
1624407043081000,1,0.72724852,1846.4800
1624407336704000,1,0.63968534,1834.4200
1624407336704000,1,1.59923038,1834.4200
1624407339097000,1,4.15817205,1833.3300
1624407723272000,1,0.63992389,1832.8600
1624407723272000,1,1.59937369,1832.8600
1624408013517000,0,0.08201600,1850.5100
1624408021465000,0,1.59716644,1851.8000
1624408021465000,0,0.06525203,1851.8100
1624408156067000,0,0.05284500,1856.5400
1624408704620000,0,0.21196700,1873.0500
1624408961548000,0,1.04472576,1898.7500
1624408961548000,0,1.04114179,1899.0300
1624409310675000,0,0.18291000,1916.8800
1624409333002000,0,0.27446671,1918.4800
1624409333702000,0,0.62387734,1920.1500
1624409333835000,0,0.38087575,1920.1800
1624409334168000,0,0.24284227,1920.1800
1624409334393000,0,0.62368677,1920.1600
1624409334571000,0,0.67987022,1920.1600
1624409334963000,0,0.00034012,1920.1600
1624409334963000,0,0.00012150,1920.1800
1624409334963000,0,0.62356493,1921.1300
1624409337340000,0,0.07323945,1921.1200
1624409862751000,1,0.58353234,1928.8700
1624409862950000,1,0.03546221,1928.8700
1624410033817000,1,4.01911225,1930.5200
1624410510668000,0,1.27521207,1963.7900
1624410510796000,0,0.00000542,1963.7900
1624410510796000,0,0.31358524,1965.1100
1624410512172000,0,0.30489387,1965.1100
1624410514193000,0,0.24786766,1965.1000
1624410514332000,0,0.36224161,1965.1000
1624410514527000,0,0.00018123,1965.1000
1624410514527000,0,0.24453794,1965.1100
1624410514682000,0,1.06581273,1965.1000
1624410514853000,0,0.45145224,1965.1000
1624410515039000,0,0.00754323,1965.1000
1624410515039000,0,0.03290114,1965.1000
1624410517938000,0,0.61009121,1965.0700
1624410517938000,0,0.14927903,1965.0800
1624410521860000,0,0.75942596,1965.0400
1624410521935000,0,0.76420092,1965.0400
1624410521935000,0,0.00953578,1965.0400
1624410522005000,0,0.51498704,1965.0400
1624410522197000,0,0.08494023,1965.0400
1624410522320000,1,2.99656956,1965.0400
1624410522457000,0,0.17000101,1964.0800
1624410522608000,0,1.00516394,1964.0700
1624410522916000,0,1.06637775,1964.0600
1624410523191000,0,0.60929496,1964.0600
1624410524293000,0,0.00030481,1964.0600
1624410524293000,0,1.01420867,1964.4900
1624410524632000,0,0.60909657,1964.4800
1624410525800000,0,0.00030472,1964.4800
1624410525800000,0,1.06584589,1964.4800
1624410525963000,0,0.45752103,1964.4800
1624410526263000,0,0.00022889,1964.4800
1624410526263000,0,0.71017755,1964.4800
1624410526408000,0,1.06615114,1964.4800
1624410526546000,0,1.06615140,1964.4800
1624410526675000,0,1.06615165,1964.4800
1624410526728000,0,0.05216546,1964.4800
1624410528430000,0,1.06614649,1964.4900
1624410528579000,0,0.45723774,1964.4900
1624410528579000,0,0.30655044,1964.4900
1624410529501000,1,0.75500916,1964.4000
1624410530117000,0,0.30266180,1964.4900
1624410531329000,0,0.00015142,1964.4900
1624410531329000,0,1.01821200,1965.6900
1624410597951000,0,0.60688503,1970.2200
1624410597951000,0,1.51715167,1970.2300
1624410598296000,0,1.26784404,1970.2700
1624410598474000,0,0.60727984,1970.2700
1624410603031000,0,0.51126934,1972.5600
1624410605303000,0,0.52993473,1972.5500
1624410670237000,1,0.20867856,1964.3200
1624410670237000,1,0.68873951,1964.3100
1624410672373000,1,3.90862629,1964.3300
1624410676779000,0,1.06610933,1964.5600
1624410676929000,0,0.20829439,1964.5600
1624410677027000,0,0.00010421,1964.5600
1624410677290000,0,1.06618019,1964.4300
1624410678451000,0,1.06610988,1964.5600
1624410678675000,0,0.60830572,1964.5600
1624410679538000,1,1.28557408,1964.4300
1624410679609000,0,1.06621341,1964.3700
1624410680412000,0,0.56139786,1964.5000
1624410681830000,0,0.52004248,1964.5000
1624410682119000,1,1.22661397,1964.3700
1624410730126000,0,0.20852000,1969.5900
1624410747980000,0,0.42252862,1966.9200
1624410766011000,0,0.55710004,1964.9500
1624410767476000,0,0.20843322,1964.9500
1624410767551000,0,0.38113377,1964.9500
1624410767670000,0,0.60833418,1965.6000
1624410768081000,1,0.20842438,1964.9500
1624410768352000,1,0.49263350,1964.3000
1624410768352000,1,0.52731505,1964.3000
1624410768970000,1,1.59996415,1964.9300
1624410770339000,1,1.01994855,1964.9300
1624410771501000,1,0.17958606,1964.9300
1624410775507000,0,0.60893307,1965.5700
1624410775507000,0,1.52218244,1965.5700
1624410775507000,0,0.66795049,1965.5700
1624410786500000,0,0.50000000,1969.5600
1624410787083000,0,0.10764043,1969.5600
1624410787144000,0,0.00005386,1969.5600
1624410800008000,1,1.02810415,1968.1600
1624410807822000,0,0.79360779,1967.7100
1624410808319000,0,3.15658553,1967.7100
1624410814068000,1,0.84582356,1970.3400
1624410842124000,1,0.85054931,1968.8100
1624410842528000,0,0.85109279,1968.8100
1624411005917000,1,0.02824939,1967.0200
1624411193929000,0,0.53707311,1969.1400
1624412169371000,0,0.01482883,1976.1300
1624412951664000,1,3.91831517,1974.9200
1624413603473000,0,0.01603465,2001.0000
1624414134202000,1,0.07511000,1998.6600
1624416410183000,0,5.00000000,2028.0000
1624416665140000,1,0.10978561,2026.9200
1624418424117000,1,1.25053825,1997.4300
1624418424117000,1,1.28379071,1996.8800
1624418855246000,0,0.22518282,2009.2000
1624419143071000,1,0.59609551,2002.0400
1624419143071000,1,1.49026794,2002.0400
1624419974646000,1,0.06200000,2004.8800
1624419974659000,1,0.06100000,2004.8800
1624419974705000,1,0.49602372,2004.8800
1624419974749000,1,0.86708578,2004.8800
1624421769028000,1,0.10000000,2003.2500
1624422775331000,1,0.80086807,2009.4500
1624422871496000,1,0.51000000,2009.8100
1624424260588000,1,0.59218239,2012.3100
1624424262060000,1,3.85033657,2010.4600
1624424340685000,1,0.22906977,2007.6600
1624424340772000,1,0.36471517,2007.6600
1624424340772000,1,1.39961251,2007.6600
1624424340801000,1,0.08495263,2007.6600
1624427347084000,0,0.02824939,2032.4100
1624427650499000,0,0.03786178,2037.7600
1624427650816000,0,0.22414632,2037.7600
1624428350270000,1,0.58785524,2027.1000
1624428350270000,1,1.46994228,2027.1000
1624429676543000,0,0.50320137,2022.5700
1624429992130000,1,0.59191371,2016.0100
1624429992130000,1,0.52556763,2016.0100
1624431854829000,0,0.33842001,2006.1000
1624433971571000,0,0.08900975,2015.0600
1624434066488000,1,0.54363264,2013.1100
1624435408001000,1,0.06000000,2016.5000
1624435466021000,1,0.59370372,2012.6300
1624435486814000,1,0.59380993,2010.0700
1624435486814000,1,1.48490808,2010.0700
1624435716981000,1,0.12469706,1997.0800
1624436118171000,1,0.59512019,2006.1100
1624436118171000,1,0.32620981,2006.1000
1624436118717000,1,0.26892817,2006.1000
1624436119216000,1,0.59513798,2005.8300
1624436848717000,1,0.14148296,2006.1400
1624437038346000,1,0.59608063,2001.8000
1624437038346000,1,0.50991617,2001.8000
1624437183523000,1,0.59554345,2003.0800
1624437657153000,1,0.20173566,1991.9400
1624437657378000,1,0.39698393,1991.9400
1624437657378000,1,1.37694781,1991.9400
1624437665501000,1,0.59967562,1988.8900
1624437665501000,1,1.49918905,1988.8900
1624437665501000,1,0.52531886,1988.8900
1624437665612000,1,0.07412801,1988.8900
1624437960039000,1,1.17393090,1982.9900
1624439493783000,0,0.08346800,1990.7600
1624439613616000,0,0.06781800,1995.5200
1624441913342000,0,0.30000000,1996.8000
1624442147964000,1,0.08172500,1990.4400
1624442879502000,1,0.59807961,1992.8300
1624442879502000,1,0.15547821,1992.8300
1624442879525000,1,0.07521414,1992.8300
1624442879538000,1,0.39214571,1992.8300
1624442879550000,1,0.13311633,1992.8300
1624442879651000,1,0.41575648,1992.8300
1624442880701000,1,0.07311432,1992.8300
1624442880777000,1,0.10337458,1992.8300
1624442881311000,1,0.14701404,1992.8300
1624442881311000,1,0.60632115,1992.7100
1624442881406000,1,1.22966849,1992.7100
1624442882234000,1,0.59807961,1992.7100
1624443101735000,1,0.47201528,1988.5700
1624443111777000,1,0.07685498,1988.5900
1624443124443000,1,0.59891847,1988.6300
1624443124443000,1,0.59891847,1988.6200
1624443124443000,1,0.30264165,1988.6100
1624443134600000,1,0.59945914,1988.6300
1624443134600000,1,0.53287840,1988.6300
1624443143227000,1,0.81008650,1988.6300
1624443190867000,1,0.31865371,1986.8100
1624443191184000,1,0.28080543,1986.8100
1624443191184000,1,1.34467012,1986.8100
1624443191184000,1,0.11743067,1986.8100
1624443191345000,1,1.73805277,1986.8100
1624443191440000,1,0.84976056,1986.8100
1624443231724000,1,0.07151849,1985.3100
1624443231724000,1,1.17138132,1985.3100
1624443231754000,1,1.37993422,1985.3100
1624443231754000,1,0.38454332,1985.3100
1624443234061000,1,0.26003150,1985.3100
1624443257914000,1,0.59948441,1983.5300
1624443257914000,1,0.35322627,1983.5300
1624443258017000,1,0.77316234,1983.5300
1624443258017000,1,0.21719061,1983.5300
1624443320132000,1,0.59984894,1985.1600
1624443420009000,1,0.25381263,1989.1000
1624443420469000,1,0.34520634,1989.1000
1624443420469000,1,0.18889287,1989.0800
1624443430073000,1,1.35515750,1989.1000
1624443430073000,1,0.59901897,1989.1000
1624443442906000,1,0.40802140,1987.2300
1624443444474000,1,0.19193754,1987.2300
1624443444910000,1,0.08579582,1986.7300
1624443444910000,1,0.10493966,1986.7300
1624443445213000,1,0.38348908,1986.7300
1624443445221000,1,0.18644083,1986.7300
1624443445243000,1,0.21661350,1986.7300
1624443445421000,1,0.28748933,1986.7300
1624443445421000,1,0.59995894,1986.7300
1624443466023000,1,0.59995894,1984.4300
1624443466023000,1,0.01900447,1984.4300
1624443466023000,1,1.19756346,1984.4300
1624446213865000,1,0.59084411,2018.1200
1624446830078000,1,1.00000000,1997.3200
1624448376581000,0,0.05632631,1998.3400
1624448747968000,1,0.38400289,1993.7100
1624448748003000,1,0.05530009,1993.7100
1624448748077000,1,1.77234206,1993.7100
1624448779679000,1,0.08648700,1991.3700
1624449457198000,1,0.14685041,1992.9400
1624449694358000,0,0.30072100,1999.0500
1624450051437000,1,0.17995600,1992.1300
1624451928101000,1,0.16123100,2001.8400
1624452155486000,0,0.88645361,2000.0100
1624454198725000,0,1.23091713,2032.9000
1624454198725000,0,0.58870283,2034.1800
1624454198725000,0,3.82649726,2034.1800
1624454198725000,0,1.47177168,2034.1800
1624454198725000,0,2.46183425,2034.1900
1624454198725000,0,3.29550688,2034.2200
1624454198725000,0,0.99098345,2035.1500
1624454198725000,0,0.98187406,2036.3100
1624454198725000,0,5.02804583,2038.9300
1624454198725000,0,6.28649522,2043.7000
1624455151367000,0,1.23135497,2031.8100
1624455151367000,0,0.97452225,2031.9700
1624455151367000,0,0.91356000,2032.6900
1624455151367000,0,0.98602079,2033.0200
1624455151500000,1,0.50000000,2033.3600
1624455151543000,1,0.39454199,2033.3600
1624455265112000,0,0.02974905,2032.7400
1624455429336000,1,0.05307000,2027.9700
1624456062988000,0,0.59607249,2005.6100
1624456133321000,1,0.59554021,2006.0400
1624456917609000,1,8.00000000,1980.4900
1624457141427000,1,0.15501573,1986.3400
1624457451264000,0,1.50253556,1989.4700
1624457451264000,0,0.60102618,1989.4700
1624457451264000,0,1.25735922,1989.4800
1624457451389000,1,1.25735922,1989.5600
1624457451525000,1,12.57448738,1989.5600
1624457452119000,1,12.57483126,1989.5600
1624457452701000,1,12.57456315,1989.5600
1624457453227000,1,12.57493361,1989.5600
1624457453336000,1,1.25746268,1989.5600
1624457453734000,1,3.38156398,1989.5600
1624457494713000,1,0.16964771,1985.8800
1624457989143000,0,0.06158193,1996.0400
1624459953419000,1,0.40784837,2004.0200
1624459953419000,1,0.84046067,2004.0200
1624460282090000,0,1.21325692,1997.4000
1624460282248000,0,2.67971781,1997.4000
1624460766301000,0,0.59581740,1992.7100
1624462738411000,1,0.24715382,1985.9400
1624462738727000,1,1.47694734,1985.9400
1624463045029000,0,0.22732324,1979.8300
1624463045045000,0,0.10966367,1979.8300
1624463119660000,1,0.01234300,1976.3800
1624463119660000,1,0.60434596,1976.3700
1624463123399000,1,0.03241900,1976.3600
1624463123399000,1,1.51042548,1976.3500
1624463205709000,1,0.05263500,1975.0400
1624464108288000,0,0.12517400,1984.9800
1624464203739000,1,0.28840000,1979.6600
1624464227881000,1,0.09553500,1975.3400
1624464372643000,1,0.04948200,1976.9600
1624464599475000,1,6.80000000,1989.2900
1624464601128000,1,7.00000000,1988.1800
1624465117235000,0,3.90152834,1992.5300
1624465443400000,0,0.09836378,2000.0000
1624465444517000,0,23.90163622,2000.0000
1624465877348000,1,0.14668900,1992.3000
1624466514278000,1,0.59978174,1988.3000
1624466514278000,1,1.49948540,1988.3000
1624466514861000,1,3.89381867,1988.2800
1624467102063000,1,0.60065930,1986.6700
1624468009706000,1,0.08052000,1983.7800
1624468051467000,0,0.16193868,1984.6400
1624469133996000,1,0.04382100,1980.5300
1624469394050000,1,0.60398448,1975.1300
1624469959750000,1,0.07004000,1977.8700
1624470841926000,0,0.60413220,1977.9500
1624470881044000,0,0.11006349,1977.3100
1624472437499000,0,0.05000000,1944.9900
1624472838387000,0,0.11857300,1956.3300
1624473151454000,0,1.27198871,1966.5900
1624473151454000,0,0.79796553,1967.2400
1624474238499000,0,0.50000000,1944.0400
1624474244377000,1,1.28417943,1944.7000
1624474244377000,1,1.53430867,1944.2600
1624474244377000,1,0.61371736,1944.2600
1624474244377000,1,3.98938744,1943.7500
1624474244377000,1,3.25535718,1943.7400
1624474244377000,1,1.03385615,1942.6300
1624474244377000,1,2.56973500,1942.1300
1624474244377000,1,0.71945877,1942.0000
1624474492567000,0,0.14135000,1949.5800
1624474778126000,0,0.04669200,1945.3100
1624477627562000,1,0.61674851,1934.3400
1624477751658000,1,0.08015849,1934.3000
1624478416386000,1,1.00000000,1916.4600
1624478448915000,0,0.34695797,1923.7200
1624478753905000,1,1.30797575,1909.2800
1624478865734000,0,0.62201458,1919.9700
1624478865734000,0,1.55464744,1919.9700
1624478865734000,0,4.04239811,1919.9700
1624479057161000,0,0.30990815,1928.2700
1624480218752000,0,0.01300000,1933.5600
1624480615296000,1,0.12907995,1934.4600
1624480785130000,0,0.31039600,1937.2900
1624480883719000,0,0.28520600,1940.5400
1624482572525000,0,0.30918700,1940.3600
1624482938220000,0,0.27326100,1944.6300
1624482968687000,0,0.08850797,1950.2700
1624482968687000,0,0.20606856,1950.2800
1624482972866000,0,0.97826675,1949.1400
1624483021323000,0,0.24199084,1963.7400
1624484686407000,1,0.61605298,1934.0900
1624484686407000,1,1.54014779,1934.0900
1624484686407000,1,4.00457173,1934.0900
1624484687872000,1,0.95185000,1930.5300
1624484687927000,1,0.08400000,1930.5300
1624484688083000,1,1.97615227,1930.5300
1624484955798000,0,1.29046267,1938.5700
1624484955798000,0,3.08746603,1939.4900
1624484955798000,0,2.58115566,1939.5000
1624484955798000,0,1.04151736,1939.6700
1624484955798000,0,0.61481517,1940.2500
1624484955798000,0,1.03828575,1940.2600
1624484955798000,0,1.53778982,1940.5500
1624484955798000,0,1.04199980,1940.5600
1624484955798000,0,3.99624846,1944.0600
1624484955798000,0,13.78453940,1944.0700
1624486978947000,1,0.12864422,1941.0900
1624487995490000,0,0.01795717,1944.0700
