timestamp ms,type,amount,price
1627430555882000,0,0.51400000,2303.4400
1627430597165000,0,0.00047136,2303.4400
1627430696256000,1,0.51400000,2289.6100
1627431005937000,1,0.12520100,2281.0900
1627432111042000,1,0.51729907,2285.3000
1627432111042000,1,0.05541938,2285.3000
1627432111061000,1,1.23744299,2285.3000
1627433658663000,0,1.09370415,2287.4100
1627433936738000,0,1.09295233,2288.8300
1627434210297000,1,0.03551200,2270.6800
1627434422904000,1,1.09661871,2278.3600
1627434422904000,1,0.51877826,2278.0500
1627434422904000,1,0.87083632,2278.0400
1627434422957000,0,0.60000000,2277.6600
1627434423022000,0,1.09661871,2277.6600
1627435331803000,1,0.60000000,2285.1400
1627435334865000,1,1.09468374,2285.1400
1627437197104000,0,0.60000000,2310.3000
1627437317868000,1,0.60000000,2307.6900
1627437372854000,1,0.87136278,2303.6600
1627437377746000,1,0.10816266,2303.6600
1627437873742000,0,0.59507092,2302.6600
1627437875077000,0,0.60000000,2302.6600
1627437881751000,0,0.09201295,2302.6600
1627438218895000,0,3.33019803,2313.0100
1627438389626000,1,0.60000000,2309.9500
1627439227566000,1,0.22194311,2314.6300
1627439227574000,1,0.59470490,2314.6300
1627439227580000,1,0.24419666,2314.6300
1627439227611000,1,0.05230844,2314.6300
1627439227619000,1,5.36043317,2314.6300
1627439227643000,1,0.25800000,2314.6300
1627439227645000,1,0.15647230,2314.6300
1627439227666000,1,0.44800000,2314.6300
1627439227689000,1,0.26394142,2314.6300
1627439474328000,1,1.45229106,2312.3300
1627440248261000,0,0.01400000,2316.5900
1627440520311000,1,0.01400000,2307.3100
1627441293251000,1,0.40917000,2288.3900
1627441293539000,1,0.80016639,2288.3900
1627441293643000,1,0.08061877,2288.3900
1627441293922000,1,0.08061877,2283.4900
1627441303476000,0,0.60000000,2285.8100
1627441314814000,0,0.46305424,2291.6900
1627441322535000,1,0.60000000,2288.6600
1627441346523000,0,0.60000000,2290.2200
1627441481629000,1,0.60000000,2281.4500
1627441482323000,1,0.03729044,2281.4500
1627441482445000,1,0.04551579,2281.4500
1627441482793000,1,1.09684122,2281.4500
1627441483028000,1,0.02955372,2281.4500
1627441483034000,1,1.86827400,2281.4500
1627441483243000,1,0.04544628,2281.4500
1627441483373000,1,0.52078371,2276.6100
1627441493142000,0,0.60000000,2281.4500
1627441494221000,0,0.78516620,2281.4500
1627441524639000,1,0.60000000,2281.3300
1627441580614000,0,0.60000000,2287.1000
1627441613663000,0,1.36606995,2287.8400
1627441613663000,0,1.09341528,2287.8500
1627441613663000,0,0.51720723,2288.7600
1627441613663000,0,0.73651904,2288.7600
1627441613663000,0,2.18708817,2288.7700
1627441613663000,0,1.29324557,2289.5200
1627441613663000,0,3.35853401,2289.5300
1627441613663000,0,0.88165796,2289.5500
1627441613663000,0,3.36161158,2290.2400
1627441613663000,0,0.88173780,2290.2500
1627441613663000,0,5.30000000,2290.4800
1627441613663000,0,0.88405556,2290.5800
1627441613663000,0,4.54509936,2299.3600
1627441613663000,0,3.09000000,2300.2900
1627441613663000,0,8.56193289,2305.2700
1627442410640000,0,0.86915491,2288.8900
1627442867122000,1,0.60000000,2298.7000
1627442867737000,1,0.86971385,2298.7000
1627442867745000,1,0.38267366,2298.7000
1627442868347000,1,1.58769471,2298.7000
1627442868670000,1,0.20054351,2298.7000
1627443577330000,0,0.05000000,2306.8500
1627444760202000,1,0.51557705,2291.7600
1627444760542000,1,1.28924483,2290.9700
1627445410720000,1,1.40662942,2286.1100
1627446350917000,0,0.02065927,2286.1400
1627448715290000,1,0.95799999,2288.3500
1627448715351000,1,1.11181049,2288.3500
1627448715367000,1,3.91719459,2288.3500
1627449621052000,0,0.60000000,2300.0000
1627449626655000,0,1.15000000,2300.0000
1627450488003000,1,0.60000000,2293.1400
1627450488881000,1,0.66257999,2293.1400
1627450492320000,1,0.38936970,2293.1400
1627450493751000,1,0.43869653,2293.1400
1627450493787000,1,0.86510000,2293.1400
1627450493809000,1,1.09096184,2293.1400
1627450494315000,1,0.65026000,2293.1400
1627450494492000,1,0.10303194,2293.1400
1627452308379000,0,0.05000000,2300.4100
1627453042453000,1,0.10000000,2291.0000
1627454628754000,1,3.36684408,2251.4100
1627454631705000,0,0.60000000,2246.1300
1627454632951000,0,5.30000000,2246.1300
1627455152973000,1,0.60000000,2264.4000
1627457785622000,0,0.60000000,2273.2400
1627457808713000,0,1.30877732,2273.2400
1627457808781000,0,0.16483332,2273.2400
1627457808818000,0,0.66000000,2273.2400
1627457808923000,0,0.13670854,2273.2400
1627457808949000,0,0.51206878,2273.2400
1627457808982000,0,0.29461168,2273.9500
1627457809002000,0,0.22533813,2273.9500
1627457809252000,0,1.30004698,2274.4500
1627457839254000,0,0.04654949,2275.3100
1627457839745000,0,0.13689163,2275.3100
1627457839802000,0,0.94250295,2275.3100
1627457842359000,0,0.63573753,2275.3100
1627457842536000,0,0.42348437,2275.3100
1627457843027000,0,0.49400000,2275.3100
1627457843175000,0,0.22272480,2275.3100
1627457843192000,0,0.47722368,2275.3100
1627457844109000,0,0.07500000,2278.2000
1627457844571000,0,0.26340000,2278.2000
1627458008458000,1,0.50000000,2281.1100
1627458848985000,1,0.60000000,2294.5100
1627459636597000,0,4.45139885,2301.6300
1627459636904000,0,0.60000000,2301.6300
1627459911238000,1,0.02658027,2300.1100
1627461694681000,1,0.51700000,2283.1500
1627461695732000,1,0.08300000,2282.3300
1627461695889000,1,4.61700000,2282.3300
1627462309478000,0,0.60000000,2281.5000
1627464435425000,1,0.56468866,2299.0400
1627466886918000,0,0.51350149,2303.3500
1627466887108000,0,0.43753674,2303.8100
1627466887149000,0,0.26513443,2303.8100
1627466887156000,0,0.05999999,2303.8100
1627466887177000,0,0.27569391,2303.8100
1627466887453000,0,0.05400001,2303.8000
1627466887671000,0,0.24061890,2303.8000
1627466887683000,0,0.08399999,2303.8000
1627466887711000,0,0.13477309,2303.8000
1627467077463000,0,0.51386554,2307.6900
1627467127055000,0,1.08388411,2308.2200
1627467127055000,0,0.87291376,2308.5900
1627467127055000,0,2.16801860,2308.9000
1627467127055000,0,4.80000000,2309.0500
1627467127055000,0,0.85913747,2309.0600
1627467127055000,0,0.80463000,2309.6200
1627467127055000,0,0.85841814,2309.8300
1627467127055000,0,1.45594416,2310.1500
1627467221605000,0,0.51356909,2312.1700
1627467221605000,0,0.35294545,2312.1700
1627467280617000,1,1.08189954,2309.3500
1627467418146000,0,1.08866078,2305.5300
1627467418154000,0,0.18615044,2305.5300
1627467418187000,0,0.00928865,2305.5300
1627467418187000,0,0.51364850,2305.5300
1627467418187000,0,0.17947862,2305.5400
1627467418208000,0,1.10462125,2305.5400
1627467418339000,0,1.15800000,2305.5300
1627467418361000,0,1.02299698,2305.5300
1627467419029000,0,0.07670000,2308.2600
1627467520889000,1,0.60000000,2304.6900
1627467583057000,0,0.51300000,2303.6800
1627467583201000,0,0.00037912,2303.6800
1627467589126000,0,0.08700000,2304.5000
1627467589273000,0,0.42675806,2304.5000
1627467641340000,1,0.51300000,2299.6000
1627467694819000,0,0.51300000,2303.3900
1627467708827000,0,1.28386623,2303.8400
1627467709428000,0,0.05400000,2304.4500
1627467789023000,0,0.51363640,2306.4800
1627467789023000,0,0.55881847,2306.4800
1627467789536000,0,0.72525115,2306.4800
1627467789536000,0,1.77997821,2306.4800
1627468253031000,0,0.26798124,2306.0100
1627468729138000,1,0.60000000,2303.0000
1627468965508000,1,0.51368972,2299.6300
1627468998052000,1,0.03919823,2298.6700
1627468998083000,1,0.46533966,2298.6700
1627468998338000,1,0.00899649,2298.6700
1627468998338000,1,0.51147852,2298.6700
1627469000375000,1,0.25201068,2298.6700
1627469000624000,1,0.52047501,2298.6700
1627469020611000,1,1.08817608,2296.4300
1627469023038000,1,0.09418401,2296.4300
1627469025543000,1,0.52808843,2297.9300
1627469026986000,1,0.55969317,2297.9300
1627469030013000,1,0.50506689,2297.9300
1627469854482000,0,0.51309858,2307.1100
1627469854482000,0,0.08690142,2307.1100
1627470044315000,1,1.08701219,2298.6800
1627470045301000,1,1.08701219,2298.6800
1627470082819000,1,0.80728000,2296.3200
1627470082819000,1,0.08692567,2296.3100
1627470089369000,1,1.00123572,2296.3100
1627470092783000,1,0.57081776,2296.3100
1627470095374000,1,0.21734647,2296.3100
1627470122837000,1,0.27451347,2296.7300
1627470123317000,1,0.39154456,2296.7300
1627470565232000,0,0.51314337,2310.5900
1627470565232000,0,0.13726357,2310.5900
1627471686629000,0,0.11059855,2332.3100
1627471686784000,0,0.11820904,2332.3100
1627471686784000,0,0.32378273,2332.3100
1627471686831000,0,0.18939745,2332.3100
1627471787650000,0,0.51331278,2330.9400
1627471787650000,0,0.09944670,2330.9400
1627471787682000,0,1.02274430,2330.9400
1627471787697000,0,0.16106960,2330.9400
1627471787697000,0,0.22026444,2330.9400
1627471787728000,0,0.63438327,2330.9400
1627471787743000,0,0.05300000,2330.9400
1627471787822000,0,0.53769660,2330.9400
1627471787867000,0,0.04900000,2330.9400
1627471788070000,0,0.21500000,2330.9400
1627471876111000,0,0.21960824,2333.8100
1627471876773000,0,6.90000000,2334.1400
1627471886431000,0,1.00000000,2339.3400
1627472256280000,1,0.60000000,2335.1600
1627472374049000,1,1.07072421,2333.8200
1627472414182000,0,1.07020619,2337.7100
1627472414182000,0,0.85437473,2337.8500
1627472414182000,0,2.14102908,2338.0500
1627472414182000,0,0.20139539,2338.6100
1627472766576000,0,1.07092351,2336.1600
1627472766576000,0,0.84674743,2336.4700
1627472766576000,0,2.14203726,2337.1300
1627472766576000,0,0.85209126,2337.2300
1627472766576000,0,6.00000000,2337.7000
1627472766576000,0,0.84489917,2337.9300
1627472766576000,0,0.85234812,2338.2800
1627472766576000,0,3.30336150,2338.3800
1627472766576000,0,3.60000000,2344.7900
1627472766576000,0,10.31146767,2347.6800
1627473015695000,0,0.51200000,2326.6700
1627473017411000,0,0.00078890,2326.6700
1627473019630000,0,0.08800000,2327.9000
1627473391496000,1,1.07349780,2327.8800
1627473392524000,1,1.07349780,2327.8800
1627473393531000,1,1.07349780,2327.8800
1627473395967000,1,1.07349780,2327.8800
1627473398982000,1,1.07382039,2327.1500
1627473492095000,1,0.60000000,2329.9300
1627473492423000,1,0.47294183,2329.9300
1627473492609000,1,0.22523006,2329.9300
1627473492616000,1,4.90182811,2329.9300
1627473609585000,0,0.19987000,2333.0200
1627473609610000,0,0.28810000,2333.0200
1627473609651000,0,0.02488280,2333.0200
1627473610332000,0,0.37688124,2333.7100
1627473869353000,0,0.51298200,2322.5300
1627473869353000,0,0.08701800,2322.5300
1627473890940000,0,0.51298200,2322.5300
1627475853896000,1,0.60000000,2318.5800
1627476025207000,1,1.08959108,2311.7500
1627476025378000,1,0.37041362,2311.7500
1627476025405000,1,0.45550475,2311.7500
1627476100256000,1,6.60000000,2305.5500
1627476140787000,1,0.51258375,2299.5500
1627476141415000,1,0.51252729,2298.7300
1627476141827000,1,0.32042572,2295.3200
1627476141953000,0,0.15927000,2298.1000
1627476141983000,1,0.35325729,2298.1000
1627476142048000,1,0.15000000,2295.3200
1627476142310000,1,0.04210157,2295.3200
1627476142310000,1,0.21599843,2295.3200
1627476142570000,1,0.29652886,2295.3200
1627476143031000,1,0.51252729,2293.6600
1627476143031000,1,0.51252729,2293.6600
1627476143031000,1,0.51252729,2293.6600
1627476143031000,1,3.15820816,2293.6500
1627476143535000,1,0.22541000,2288.3800
1627476144358000,1,0.15487000,2288.3800
1627476184093000,1,1.08999908,2292.1200
1627476188199000,1,0.79307129,2293.0900
1627476193718000,1,1.28261192,2293.0900
1627476193718000,1,0.46482345,2293.0900
1627476193718000,1,3.33506624,2293.0900
1627476194563000,1,0.45141574,2290.1500
1627476196640000,1,0.30343825,2290.1500
1627476214651000,1,1.09194979,2287.7200
1627476218331000,1,1.09250686,2286.6800
1627476226857000,1,1.09111105,2289.8700
1627476228211000,1,1.09086701,2289.9500
1627476276267000,1,0.96276720,2294.9000
1627476276672000,1,0.12610744,2294.9000
1627476276672000,1,0.85223230,2293.8900
1627476288644000,1,0.03384153,2295.8300
1627476321094000,1,0.51270490,2298.4800
1627476321094000,1,1.28191664,2298.4800
1627476322314000,1,0.57507753,2295.6900
1627476324997000,1,1.08880882,2294.6700
1627476330291000,1,1.08832193,2295.6800
1627476333813000,1,0.56270010,2294.8000
1627476335346000,1,0.52612658,2294.8000
1627476340234000,1,3.08402275,2294.8000
1627476340234000,1,1.28191664,2294.8000
1627476341344000,1,0.18433873,2291.6700
1627476355699000,1,1.08970071,2292.5900
1627476356549000,1,1.08970071,2292.5900
1627476357436000,1,1.08970071,2292.5900
1627476364555000,1,0.80873000,2292.2200
1627476368176000,1,1.09003379,2292.2100
1627476370634000,1,1.09039184,2291.3200
1627476373491000,1,3.45048396,2290.4000
1627476373491000,1,1.09080703,2290.3900
1627476375938000,1,1.09037478,2291.3000
1627476380471000,1,0.44538882,2291.3000
1627476407047000,1,1.08922212,2294.0200
1627476407494000,1,1.08922212,2294.0200
1627476410016000,1,1.08922212,2294.0200
1627476417950000,1,0.75078562,2294.0200
1627476439703000,1,0.09292648,2296.3100
1627476439712000,1,0.41987506,2296.3100
1627476439712000,1,1.04106482,2296.3100
1627476439741000,1,0.24106704,2296.3100
1627476439741000,1,2.88141879,2296.3100
1627476441522000,1,1.08884719,2294.7400
1627476496010000,1,0.15793554,2290.4200
1627476496026000,1,0.35061001,2290.4200
1627476496038000,1,0.00498431,2290.4200
1627476496038000,1,0.19083569,2290.4200
1627476496092000,1,0.72900000,2290.4200
1627476496322000,1,0.36411724,2290.4200
1627476496322000,1,0.29610992,2290.4200
1627476496496000,1,2.48957359,2290.4200
1627476499563000,1,1.09067308,2290.4800
1627476504744000,1,1.09067308,2290.4800
1627476510021000,1,1.09067308,2290.4800
1627476513551000,1,0.91914952,2290.4800
1627476517017000,1,1.09128504,2289.6200
1627476519601000,1,1.09054586,2291.0500
1627476541056000,1,1.09075086,2290.6600
1627476547082000,1,1.09075086,2290.6600
1627476549719000,1,1.09075086,2290.6600
1627476553153000,1,1.09021265,2291.8200
1627476555613000,1,1.09001963,2292.5700
1627476558795000,1,1.09071848,2290.9300
1627476561556000,1,0.43593655,2291.7300
1627476562085000,1,0.53688999,2291.7300
1627476564533000,1,0.11748084,2291.7300
1627476567638000,1,0.22752073,2291.7300
1627476576338000,1,0.51278522,2291.7300
1627476576338000,1,0.14189355,2291.7300
1627476576352000,1,0.93099999,2291.7300
1627476576402000,1,1.10303902,2291.7300
1627476576403000,1,1.15777916,2291.7300
1627476576403000,1,0.64489179,2291.7300
1627476658106000,1,1.09027229,2292.0700
1627476658658000,1,0.82074284,2292.0700
1627476659351000,1,0.26952945,2292.0700
1627476659351000,1,0.91809649,2291.7700
1627476703741000,1,1.08918539,2293.6700
1627476743575000,1,0.03745150,2295.1700
1627476779097000,1,0.51608570,2296.9100
1627476861083000,1,0.51276040,2291.3800
1627476861083000,1,3.33355036,2291.3800
1627476861083000,1,0.15833058,2291.3800
1627476924784000,1,0.07650000,2295.1200
1627476929110000,1,0.43643636,2295.1200
1627476929110000,1,3.33469445,2295.1200
1627476929110000,1,1.28246895,2295.1200
1627476929139000,1,0.02200000,2292.4400
1627476930096000,1,0.06400000,2292.4400
1627477090227000,1,0.51326248,2294.7200
1627477090227000,1,0.12471906,2294.7200
1627477090248000,1,1.15856530,2294.7200
1627477090248000,1,0.03303447,2294.7200
1627477097979000,1,1.28328436,2291.7600
1627477097979000,1,3.33681485,2291.7600
1627477097979000,1,0.51326248,2291.7600
1627477141351000,1,1.28328436,2287.8200
1627477141351000,1,0.51326248,2287.8200
1627477141351000,1,3.33681485,2287.8200
1627477169155000,1,0.51326178,2287.1200
1627477169217000,1,0.89764970,2286.1700
1627477169264000,1,0.38563292,2286.1700
1627477169264000,1,0.70501822,2286.1600
1627477169278000,1,0.62299999,2286.1600
1627477169321000,1,0.73500000,2286.1600
1627477169323000,1,0.09589807,2286.1600
1627477170032000,1,0.03100000,2283.7200
1627477170937000,1,0.48226178,2283.7200
1627477224262000,1,0.65389694,2286.0300
1627477224262000,1,0.42828418,2286.0300
1627477224262000,1,0.03159455,2286.0300
1627477241790000,1,0.11849456,2280.4400
1627477241833000,1,0.79818720,2280.4400
1627477241855000,1,0.14000000,2280.4400
1627477241864000,1,2.00379504,2280.4400
1627477241886000,1,0.16655495,2280.4400
1627477241904000,1,0.96206999,2280.4400
1627477241952000,1,0.18578028,2280.4400
1627477241971000,1,1.52511798,2280.4400
1627477558598000,1,1.28307296,2295.0800
1627477558598000,1,0.00878695,2295.0800
1627477624881000,1,0.37598932,2295.1600
1627477625209000,1,0.13728438,2295.1600
1627477625209000,1,0.08071562,2295.1600
1627477762967000,1,1.08922715,2293.8700
1627477771165000,1,1.08887755,2294.8700
1627477781026000,1,0.41093335,2294.8700
1627477781246000,1,0.23442000,2294.8700
1627477833394000,1,0.51350292,2296.4100
1627477833394000,1,0.79250704,2296.4100
1627477835596000,1,0.05498581,2296.4100
1627477835596000,1,0.06708823,2296.4100
1627477835616000,1,0.21500000,2296.4100
1627477835660000,1,1.20330123,2296.4100
1627477864329000,1,0.51350292,2295.4900
1627477864329000,1,1.04321194,2295.4900
1627477864477000,1,0.30487951,2295.4900
1627477864479000,1,1.11797677,2295.4900
1627477864520000,1,0.12140059,2295.4900
1627477864589000,1,0.75090940,2295.4900
1627477864589000,1,0.82969658,2295.4900
1627477874555000,1,0.51350292,2293.5900
1627477874555000,1,1.28177320,2293.5900
1627477913190000,1,0.51265810,2293.1400
1627477913190000,1,0.78404827,2293.1400
1627477914644000,1,0.49772493,2293.1400
1627477914644000,1,0.80771250,2293.1400
1627477914715000,1,1.21973529,2293.1400
1627477914898000,1,0.07282984,2293.1400
1627477914909000,1,1.23260759,2293.1400
1627477944863000,1,0.51265810,2291.2000
1627477944863000,1,1.04745001,2291.2000
1627477944946000,1,1.28459447,2291.2000
1627477944991000,1,0.72513937,2291.2000
1627477951153000,1,0.05869739,2291.2000
1627477952193000,1,0.19400008,2289.6000
1627477952333000,1,0.31971128,2289.6000
1627478077420000,1,0.13096319,2292.8500
1627478077550000,1,0.38166643,2292.8500
1627478077550000,1,0.99275093,2292.8500
1627478205201000,1,0.51310548,2295.8700
1627478205201000,1,0.76657983,2295.6700
1627478205348000,1,0.51631199,2295.6700
1627478205348000,1,0.77020660,2295.6600
1627478205349000,1,0.23985939,2295.6600
1627478205491000,1,0.58644506,2295.6600
1627478205657000,1,0.14300000,2293.4700
1627478208305000,1,0.66300000,2293.4700
1627478208361000,1,0.61989182,2293.4700
1627478208361000,1,0.39777754,2293.4700
1627478306355000,1,1.03558930,2293.5500
1627478306733000,1,0.24777648,2293.5500
1627478306733000,1,0.51334822,2293.5500
1627478306733000,1,0.57266836,2293.5500
1627478306832000,1,0.08931198,2293.5500
1627478308945000,1,0.07500000,2293.5500
1627478310241000,1,0.95141395,2293.5500
1627478340165000,1,0.51334822,2289.3100
1627478340165000,1,0.29368877,2289.3100
1627478340165000,1,1.28349875,2289.3100
1627478449695000,1,0.51274870,2289.8100
1627478449695000,1,1.28199974,2289.8100
1627478449695000,1,0.48502051,2289.8100
1627478476952000,1,0.51274870,2288.9900
1627478476952000,1,0.14318899,2288.9900
1627478476975000,1,1.52729402,2288.9900
1627478477090000,1,0.13825598,2288.9900
1627478477116000,1,0.24428933,2288.9900
1627478477116000,1,1.14474871,2288.9900
1627478477320000,1,0.13825598,2288.9900
1627478556450000,1,0.39304445,2289.0600
1627478557570000,1,0.88891408,2289.0600
1627478557570000,1,0.41891012,2289.0600
1627478561451000,1,0.09382210,2289.0600
1627478561451000,1,0.38303061,2289.0600
1627478561576000,1,0.11215080,2289.0600
1627478580671000,1,0.50533846,2287.4600
1627478597228000,1,0.51273222,2286.6100
1627478597228000,1,0.99759050,2286.6100
1627478597402000,1,0.28436803,2286.6100
1627478597682000,1,0.05319000,2285.8300
1627478597749000,1,0.15933194,2285.8300
1627478598301000,1,0.51284879,2285.8300
1627478744200000,1,1.09151958,2292.0000
1627478745519000,1,10.91519447,2292.0000
1627478746095000,1,0.32522981,2292.0000
1627478746095000,1,0.51309742,2292.0000
1627478746095000,1,0.67222475,2292.0000
1627478746095000,1,2.75665692,2292.0000
1627478790552000,1,0.51297434,2290.7600
1627478790552000,1,0.52221992,2290.7600
1627478822008000,1,0.51297434,2290.7600
1627478822008000,1,0.05938271,2290.7600
1627478822008000,1,1.81687606,2290.7600
1627478822094000,0,1.09207626,2290.7600
1627478822536000,1,0.19048764,2290.7600
1627478823169000,1,0.07500000,2288.4800
1627478873915000,1,0.51355759,2289.2200
1627478873915000,1,0.23073880,2289.2200
1627478881502000,1,0.01638249,2288.5000
1627478881502000,1,1.28402224,2288.5000
1627478979359000,1,0.44708974,2289.0100
1627478979379000,1,0.74873720,2289.0100
1627478982590000,1,0.08631154,2289.0100
1627478982590000,1,0.51280419,2289.0100
1627478982590000,1,0.71637052,2289.0100
1627478982609000,1,0.31845190,2289.0100
1627479004212000,1,0.51280419,2286.7800
1627479004212000,1,1.02378502,2286.7800
1627479123277000,1,0.51299178,2289.3100
1627479123277000,1,0.13825965,2289.3100
1627479123481000,1,1.14434786,2289.3100
1627479123481000,1,0.18482452,2289.3100
1627479123552000,1,1.28712783,2289.3100
1627479123632000,1,0.56806294,2289.3100
1627479123660000,1,0.10642597,2289.3100
1627479138894000,1,0.41434289,2286.9000
1627479139157000,1,0.09864889,2286.9000
1627479139157000,1,0.83630913,2286.9000
1627479139423000,1,1.07221345,2286.9000
1627479139544000,1,0.23262317,2286.9000
1627479139544000,1,1.28203279,2286.9000
1627479161372000,1,0.51276192,2285.0400
1627479161372000,1,0.19345875,2285.0400
1627479161372000,1,2.14114575,2285.0400
1627479177191000,1,0.51276192,2282.1500
1627479177191000,1,1.28203279,2282.1500
1627479177191000,1,2.14114575,2282.1500
1627479204931000,1,0.51271057,2278.5500
1627479204931000,1,0.36918846,2278.5500
1627479204931000,1,2.77757753,2278.5500
1627479317276000,0,0.03800000,2285.2600
1627479367608000,1,0.51259609,2286.0100
1627479367608000,1,0.21640391,2286.0100
1627479367625000,1,0.16464678,2286.0100
1627479370677000,1,0.03800000,2285.8300
1627479370855000,1,0.10879498,2285.8300
1627479370874000,1,0.29534736,2285.8300
1627479370984000,1,0.07079498,2285.8300
1627479371865000,1,0.57506015,2284.3300
1627479371865000,1,0.01911043,2284.3300
1627479371949000,1,0.07106762,2284.3300
1627479390610000,1,0.51293732,2284.3300
1627479436001000,1,0.51293732,2284.1900
1627479436001000,1,0.78459259,2284.1900
1627479780816000,1,1.28291605,2287.7000
1627479780816000,1,0.13303969,2287.7000
1627479780969000,1,0.06000000,2287.7000
1627479781319000,1,0.32007548,2287.7000
1627479781319000,1,0.66107799,2287.6800
1627479781355000,1,0.17659034,2287.6800
1627479781586000,1,0.14365342,2287.6800
1627479781849000,1,0.51334230,2287.6800
1627479842292000,1,0.51292719,2283.8200
1627479842292000,1,1.13741319,2283.8200
1627479842492000,1,0.14503283,2283.8200
1627479842492000,1,0.62996717,2283.8200
1627479843177000,1,0.46812808,2283.8200
1627479909183000,1,1.28419165,2283.0300
1627479909183000,1,0.12380835,2283.0300
1627479909225000,1,0.19400000,2283.0300
1627479909302000,1,0.19581699,2283.0300
1627479909612000,1,2.52503909,2283.0300
1627479939982000,1,0.51299037,2282.2700
1627479939982000,1,0.64386721,2282.2700
1627479939982000,1,0.92029935,2282.2700
1627479941835000,1,1.28260400,2282.2700
1627479945254000,1,0.25395559,2279.8400
1627479945254000,1,1.10790216,2279.8400
1627479945254000,1,0.05976338,2279.8400
1627479985818000,1,0.51299037,2278.6600
1627479985818000,1,1.28299071,2278.6600
1627480002483000,1,0.49974048,2278.2900
1627480002899000,1,0.51314503,2277.4800
1627480002939000,1,0.58089691,2277.4800
1627480002961000,1,0.17874048,2277.4800
1627480002991000,1,0.52335332,2277.4800
1627480045083000,1,0.51262041,2277.6800
1627480045083000,1,1.28167897,2277.6800
1627480045083000,1,1.76163360,2277.6800
1627480135123000,1,0.51272328,2273.0000
1627480135123000,1,0.80076848,2273.0000
1627480135259000,1,0.09338201,2273.0000
1627480135316000,1,0.65692821,2273.0000
1627480550729000,1,0.90688619,2281.7800
1627480550729000,1,0.51238632,2281.7800
1627480550729000,1,0.84810267,2281.7800
1627480551578000,1,0.08600000,2279.5200
1627480623192000,1,0.51305605,2280.1000
1627480623192000,1,0.04733415,2280.1000
1627480623192000,1,3.33547267,2280.1000
1627480655133000,1,1.28106104,2277.6400
1627480655133000,1,0.51237328,2277.6400
1627480655133000,1,2.03626067,2277.6400
1627480810153000,1,0.09300000,2282.9800
1627480810967000,1,0.41966731,2282.9800
1627480810967000,1,2.15241595,2282.9800
1627480810967000,1,1.28135980,2282.9800
1627480816810000,1,0.89162226,2280.6000
1627480817382000,1,0.38973754,2280.6000
1627480817382000,1,0.45857852,2280.6000
1627480817382000,1,1.55395628,2280.6000
1627480818230000,1,0.06900000,2277.6600
1627480857297000,1,0.51249276,2277.6600
1627480857297000,1,0.72371202,2277.6600
1627480857297000,1,2.15634757,2277.6600
1627480915071000,1,0.51495741,2277.9600
1627480916249000,1,0.05200000,2277.1600
1627480916445000,1,0.46295741,2277.1600
1627480916445000,1,0.18421259,2277.1600
1627480916489000,1,0.38286605,2277.1600
1627480916551000,1,0.08234762,2277.1600
1627480935603000,1,0.35838998,2275.4500
1627480935603000,1,0.74086395,2275.4500
1627480935628000,1,0.54142626,2275.4500
1627480935628000,1,2.30962089,2275.4500
1627481513790000,1,0.51282900,2290.0100
1627481513790000,1,0.40556002,2290.0100
1627481513790000,1,0.17392347,2290.0100
1627481651311000,1,0.51239759,2292.6600
1627481651311000,1,0.56292181,2292.6600
1627481651739000,1,0.71907256,2292.6600
1627481651739000,1,0.37701437,2292.6600
1627481685672000,1,0.12111375,2291.3700
1627481685808000,1,0.75719893,2291.3700
1627481685885000,1,0.13400000,2291.3700
1627481686661000,1,0.51274655,2291.3700
1627481686661000,1,1.28199437,2291.3700
1627481686661000,1,0.24055061,2291.3700
1627481686852000,1,0.74526054,2291.3700
1627481686944000,1,0.48824502,2291.3700
1627481762636000,1,0.51288017,2289.9200
1627481762636000,1,1.28232847,2289.9200
1627481762636000,1,2.16898111,2289.9200
1627481853782000,1,0.37518844,2287.6800
1627481855475000,1,0.13793104,2287.6800
1627481855475000,1,0.89282008,2287.6800
1627481855510000,1,0.38958315,2287.6800
1627481855510000,1,0.11810001,2287.6800
1627481855546000,1,1.09855961,2287.6800
1627482038499000,1,0.51275806,2289.4600
1627482038499000,1,0.57981420,2289.4600
1627482040152000,1,0.70220892,2289.4600
1627482040152000,1,0.39036334,2289.4600
1627482042151000,1,1.09257226,2289.4600
1627482149300000,1,0.51243367,2288.5600
1627482149300000,1,0.56177981,2288.5600
1627482293865000,1,0.51244821,2289.6700
1627482293865000,1,0.52102338,2289.6700
1627482295948000,1,0.76022503,2289.6700
1627482295948000,1,0.53797643,2289.6700
1627482295950000,1,0.58238001,2289.6700
1627482295997000,1,0.45109158,2289.6700
1627482296186000,1,0.58238001,2289.6700
1627482399477000,1,1.10621381,2287.2700
1627482399623000,1,0.17566705,2287.2700
1627482399623000,1,0.10213978,2287.2700
1627482399634000,1,0.41056138,2287.2700
1627482399708000,1,1.89657099,2287.2700
1627482476434000,1,0.51207199,2288.0500
1627482476434000,1,0.82628152,2288.0500
1627482476515000,1,0.21200000,2288.0500
1627482478309000,1,0.26822331,2288.0500
1627482478309000,1,1.28030770,2288.0500
1627482618342000,1,1.31549253,2287.2500
1627482618943000,1,0.43663502,2287.2500
1627482637608000,1,1.26367722,2282.8000
1627482637658000,1,0.01712397,2282.8000
1627482637658000,1,0.03350603,2282.8000
1627482637735000,1,0.47876332,2282.8000
1627482637735000,1,0.60481224,2282.8000
1627482637913000,1,0.23800000,2282.8000
1627482642678000,1,1.09470078,2282.8000
1627482820692000,1,0.37507320,2285.5200
1627482822370000,1,0.13715685,2285.5200
1627482822370000,1,0.95064696,2285.5200
1627482822464000,1,0.33005594,2285.5200
1627482822464000,1,0.70213158,2285.5200
1627482822531000,1,0.52048938,2285.5200
1627482822660000,1,0.52048938,2285.5200
1627482823099000,1,0.56731443,2285.5200
1627482823464000,1,0.06300000,2283.1700
1627482866479000,1,0.53700752,2283.1700
1627482866712000,1,0.51223005,2283.1700
1627482866712000,1,0.03676995,2283.1700
1627482866728000,1,0.70046584,2283.1700
1627482866748000,1,0.54553222,2283.1700
1627482866748000,1,0.97622168,2283.1700
1627482867317000,1,1.17482430,2283.1700
1627482943820000,1,0.19046644,2280.8700
1627482943820000,1,0.71732569,2280.8700
1627482943826000,1,0.56454143,2280.8700
1627482943826000,1,0.53236691,2280.8700
1627482943903000,1,0.39999999,2280.8700
1627483010245000,1,0.06777151,2280.9200
1627483010461000,1,0.66411153,2280.9200
1627483014483000,1,0.51323538,2280.9200
1627483014483000,1,0.78565955,2280.9200
1627483018998000,1,1.28321660,2280.9200
1627483018998000,1,0.03366449,2280.9200
1627483212097000,1,0.51234051,2283.9500
1627483212097000,1,0.31060783,2283.9500
1627483212142000,1,0.06800000,2283.9500
1627483212218000,1,0.50198518,2283.9500
1627483212218000,1,0.02101482,2283.9500
1627483263522000,1,0.51244297,2282.3600
1627483263522000,1,0.58836913,2282.3600
1627483264348000,1,0.69286616,2282.3600
1627483264348000,1,1.03690362,2282.3600
1627483266334000,1,0.08127000,2280.1900
1627483469512000,1,0.05248764,2283.3900
1627483469531000,1,0.46052348,2283.3900
1627483469531000,1,0.54890014,2283.3900
1627483470132000,1,0.73375574,2283.3900
1627483489973000,1,0.51309958,2281.9100
1627483490336000,1,1.28287706,2281.2300
1627483490336000,1,0.24809378,2281.2200
1627483490353000,1,0.07075999,2281.2200
1627483490567000,1,1.28287706,2281.2200
1627483851703000,1,0.43345552,2284.5200
1627483851703000,1,0.30084813,2284.5200
1627483851703000,1,0.35377104,2284.5200
1627483870461000,1,0.51321755,2284.5200
1627483883872000,1,0.38303300,2282.4100
1627483883908000,1,0.26555924,2282.4100
1627483883908000,1,0.30855659,2282.4100
1627483884043000,1,0.14859698,2282.4100
1627483884093000,1,0.05612499,2282.4100
1627483884093000,1,0.03243868,2282.4100
1627483884127000,1,0.57968775,2282.4100
1627483884764000,1,1.59584830,2282.4100
1627483885010000,1,0.57968775,2282.4100
1627483944393000,1,0.51327856,2279.7400
1627483944393000,1,1.28332457,2279.7400
1627483944393000,1,1.26372323,2279.7400
1627483970528000,1,0.51290004,2278.1500
1627483970528000,1,0.77348820,2278.1500
1627483970579000,1,0.50888993,2278.1500
1627483970579000,1,0.42290731,2278.1500
1627483970629000,1,0.19600000,2278.1500
1627483970660000,1,0.58600000,2278.1500
1627483970685000,1,0.58969814,2278.1500
1627484007637000,1,1.10329390,2277.4900
1627484007717000,1,0.17908423,2277.4900
1627484007717000,1,0.48443111,2277.4900
1627484007964000,1,1.52566368,2277.4900
1627484007983000,1,0.14083185,2277.4900
1627484007983000,1,0.51382416,2277.4900
1627484037443000,1,0.51382416,2276.0700
1627484037443000,1,0.76554604,2276.0700
1627484037443000,1,2.15092664,2276.0700
1627484072053000,1,1.28299710,2274.2900
1627484072053000,1,0.51314759,2274.2900
1627484072053000,1,1.90422754,2274.2900
1627484075010000,1,0.51314759,2271.3300
1627484075010000,1,1.90422754,2271.3300
1627484075010000,1,0.66035861,2271.3300
1627484287012000,0,0.60000000,2282.2200
1627484837305000,1,0.51302721,2287.6700
1627484837305000,1,0.08697279,2287.6700
1627484837700000,1,0.71746360,2287.6700
1627484837700000,1,0.78816725,2287.6700
1627484839155000,1,1.09342730,2287.6700
1627485458881000,1,0.42079511,2290.2300
1627485458881000,1,0.42079511,2290.2300
1627485458881000,1,2.19872715,2290.2300
1627485764075000,1,0.51314466,2292.6900
1627485764075000,1,0.35965275,2292.6900
1627485764198000,1,0.24535450,2292.6900
1627485764289000,1,0.44100000,2292.6900
1627485764388000,1,1.22223635,2292.6900
1627485764388000,1,1.28301056,2292.6900
1627485911827000,1,0.22594158,2291.4900
1627485911891000,0,0.64676655,2291.4700
1627485911895000,0,0.44498705,2291.4700
1627485912373000,1,2.15879527,2291.4900
1627486018293000,1,0.04100000,2291.2300
1627486021879000,1,0.04171000,2291.2300
1627486027644000,1,1.09195565,2291.2300
1627486031027000,1,0.51354016,2291.2300
1627486031027000,1,0.57835423,2291.2300
1627486031821000,1,0.49168816,2291.2300
1627486031821000,1,0.35346602,2291.2300
1627486032750000,1,0.03146000,2288.4200
1627486032847000,1,0.04100000,2288.4200
1627486035096000,1,0.51370741,2288.4200
1627486035096000,1,0.53568913,2288.4200
1627486035096000,1,0.22965016,2288.4200
1627486410478000,1,0.51315450,2292.3500
1627486410478000,1,2.10399875,2292.3500
1627486410478000,1,1.28296097,2292.3500
1627486539166000,1,0.51311123,2292.0600
1627486539166000,1,0.57832538,2292.0600
1627486638058000,1,0.43930438,2293.1100
1627486638094000,1,0.07412162,2293.1100
1627486638094000,1,0.15561649,2293.1100
1627486638094000,1,2.15650111,2293.1100
1627486993320000,0,0.60000000,2298.4500
1627487065476000,1,0.42499807,2297.9600
1627487066158000,1,0.08815976,2297.9600
1627487066158000,1,1.28302269,2297.9600
1627487066158000,1,0.13199382,2297.9600
1627487230732000,1,0.51353216,2299.4300
1627487249384000,1,0.51353216,2298.3000
1627487251594000,1,0.79682475,2298.2300
1627487251594000,1,0.29169039,2298.2300
1627487252971000,1,0.22184177,2298.2300
1627487252971000,1,0.86667730,2298.2300
1627487254148000,1,1.08851907,2298.2300
1627487255489000,1,0.19543960,2298.2300
1627487301497000,1,0.05593318,2295.9000
1627487301937000,1,0.45759898,2295.9000
1627487301937000,1,1.06021571,2295.9000
1627487301972000,1,0.43101000,2295.9000
1627487302030000,1,0.68051299,2295.9000
1627487302030000,1,1.28395867,2295.9000
1627487417924000,1,0.51347709,2294.3200
1627487417924000,1,0.08652291,2294.3200
1627487418016000,1,0.01307042,2294.3200
1627487418016000,1,1.04553392,2294.3200
1627487506798000,1,1.28341916,2294.1900
1627487506798000,1,2.16805354,2294.1900
1627487583269000,1,0.51340310,2290.9300
1627487583269000,1,0.91947255,2290.9300
1627487729487000,1,0.75894389,2292.5000
1627487729545000,1,0.52349650,2292.5000
1627487729545000,1,0.51292494,2292.5000
1627487729545000,1,1.12716167,2292.5000
1627487729668000,1,0.17325000,2292.5000
1627487729757000,1,0.60041883,2292.5000
1627487729783000,1,0.24048795,2292.5000
1627487822548000,1,0.29292274,2291.0100
1627487827795000,1,0.22025864,2291.0100
1627487853081000,1,0.51325003,2289.5300
1627487853081000,1,0.12819700,2289.5300
1627488030846000,1,0.70772632,2292.1300
1627488031589000,1,0.11799410,2292.1300
1627488031717000,1,0.45832153,2292.1300
1627488031717000,1,2.15051135,2292.1300
1627488031717000,1,0.51356547,2292.1300
1627488076740000,1,0.15000000,2288.4800
1627488076846000,1,0.36356547,2288.4800
1627488076846000,1,0.03030416,2288.4800
1627488076910000,1,0.89475398,2288.4800
1627488076942000,1,0.35898381,2288.4800
1627488076942000,1,1.18570495,2288.4800
1627488077066000,1,0.66500000,2288.4800
1627488077092000,1,0.29980640,2288.4800
1627488113329000,1,0.16690820,2287.1800
1627488113392000,1,0.34634474,2287.1800
1627488113392000,1,0.64201524,2287.1800
1627488113392000,1,2.79286214,2287.1800
1627488337341000,0,0.60000000,2295.4900
1627488667786000,1,0.51322961,2299.3800
1627488676468000,1,0.51300000,2298.6700
1627488676572000,1,0.00022809,2298.6700
1627488676572000,1,1.28319838,2298.6600
1627488758555000,0,0.51300000,2303.3200
1627493355834000,1,0.60000000,2298.9900
1627493356489000,1,0.68357885,2298.9900
1627493357387000,1,0.04800000,2298.0200
1627493357502000,1,3.28958065,2298.0200
1627493358159000,1,0.04830000,2293.1500
1627493385043000,1,0.51346776,2293.1500
1627493385043000,1,1.28379764,2293.1500
1627493385043000,1,3.33814960,2293.1500
1627493422421000,0,0.60000000,2296.0700
1627493429331000,1,0.51300000,2295.3600
1627493434169000,1,0.00063417,2295.3600
1627493434169000,1,0.08636583,2295.2100
1627493467445000,1,0.51363417,2296.0300
1627493467445000,1,0.98777358,2296.0300
1627493467463000,1,0.29644014,2296.0300
1627493467463000,1,2.18485923,2296.0300
1627493468712000,1,0.10410000,2289.4400
1627493482889000,1,1.28568563,2293.4500
1627493482889000,1,0.51422284,2293.4500
1627493482889000,1,1.11056425,2293.4500
1627493492035000,1,0.45754110,2290.1700
1627493492041000,1,0.57245542,2290.1700
1627493492041000,1,0.33633536,2290.1700
1627493492041000,1,0.22486965,2290.1700
1627493501340000,1,0.08637000,2285.9000
1627493503971000,1,1.19931563,2285.9000
1627493503971000,1,0.51422284,2285.9000
1627493503971000,1,0.64053013,2285.9000
1627493503978000,1,0.20762927,2282.8100
1627493551189000,1,0.51422284,2284.7500
1627493551189000,1,1.28371786,2284.7500
1627493551189000,1,1.71136293,2284.7500
1627493565950000,1,0.48334851,2281.5600
1627493565950000,1,0.45507798,2281.5600
1627493565950000,1,0.49674200,2281.5600
1627493566880000,1,0.65885357,2281.5600
1627493685276000,1,0.51353401,2283.2200
1627493685276000,1,1.20254680,2283.2200
1627493685276000,1,2.01182419,2283.2200
1627493698060000,1,1.02204964,2280.5100
1627493698065000,1,0.05882983,2280.5100
1627493698065000,1,0.12784017,2280.5100
1627493698095000,1,0.28784083,2280.5100
1627493698095000,1,0.16627181,2280.5100
1627493730915000,1,0.26827187,2280.2400
1627493730915000,1,1.65985544,2280.2400
1627493730915000,1,0.33859322,2280.2400
1627493877287000,1,0.51368502,2284.0700
1627493877287000,1,0.49105134,2284.0700
1627493877427000,1,0.79328953,2284.0700
1627493877427000,1,0.52719865,2284.0700
1627493877592000,1,1.62681899,2284.0700
1627493883187000,1,0.06400000,2280.5100
1627493883344000,1,0.20748480,2280.5100
1627493883403000,1,0.30620022,2280.5100
1627493883403000,1,0.47250901,2280.5100
1627493883403000,1,3.33956224,2280.5100
1627493890252000,1,0.51368502,2276.6900
1627493890252000,1,0.82026771,2276.6900
1627493892211000,1,1.32541807,2276.6900
1627493962055000,1,0.51329051,2280.2300
1627493962055000,1,1.28335445,2280.2300
1627493962055000,1,2.15503275,2280.2300
1627493998752000,0,0.60000000,2283.1500
1627494025621000,1,0.51335423,2280.8500
1627494025621000,1,0.08664577,2280.8500
1627494026095000,1,1.19686801,2280.8500
1627494026095000,1,2.15363161,2280.8500
1627494080384000,1,1.28415789,2280.8200
1627494080384000,1,0.01094612,2280.8200
1627494080468000,1,0.34112938,2280.8200
1627494080882000,1,0.16153634,2280.8200
1627494080882000,1,0.46566898,2280.8200
1627494080884000,1,0.34112938,2280.8200
1627494110662000,1,0.63115623,2278.9900
1627494111400000,1,0.28633379,2278.9900
1627494112722000,1,0.36678739,2278.9900
1627494112722000,1,0.51365964,2278.9900
1627494112722000,1,0.67121552,2278.9900
1627494112785000,1,0.42202254,2278.9900
1627494113420000,1,0.81690363,2276.3900
1627494113442000,1,0.12113304,2276.3900
1627494113442000,1,0.86712921,2276.3900
1627494113499000,1,0.23353098,2276.3900
1627494113515000,1,0.18361722,2276.3900
1627494113515000,1,0.51365964,2276.3900
1627494118508000,1,0.02547000,2273.0900
1627494118865000,1,0.02547000,2267.9200
1627494158459000,1,0.10995245,2272.7700
1627494170382000,1,0.91540309,2272.7700
1627494170382000,1,2.31506139,2272.7700
1627494170382000,1,0.33266152,2272.7700
1627494173272000,1,0.33266152,2268.9700
1627494173272000,1,2.31506139,2268.9700
1627494173272000,1,1.02669705,2268.9700
1627494173333000,1,0.11000000,2264.2400
1627494293649000,1,0.02792654,2274.6400
1627494293649000,1,0.06981635,2274.6400
1627494293649000,1,0.18152252,2274.6400
1627494294687000,1,0.02792654,2272.0100
1627494294687000,1,0.00565302,2272.0100
1627494294751000,1,0.06416333,2272.0100
1627494294751000,1,0.00444579,2272.0100
1627494294754000,1,0.17707673,2272.0100
1627494402692000,1,0.51346653,2276.5800
1627494402692000,1,0.51868046,2276.5800
1627494406787000,1,0.65507771,2276.5800
1627494406885000,1,0.50996586,2276.5800
1627494406885000,1,0.70886476,2276.5800
1627494407167000,1,0.28923959,2276.5800
1627494408207000,1,0.05700000,2273.9100
1627494577442000,1,0.51013385,2276.4000
1627494577442000,1,0.61216412,2276.4000
1627494577524000,1,0.16182483,2276.4000
1627494577524000,1,0.18413071,2276.4000
1627494577524000,1,0.31104866,2276.4000
1627494577544000,1,0.20297364,2276.4000
1627494597662000,1,0.51402230,2273.9400
1627494597662000,1,0.16026247,2273.9400
1627494597662000,1,0.32882871,2273.9400
1627494597909000,1,0.30529602,2273.9400
1627494598001000,1,1.50860870,2273.9400
1627494643723000,1,0.51324511,2274.5000
1627494643723000,1,0.58421292,2274.5000
1627494643733000,1,1.55937416,2274.5000
1627494643790000,1,0.81540019,2274.5000
1627494643790000,1,0.30131086,2274.5000
1627494643892000,1,0.16848364,2274.5000
1627494644692000,1,0.07300000,2270.0000
1627494661276000,1,0.51324511,2271.7500
1627494661276000,1,0.80064731,2271.7500
1627494661300000,1,1.22269829,2271.7500
1627494661363000,1,0.12215374,2271.7500
1627494661363000,1,0.02416923,2271.7500
1627494661369000,1,0.22476484,2271.7500
1627494661391000,1,1.03430686,2271.7500
1627494682315000,1,0.51324511,2268.8200
1627494682315000,1,1.28386320,2268.8200
1627494682315000,1,0.37923316,2268.8100
1627494686974000,1,0.02203130,2265.6100
1627494686974000,1,0.51349398,2265.6100
1627494686974000,1,1.28386320,2265.6100
1627494686974000,1,2.14453682,2265.6100
1627494727550000,1,0.51349398,2265.6000
1627494727550000,1,1.28386320,2265.6000
1627494727550000,1,2.14453682,2265.6000
1627494752750000,1,1.28523714,2264.3200
1627494752750000,1,0.51404348,2264.3200
1627494752750000,1,2.14282173,2264.3200
1627494775603000,1,0.51404348,2263.2900
1627494775603000,1,0.81432550,2263.2900
1627494775850000,1,1.31554957,2263.2900
1627494775885000,1,0.01294666,2263.2900
1627494775885000,1,0.48705360,2263.2900
1627494775892000,1,0.66407884,2263.2900
1627494776031000,1,0.04182467,2263.2900
1627494777757000,1,0.05420300,2258.9900
1627494918740000,0,0.60000000,2269.0100
1627494978382000,1,0.51384439,2267.2200
1627494978382000,1,0.58948714,2267.2200
1627494978403000,1,0.69525222,2267.2200
1627494978403000,1,0.98019426,2267.2200
1627494986087000,1,0.51440316,2264.8700
1627494986087000,1,0.08559684,2264.8700
1627494987148000,1,1.09861274,2264.8700
1627494987200000,1,0.10192689,2264.8700
1627494987200000,1,0.42438298,2264.8700
1627494988710000,1,0.10420000,2262.0400
1627494999199000,1,0.11017489,2262.0400
1627495032843000,1,0.51440316,2264.4400
1627495032843000,1,1.28613647,2264.4400
1627495032843000,1,1.49085141,2264.4400
1627495088446000,1,0.51370943,2267.2000
1627495088446000,1,0.81116911,2267.2000
1627495088538000,1,0.47323279,2267.2000
1627495088538000,1,0.81888831,2267.2000
1627495088633000,1,0.03275744,2267.2000
1627495088670000,1,1.11485273,2267.2000
1627495089102000,1,0.17726837,2267.2000
1627495090281000,1,0.06200000,2263.6100
1627495142889000,1,0.51410110,2266.3400
1627495142889000,1,1.28538122,2266.3400
1627495142889000,1,0.68483062,2266.3400
1627495166934000,1,0.51371523,2264.9100
1627495166934000,1,1.28441640,2264.9100
1627495166934000,1,0.25371160,2264.9100
1627495167003000,1,0.21143901,2264.9100
1627495167017000,1,1.36236532,2264.9100
1627495204500000,1,0.51371523,2262.3000
1627495204500000,1,0.80130619,2262.3000
1627495204527000,1,0.48311021,2262.3000
1627495204527000,1,2.14312312,2262.3000
1627495211324000,1,0.51371523,2258.9900
1627495211324000,1,1.28393268,2258.9900
1627495211324000,1,2.14365134,2258.9900
1627495214695000,1,0.26500600,2254.5700
1627495214957000,1,0.59191618,2254.2600
1627495214957000,1,0.31243459,2254.2600
1627495214957000,1,0.78114133,2254.2600
1627495253494000,1,0.42424659,2257.6600
1627495253995000,1,0.40954852,2257.6200
1627495335439000,0,0.02762500,2273.1800
1627495335439000,0,0.57237500,2273.1800
1627495351650000,0,1.22185641,2273.4200
1627495446205000,1,0.51253105,2278.4500
1627495446205000,1,0.08746895,2278.4500
1627495447290000,1,0.01600000,2278.4500
1627495449237000,1,0.24501430,2278.4500
1627495508376000,0,0.02189934,2278.1500
1627495511961000,1,0.51325347,2276.1300
1627495511961000,1,0.58566327,2276.1300
1627495514152000,1,0.91372020,2276.1300
1627495514152000,1,0.18520835,2276.1300
1627495587548000,1,0.32595783,2279.6600
1627495587778000,1,0.18661287,2279.6600
1627495587778000,1,0.03298994,2279.6600
1627495587969000,1,1.02896191,2279.6600
1627495587995000,1,0.04518519,2279.6600
1627495635155000,1,0.51257070,2282.1800
1627495635155000,1,1.28155466,2282.1800
1627495635155000,1,1.54560796,2282.1800
1627495699118000,1,0.51281813,2279.3400
1627495699118000,1,0.36118837,2279.3400
1627495699474000,1,0.59299685,2279.3400
1627495703625000,1,0.51575831,2279.3400
1627495704705000,1,0.04500000,2276.8200
1627495704885000,1,0.04500000,2276.8200
1627495726266000,1,0.21960281,2276.8200
1627495726387000,1,0.29321532,2276.8200
1627495726387000,1,0.35910541,2276.8200
1627495726960000,1,0.92306791,2276.8200
1627495726960000,1,0.09607774,2276.8200
1627495727463000,1,0.36904034,2276.8200
1627495837065000,1,0.26870034,2279.1800
1627495837099000,1,0.24378725,2279.1800
1627495837099000,1,0.46684242,2279.1800
1627495837123000,1,0.41600000,2279.1800
1627495837217000,1,0.39850445,2279.1800
1627495837217000,1,0.45149554,2279.1800
1627495838244000,1,0.31400856,2279.1800
1627495840220000,1,0.84103687,2279.1800
1627495874346000,1,0.51248759,2279.1800
1627495874346000,1,0.48700452,2279.0100
1627495879657000,1,0.06618432,2279.0100
1627495880206000,1,0.02200000,2279.0100
1627495880960000,1,0.42450299,2279.0100
1627495880960000,1,0.08037176,2279.0100
1627495932910000,1,1.02171056,2280.2200
1627495936975000,1,0.01700000,2280.2200
1627495939872000,1,0.01700000,2280.2200
1627495946378000,1,0.49568731,2280.2200
1627495946378000,1,0.17746810,2280.2200
1627495946433000,1,0.64525191,2280.2200
1627495946518000,1,0.29332767,2280.2200
1627495946518000,1,0.52850084,2280.2200
1627495946635000,1,1.78379807,2280.2200
1627495990330000,1,0.51275964,2280.9300
1627495990330000,1,0.59570004,2280.9300
1627495999201000,1,0.44828259,2280.9300
1627496000301000,1,0.02518686,2280.0100
1627496000388000,1,0.06984000,2280.0100
1627496000404000,1,0.05300000,2280.0100
1627496098836000,1,0.51315393,2283.6800
1627496098836000,1,0.14611137,2283.6800
1627496098844000,1,0.24369932,2283.6800
1627496098877000,1,0.04940446,2283.6800
1627496098891000,1,0.84379780,2283.6800
1627496098891000,1,0.26175302,2283.6800
1627496098972000,1,0.86647283,2283.6800
1627496098981000,1,0.74066246,2283.6800
1627496122607000,1,0.34400998,2283.8800
1627496122637000,1,0.16954127,2283.8800
1627496122637000,1,0.14945873,2283.8800
1627496122676000,1,0.13559069,2283.8800
1627496122676000,1,0.96120956,2283.8800
1627496224110000,1,0.34800000,2288.0600
1627496224632000,1,0.93597277,2288.0600
1627496224632000,1,0.15835932,2288.0600
1627496224714000,1,0.35517848,2288.0600
1627496224714000,1,1.43426471,2288.0600
1627496356402000,1,0.02360000,2293.3800
1627496356523000,1,0.02300000,2293.3800
1627496356580000,1,0.46711068,2293.3800
1627496356580000,1,0.35588284,2293.3800
1627496356580000,1,1.30306782,2293.3800
1627496387739000,0,0.60000000,2291.7900
1627496396795000,1,1.28431194,2290.9500
1627496396795000,1,0.51367345,2290.9500
1627496397118000,1,0.01200000,2290.0500
1627496402234000,1,0.51300000,2290.0500
1627496402322000,1,0.00067345,2290.0500
1627496503589000,0,0.51300000,2292.3200
1627496528719000,1,0.51362804,2290.5000
1627496528719000,1,1.28419840,2290.5000
1627496528719000,1,1.98581733,2290.5000
1627496567721000,1,0.30284156,2288.2500
1627496567721000,1,0.02788575,2288.2500
1627496718290000,1,0.51324722,2288.7000
1627496718290000,1,0.08675278,2288.7000
1627496718584000,1,1.09295319,2288.7000
1627496729336000,1,1.09290744,2288.7000
1627496744897000,1,0.08203280,2288.7000
1627497014274000,1,1.09292381,2288.6500
1627497015656000,1,1.09292495,2288.6500
1627497019153000,1,0.19144875,2288.6500
1627497019153000,1,0.35594145,2288.6500
1627497027967000,1,1.52999992,2286.2900
1627497029031000,1,1.80964768,2286.2900
1627497029031000,1,1.02891177,2286.2900
1627497029031000,1,0.51369815,2286.2900
1627497048010000,1,0.35266679,2283.5900
1627497048010000,1,0.31673708,2283.5900
1627497260323000,0,0.60000000,2297.2400
1627497352759000,1,0.51400000,2299.3500
1627497744502000,0,0.92263006,2313.7600
1627497744528000,0,0.15861065,2313.7600
1627497955396000,1,0.07600000,2311.5000
1627497960060000,1,0.01000000,2311.5100
1627497965377000,1,0.00054400,2311.5000
1627498490371000,0,0.60000000,2316.6900
1627498660782000,1,0.10774701,2318.6900
1627498730388000,0,0.51483170,2320.4000
1627498730388000,0,0.91535552,2320.4000
1627498748663000,0,0.03186808,2321.3600
1627498775148000,1,0.60000000,2319.7400
1627498835666000,0,0.51461170,2325.0400
1627498835666000,0,0.08538830,2325.0400
1627498835825000,0,1.05589796,2325.0400
1627498838534000,0,0.14522156,2325.0400
1627498838534000,0,1.16082315,2325.0400
1627498844578000,0,0.51461170,2327.9600
1627498844578000,0,0.73007876,2327.9600
1627498844624000,0,0.55642906,2327.9600
1627498844624000,0,0.92054263,2327.9600
1627498844649000,0,0.60551924,2327.9600
1627499223964000,1,0.44427742,2320.6800
1627499474979000,0,4.80000000,2326.9500
1627500250858000,0,0.09640989,2314.8700
1627500327467000,1,0.10503415,2309.8200
1627500354164000,0,0.51474260,2309.6100
1627500354164000,0,0.34049274,2309.6100
1627500354189000,0,0.94634232,2309.6100
1627500354189000,0,0.06127458,2309.6100
1627500354387000,0,2.12202570,2309.6100
1627500431248000,1,0.60000000,2307.4000
1627500464032000,0,0.51516758,2304.9000
1627500464032000,0,0.51516758,2304.9100
1627500464032000,0,1.36883267,2304.9100
1627500518997000,1,0.51536011,2299.6400
1627500531699000,1,1.07941255,2299.5100
1627500548681000,1,1.08671396,2298.8100
1627500549897000,1,1.08671396,2298.8100
1627500566264000,1,1.08703835,2298.7600
1627500576787000,1,0.07867547,2300.4200
1627500630812000,1,0.87632587,2298.4600
1627500656671000,1,1.08564782,2301.2300
1627500665167000,0,0.51499793,2303.4700
1627500665716000,0,0.51507094,2303.8200
1627500665716000,0,0.51507094,2303.8300
1627500670689000,1,0.03899176,2303.9200
1627500676869000,0,0.51507094,2305.9600
1627500676869000,0,0.08492906,2305.9600
1627500677486000,0,0.48161674,2305.9600
1627500681085000,0,0.72065769,2305.9600
1627500681085000,0,0.14193400,2305.9600
1627500681194000,0,0.95772560,2305.9600
1627500698250000,0,0.51488998,2308.7300
1627500698250000,0,0.56740811,2308.7300
1627500699223000,0,1.28720349,2308.7300
1627500699223000,0,0.68281780,2308.7300
1627501040115000,0,0.20300725,2315.7000
1627501040432000,0,0.31254927,2315.7000
1627501040432000,0,0.93906649,2315.7000
1627501041502000,0,0.34980331,2315.7000
1627501041502000,0,0.04772638,2315.7000
1627501043131000,0,0.51555652,2315.7000
1627501422901000,1,0.10808800,2312.2400
1627501509756000,0,0.51532228,2313.7100
1627501509756000,0,0.11664888,2313.7100
1627501509829000,0,0.08856445,2313.7100
1627501850469000,0,0.51551419,2311.8400
1627501850469000,0,0.56534965,2311.8400
1627501850498000,0,0.72341433,2311.8400
1627501959352000,1,1.08249365,2308.0500
1627501965078000,1,0.72329361,2308.0500
1627501998937000,1,0.42557749,2307.8400
1627502043762000,1,0.60000000,2307.8500
1627502046943000,1,1.08325113,2306.3200
1627502110084000,1,0.57208613,2307.0300
1627502168146000,0,0.51544466,2308.7800
1627502168146000,0,0.13820103,2308.7800
1627502168207000,0,0.60000000,2308.7800
1627502168220000,0,0.55059697,2308.7800
1627502168220000,0,0.12477607,2308.7800
1627502168221000,0,0.90775437,2308.7800
1627502168221000,0,1.15218511,2308.7800
1627502324544000,0,0.51493974,2306.7000
1627502324544000,0,1.28732789,2306.7000
1627502324544000,0,1.00069992,2306.7000
1627502356341000,0,0.51493974,2308.5100
1627502356341000,0,2.18580976,2308.5100
1627502356341000,0,1.28732789,2308.5100
1627502906221000,1,0.51500000,2299.6500
1627502976442000,1,0.80728564,2299.0600
1627502979882000,1,0.08300020,2298.9500
1627503008369000,0,0.51500000,2303.3500
1627503014396000,0,0.00058821,2303.3500
1627503015534000,0,0.51496427,2303.8900
1627503017430000,0,0.51496427,2304.8900
1627503022131000,1,0.32752353,2304.7100
1627503042746000,0,0.51496427,2306.0500
1627503058387000,1,0.60000000,2305.4300
1627503082603000,1,0.42304722,2301.9300
1627503083045000,1,0.66229780,2301.9300
1627503089569000,1,1.08577126,2300.9400
1627503091543000,1,0.35937838,2300.9400
1627503127605000,1,0.51000145,2301.6200
1627503128059000,1,0.57556526,2301.6200
1627503128059000,1,0.26204762,2301.2200
1627503128631000,1,0.44204762,2301.2200
1627503129278000,1,0.84181173,2301.6200
1627503138215000,0,0.51500000,2303.3400
1627503138526000,0,0.00041937,2303.3400
1627503140208000,0,0.08500000,2304.2200
1627503140516000,0,0.43023735,2304.2200
1627503141736000,0,0.51523735,2304.4800
1627503159747000,0,0.51523735,2305.9200
1627503159747000,0,1.28807190,2305.9200
1627503200329000,0,0.51548847,2305.6200
1627503200329000,0,0.21535843,2305.6300
1627503200388000,0,0.30013004,2305.6300
1627503200388000,0,1.28869968,2305.6300
1627503210419000,0,3.35038853,2308.1800
1627503210419000,0,0.09629325,2308.1800
1627503210419000,0,1.28869968,2308.1800
1627503286446000,0,0.51529365,2308.1700
1627503286446000,0,1.28821264,2308.1700
1627503286446000,0,2.18530240,2308.1700
1627503364774000,0,0.51496551,2305.9600
1627503364774000,0,1.01306707,2305.9600
1627503364783000,0,0.27432526,2305.9600
1627503364783000,0,2.18625385,2305.9600
1627503390329000,0,0.51486896,2308.2100
1627503390329000,0,0.05634184,2308.2100
1627503501815000,0,0.51505421,2304.7200
1627503501815000,0,0.51505421,2304.7300
1627503501815000,0,1.28897038,2304.7400
1627503730163000,1,0.04940997,2301.6000
1627503730570000,1,1.03637181,2301.6000
1627503733565000,1,0.64142499,2301.6000
1627503739726000,1,1.08613372,2300.7900
1627503745149000,1,0.75188713,2300.7900
1627503753758000,1,0.33424659,2300.7900
1627503756644000,1,0.45097583,2300.7900
1627503759181000,1,0.14571383,2300.7900
1627503766658000,1,1.08668390,2299.2700
1627503774595000,1,0.20211477,2298.4400
1627503777145000,1,0.88493298,2298.4400
1627503777636000,1,1.08704775,2298.4400
1627503786541000,1,0.51528475,2298.4200
1627503786541000,1,0.08471525,2298.4200
1627503841283000,1,0.71652642,2298.6100
1627503853184000,1,1.08730775,2297.7100
1627503855657000,1,1.08730775,2297.7100
1627503964517000,1,0.60302575,2297.4300
1627503993882000,1,0.16661442,2299.2400
1627503996234000,1,0.92008173,2299.2400
1627503996820000,1,0.62141827,2299.2400
1627504001331000,1,0.12000000,2299.2400
1627504003327000,1,0.58603744,2298.4900
1627504003718000,1,0.40225000,2298.4900
1627504004287000,1,0.09877392,2298.4900
1627504031777000,1,0.34000157,2299.8700
1627504033248000,1,0.60000000,2299.8700
1627504034114000,1,0.14643846,2299.8700
1627504039788000,1,0.51000740,2299.8700
1627504040255000,1,0.09278602,2299.8700
1627504058330000,1,1.08709606,2298.3700
1627504060872000,1,1.08709606,2298.3700
1627504100413000,1,0.97094627,2300.4000
1627504101292000,1,0.11514898,2300.4000
1627504101292000,1,0.44872193,2300.2200
1627504101893000,1,0.57061777,2300.2200
1627504119352000,1,0.24818115,2299.6500
1627504121851000,1,0.83824715,2299.6500
1627504156469000,1,0.45495213,2301.7800
1627504156951000,1,0.54126811,2301.7800
1627504162884000,1,0.51370000,2300.9800
1627504163533000,1,0.57215109,2300.9800
1627504163533000,1,0.15105954,2300.2500
1627504165981000,1,1.08585109,2300.9800
1627504165981000,1,2.02021128,2300.2500
1627504166409000,1,1.08585109,2300.9800
1627504180035000,1,1.08619637,2300.2200
1627504201452000,1,1.08658910,2299.5000
1627504203896000,1,0.48144214,2299.5000
1627504206429000,1,0.19268621,2298.6900
1627504210032000,1,0.89424891,2298.6900
1627504230551000,1,1.08794847,2296.7500
1627504232995000,1,1.08794847,2296.7500
1627504233931000,1,1.08794847,2296.7500
1627504240085000,1,1.08794847,2296.7500
1627504242464000,1,1.08794847,2296.7500
1627504245758000,1,0.29009672,2296.7500
1627504245857000,1,0.81380283,2296.7500
1627504251079000,1,1.08850426,2295.1000
1627504259094000,1,1.08907976,2294.1300
1627504262711000,1,1.08959058,2293.1500
1627504266312000,1,0.51547130,2292.8400
1627504266312000,1,0.02521592,2292.8400
1627504268557000,1,0.42745860,2292.8400
1627504268557000,1,0.38228140,2292.8400
1627504268676000,1,0.01518675,2292.8400
1627504313522000,1,1.08908197,2294.3100
1627504316034000,1,1.08908197,2294.3100
1627504331626000,1,1.08934094,2293.5400
1627504335135000,1,1.08934094,2293.5400
1627504344262000,1,0.09259698,2291.8900
1627504467617000,1,1.28821083,2292.8700
1627504467617000,1,1.83171624,2292.8700
1627504467699000,1,1.51477450,2292.8700
1627504467833000,1,0.00313497,2292.8700
1627504467833000,1,0.44387304,2292.8700
1627504551617000,1,0.25223600,2290.9300
1627504551678000,1,0.91132141,2290.9300
1627504551678000,1,0.17148253,2290.9300
1627504551712000,1,0.34422711,2290.9300
1627504551712000,1,0.90825354,2290.9300
1627504610061000,1,0.51550865,2292.5500
1627504610061000,1,1.28890061,2292.5500
1627504610116000,0,1.09109412,2292.5300
1627504610588000,1,2.26032532,2292.5500
1627504664804000,0,0.60000000,2294.1600
1627504665079000,0,0.66311295,2294.1600
1627504666249000,0,5.13688705,2294.1600
1627504720946000,1,0.71117845,2296.6600
1627504727661000,1,0.60000000,2296.6600
1627504734346000,1,1.08936544,2293.7500
1627504734346000,1,1.23512059,2293.4600
1627504735005000,1,1.08936544,2293.7500
1627504735005000,1,0.94278538,2293.4600
1627504745392000,1,1.05791397,2292.8500
1627504747945000,1,0.03198584,2292.8500
1627504754333000,1,0.80533008,2293.7300
1627504756385000,1,0.28418754,2293.7300
1627504758828000,1,0.52269807,2293.7300
1627504776415000,1,1.08893022,2294.9200
1627504782536000,1,1.08893022,2294.9200
1627504823898000,1,1.08872935,2296.0000
1627504835515000,1,1.08920040,2294.5300
1627504851409000,1,0.40363061,2294.5300
1627504851963000,1,0.68556979,2294.5300
1627504863457000,1,1.03918433,2294.5300
1627504919060000,1,1.08906490,2294.5300
1627504919621000,1,1.08906490,2294.5300
1627504922131000,1,0.06970049,2294.5300
1627504924491000,1,0.12241368,2294.5300
1627504926733000,1,0.74608734,2294.5300
1627504927729000,1,0.15086339,2294.5300
1627504940055000,1,1.08972135,2293.1100
1627504946026000,1,1.08972135,2293.1100
1627504948485000,1,1.08972135,2293.1100
1627504948942000,1,0.26527163,2293.1100
1627504949969000,1,0.22883516,2293.1100
1627504952962000,1,0.07012822,2293.1100
1627504953533000,1,0.08807982,2293.1100
1627505027553000,1,1.08872173,2295.0500
1627505027974000,1,0.10833509,2295.0500
1627505050757000,1,1.08909822,2294.2800
1627505054039000,1,0.42441807,2294.2800
1627505077652000,1,1.08948775,2293.5700
1627505109769000,1,1.08981237,2292.7800
1627505115225000,1,1.08981237,2292.7800
1627505117639000,1,1.08981237,2292.7800
1627505136158000,1,0.29912209,2295.2800
1627505185190000,1,0.10680550,2297.5600
1627505187667000,1,0.61568958,2297.5600
1627505202656000,1,0.13260634,2299.0800
1627505205305000,1,0.08015773,2299.0800
1627505208776000,1,0.87401063,2299.0800
1627505211163000,1,0.06433468,2299.0800
1627505215207000,0,0.60000000,2303.2600
1627505217893000,0,0.51473890,2303.3200
1627505222290000,1,0.35174183,2302.9500
1627505249824000,1,0.08640925,2300.4400
1627505252573000,1,0.95103939,2300.4400
1627505253501000,1,0.04847487,2300.4400
1627505254296000,1,1.08592351,2300.4400
1627505258341000,1,0.55953872,2300.4400
1627505261241000,1,0.20828340,2299.6400
1627505261764000,1,0.87829513,2299.6400
1627505262393000,1,0.49954538,2299.6400
1627505266311000,1,0.58703315,2299.6400
1627505274371000,1,1.08692909,2298.8200
1627505347492000,1,0.60000000,2298.7900
1627505347713000,1,0.22300000,2298.7900
1627505347765000,1,0.34040271,2298.7900
1627505354360000,1,1.08779204,2296.6000
1627505356879000,1,1.08779204,2296.6000
1627505376409000,1,0.51844131,2295.7900
1627505382484000,1,0.02691602,2298.9100
1627505479360000,1,0.64156024,2299.5800
1627505482428000,1,0.28479791,2298.7900
1627505492564000,1,0.24148257,2299.5500
1627505497943000,1,0.10406422,2300.3100
1627505500870000,1,0.29750994,2300.3100
1627505516504000,1,1.08680258,2299.6000
1627505516937000,1,1.08680258,2299.6000
1627505517375000,1,0.75031569,2299.3400
1627505519869000,1,0.02636908,2299.6000
1627505522020000,1,0.75192997,2299.6000
1627505527681000,1,1.08709485,2298.8700
1627505530456000,1,1.08709485,2298.8700
1627505543522000,1,1.08773558,2297.3800
1627505620402000,0,0.12582799,2303.4000
1627505620919000,0,0.12582799,2303.8800
1627505705050000,0,1.28764474,2303.9300
1627505705050000,0,0.51506648,2303.9300
1627505705848000,0,0.51506648,2304.6300
1627505707490000,0,0.51506648,2306.0900
1627505707490000,0,0.08493352,2306.0900
1627505707908000,0,1.20271122,2306.0900
1627505832683000,1,0.51500000,2299.6300
1627505832936000,1,0.00003690,2299.6300
1627505887187000,1,0.28432137,2298.5800
1627505900729000,1,0.58519019,2299.4500
1627505936843000,1,0.50148338,2299.4500
1627505958207000,1,0.66151179,2299.4500
1627505966244000,1,0.42516178,2299.4500
1627505966863000,1,0.65671343,2299.0500
1627505972807000,1,1.08710412,2298.7100
1627505974249000,1,0.08500000,2298.7200
1627505974448000,1,0.91415697,2298.7200
1627505974751000,1,0.28823482,2298.7200
1627505974751000,1,0.51490521,2298.7200
1627505999674000,1,0.20951551,2296.8200
1627505999674000,1,1.08088299,2296.8200
1627505999754000,1,2.26661290,2296.8200
1627505999754000,1,0.35833434,2296.8200
1627505999793000,1,0.92905745,2296.8200
1627506010888000,1,0.31562258,2295.3400
1627506023344000,1,1.02815086,2294.4500
1627506025901000,1,0.06071949,2294.4500
1627506042828000,1,1.08929311,2293.5700
1627506043758000,1,1.08929311,2293.5700
1627506045002000,1,1.08929311,2293.5700
1627506087872000,1,1.09016857,2291.7400
1627506088835000,1,1.09016857,2291.7400
1627506096917000,1,1.09016857,2291.7400
1627506102376000,1,1.09016857,2291.7400
1627506102822000,1,1.09016857,2291.7400
1627506105445000,1,1.09016857,2291.7400
1627506163906000,1,1.09112503,2290.1100
1627506167388000,1,1.09112503,2290.1100
1627506169992000,1,1.09112503,2290.1100
1627506173967000,1,1.09112503,2290.1100
1627506201330000,1,1.09106306,2290.0500
1627506201998000,1,1.09106306,2290.0500
1627506214023000,1,1.09139010,2289.2200
1627506263463000,1,0.29231186,2290.2800
1627506265361000,1,0.35192219,2290.2800
1627506279689000,1,1.09062573,2290.8200
1627506299376000,1,1.09006772,2291.8100
1627506337401000,1,0.22480152,2291.9200
1627506362953000,1,1.08949726,2293.3900
1627506368965000,1,0.56064778,2293.3900
1627506382632000,1,1.09015032,2291.9400
1627506388082000,1,1.09015032,2291.9400
1627506390570000,1,1.09015032,2291.9400
1627506392959000,1,0.95435076,2291.9400
1627506463098000,1,1.08846818,2295.4900
1627506477017000,1,1.08846818,2295.4900
1627506517087000,1,0.30073124,2295.4500
1627506521635000,1,0.28861506,2295.4500
1627506554571000,0,0.60000000,2298.6300
1627506583047000,1,1.08815755,2296.1900
1627506603038000,1,1.08861703,2295.4700
1627506605658000,1,1.08861703,2295.4700
1627506606551000,1,1.08861703,2295.4700
1627506614617000,1,1.08893331,2294.6900
1627506615191000,1,1.08893331,2294.6900
1627506616629000,1,1.08893331,2294.6900
1627506624562000,1,0.19882606,2294.6900
1627506627135000,1,0.14133897,2294.6900
1627506673212000,1,0.60000000,2294.1200
1627506678904000,1,1.08953597,2293.4800
1627506699613000,1,1.09027304,2291.8300
1627506699829000,1,0.51507956,2293.4800
1627506705851000,1,1.09104894,2290.0600
1627506709223000,1,1.09104894,2290.0600
1627506716176000,1,1.09104894,2290.0600
1627506727211000,1,0.91242009,2290.0600
1627506730693000,1,0.01681800,2290.0700
1627506730693000,1,0.17862885,2290.0600
1627506777215000,1,0.14249313,2289.9900
1627506780723000,1,0.94876241,2289.9900
1627506781232000,1,1.09125554,2289.9900
1627506783839000,1,0.27807870,2289.9900
1627506785137000,1,0.14683932,2289.9900
1627506911905000,1,1.52546448,2292.3700
1627506911996000,1,0.26870681,2292.3700
1627506929382000,1,1.09118876,2289.7100
1627506932859000,1,1.09118876,2289.7100
1627506949846000,1,1.09118876,2289.7100
1627506979443000,1,1.09166908,2288.9700
1627507041829000,1,0.54262311,2291.7600
1627507044349000,1,0.03572679,2291.7600
1627507105110000,1,0.10000000,2294.5000
1627507105110000,1,0.51497932,2294.5000
1627507105110000,1,1.28757710,2294.5000
1627507105110000,1,1.46808824,2294.5000
1627507106965000,1,1.09037634,2291.7800
1627507112930000,1,1.09037634,2291.7800
1627507113431000,1,0.83120956,2291.7800
1627507121556000,1,1.08976525,2292.8700
1627507142974000,1,1.08879409,2295.2000
1627507145544000,1,0.29713177,2295.2000
1627507152224000,1,0.71035590,2295.2000
1627507152975000,1,0.08130642,2295.2000
1627507171136000,1,1.08879409,2295.2000
1627507192999000,1,0.44460119,2295.4500
1627507195522000,1,0.64415422,2295.4500
1627507197987000,1,0.99113397,2295.4500
1627507200533000,1,0.09762144,2295.4500
1627507203492000,1,0.12170292,2295.4500
1627507209055000,1,0.96705249,2295.4500
1627507211817000,1,0.71679025,2294.7600
1627507215451000,1,0.37226946,2294.7600
1627507222703000,1,1.08905971,2294.7600
1627507222703000,1,0.48406082,2294.5300
1627507225106000,1,1.08905971,2294.7600
1627507230293000,1,0.34222227,2294.7600
1627507238037000,1,0.04813131,2294.7600
1627507240187000,1,0.48014153,2294.7600
1627507240187000,1,0.68222725,2294.7600
1627507240210000,1,1.52243519,2294.7600
1627507240356000,1,0.35118797,2294.7600
1627507240440000,1,0.79032543,2294.7600
1627507240440000,1,0.74106354,2294.7600
1627507259633000,1,1.09037838,2291.4500
1627507266645000,1,1.09037838,2291.4500
1627507270247000,1,1.09037838,2291.4500
1627507275635000,1,1.09037838,2291.4500
1627507279164000,1,1.09037838,2291.4500
1627507332167000,1,1.09077312,2290.7300
1627507370294000,1,0.41355704,2289.9500
1627507373919000,1,0.67776754,2289.9500
1627507373919000,1,0.66327682,2289.8500
1627507394888000,1,1.09038186,2291.9300
1627507398212000,1,1.09038186,2291.9300
1627507417688000,1,0.70767093,2291.9300
1627507429238000,1,0.38271093,2291.9300
1627507449739000,1,0.67376593,2291.9400
1627507452249000,1,0.19187627,2291.9400
1627507458279000,1,0.86572946,2291.9400
1627507472256000,1,0.07750801,2294.0500
1627507472754000,1,1.01175023,2294.0500
1627507473399000,1,1.08925824,2294.0500
1627507475815000,1,0.52657461,2294.0500
1627507529367000,1,1.09039942,2291.8800
1627507532860000,1,1.09039942,2291.8800
1627507532860000,1,0.55900565,2290.9200
1627507533763000,1,0.55900565,2291.8800
1627507536890000,1,0.64746353,2291.1700
1627507537350000,1,0.44324961,2291.1700
1627507537793000,1,0.54128378,2290.9200
1627507540353000,1,1.09071314,2291.1700
1627507546352000,1,0.46187744,2291.1700
1627507574085000,1,1.09138894,2289.6500
1627507574085000,1,2.18182574,2289.5300
1627507579371000,1,1.09138894,2289.6500
1627507579894000,1,1.09138894,2289.6500
1627507579894000,1,1.22558706,2289.5300
1627507585910000,1,0.51846335,2289.6500
1627507586416000,1,0.19546538,2289.6500
1627507763633000,1,1.08980175,2293.0000
1627507824137000,1,1.08980175,2293.0000
1627507900080000,1,0.19793762,2293.0000
1627507910129000,1,0.89186413,2293.0000
1627507925671000,1,1.09021272,2292.3000
1627507928217000,1,1.09021272,2292.3000
1627507928217000,1,0.09191701,2292.0600
1627507929146000,1,0.09191701,2292.3000
1627507944170000,1,0.82486518,2292.3000
1627507949654000,1,0.12459795,2292.3000
1627508007287000,1,0.04883258,2292.3000
1627508010708000,1,1.09021272,2292.3000
1627508011386000,1,1.09021272,2292.3000
1627508014864000,1,1.09021272,2292.3000
1627508081282000,1,0.78290869,2294.5800
1627508115608000,1,1.08790005,2296.6600
1627508124138000,1,0.28329519,2298.5500
1627508129402000,1,0.85674669,2299.4500
1627508139915000,1,0.91259028,2298.7000
1627508142348000,1,0.17456816,2298.7000
1627508144924000,1,1.08715844,2298.7000
1627508155380000,1,1.08715844,2298.7000
1627508158009000,1,1.08715844,2298.7000
1627508164338000,1,0.59246587,2298.7000
1627508166900000,1,0.49469257,2298.7000
1627508188904000,1,0.88730286,2296.3300
1627508249622000,1,0.83851860,2299.1400
1627508255187000,1,0.24834888,2299.1400
1627508258491000,1,0.37154680,2299.1400
1627508275431000,1,0.93050713,2300.8500
1627508284794000,1,0.04501065,2302.1400
1627508285649000,1,0.71679914,2302.1400
1627508286627000,1,0.05782000,2302.1400
1627508296158000,0,0.17805060,2303.4100
1627508296285000,0,0.33690947,2303.4100
1627508366117000,1,0.21136094,2302.1400
1627508367482000,1,0.05418975,2302.1400
1627508368461000,1,1.08518048,2302.1400
1627508377494000,1,0.68707815,2301.3300
1627508377987000,1,0.06295690,2301.3300
1627508385500000,1,0.33572730,2301.3300
1627508388041000,1,1.08576235,2301.3300
1627508397204000,1,0.48397837,2301.3300
1627508399743000,1,0.30664676,2301.3300
1627508400983000,1,0.29513722,2301.3300
1627508404146000,1,0.79260994,2301.3300
1627508404813000,1,0.29315241,2301.3300
1627508408143000,1,1.08576235,2301.3300
1627508410171000,1,0.51817465,2301.3300
1627508415773000,1,0.56758770,2301.3300
1627508420747000,1,1.08576235,2301.3300
1627508425267000,1,0.55188376,2301.3300
1627508426605000,1,0.41340452,2301.3300
1627508637902000,1,0.70568641,2297.3100
1627508645870000,1,0.38189955,2297.3100
1627508648397000,1,1.02006554,2297.3100
1627508666813000,1,1.08663121,2299.6000
1627508669271000,1,0.51501670,2299.6000
1627508678384000,1,0.57161451,2299.6000
1627508678859000,1,0.97183468,2299.6000
1627508707861000,1,0.11479653,2299.6000
1627508710945000,1,1.08713258,2298.8300
1627508710945000,1,2.17307710,2298.6700
1627508713431000,1,0.08032861,2298.8300
1627508715848000,1,1.00680397,2298.8300
1627508715848000,1,0.16100468,2298.6700
1627508744343000,1,0.09274280,2299.5700
1627508746998000,1,0.79242754,2299.5700
1627508750370000,1,0.10363897,2299.5700
1627508751899000,1,0.09796572,2299.5700
1627508814413000,1,0.67372819,2300.2300
1627508823942000,1,0.02638800,2300.2300
1627508824448000,1,0.28228200,2300.2300
1627508824929000,1,0.06091800,2300.2300
1627508825924000,1,0.02612200,2300.2300
1627508878450000,1,0.08720092,2299.4600
1627508881140000,1,0.99956423,2299.4600
1627508883744000,1,1.08676515,2299.4600
1627508888624000,1,1.08676515,2299.4600
1627508891068000,1,0.85987009,2299.4600
1627508901495000,1,0.22689506,2299.4600
1627508943685000,1,1.08654822,2300.1500
1627508973035000,0,0.51400000,2303.3200
1627508980271000,0,0.00075217,2303.3200
1627509007692000,0,0.51459423,2304.0900
1627509007807000,0,0.08600000,2304.3800
1627509009231000,0,0.51459423,2304.3800
1627509191167000,0,1.08425251,2304.9600
1627509193159000,0,0.20259855,2304.9600
1627509193159000,0,0.51474900,2304.9600
1627509193159000,0,0.36690496,2304.9600
1627509195166000,0,1.08425251,2304.9600
1627509776401000,1,0.51400000,2299.4900
1627509796254000,1,0.00094138,2299.4900
1627509796254000,1,0.08505862,2298.9900
1627509941082000,0,0.51468831,2303.9300
1627509941082000,0,0.56991608,2303.9300
1627509941112000,0,0.71678325,2303.9300
1627509944550000,0,0.51486732,2304.4500
1627509994013000,0,0.51486732,2305.9800
1627509994013000,0,0.08513268,2305.9800
1627509994392000,0,1.20201418,2305.9800
1627509994741000,0,0.18487864,2306.6500
1627509994765000,0,0.56562066,2306.6500
1627509994923000,0,0.34000000,2306.6500
1627509995043000,0,0.17472006,2306.6500
1627509996307000,0,0.13053000,2308.7600
1627510038738000,0,0.51472006,2308.7600
1627510038738000,0,1.28677870,2308.7600
1627510038738000,0,0.81865894,2308.7600
1627510038756000,0,0.29041015,2308.7600
1627510417638000,0,0.50000000,2307.5400
1627512565541000,1,0.51491944,2293.0700
1627512565541000,1,0.13693738,2293.0700
1627512565887000,1,0.25163803,2293.0700
1627512571014000,1,0.60000000,2293.0700
1627512571407000,1,0.29885197,2293.0700
1627512582595000,1,0.51491944,2290.7400
1627512582595000,1,0.77891692,2290.7400
1627512582599000,1,0.50851046,2290.7400
1627512582880000,1,0.65800000,2289.9200
1627512582885000,1,2.68958844,2289.9200
1627512587579000,1,0.51491944,2287.8800
1627512587579000,1,0.60133503,2287.8800
1627512587700000,1,0.68609235,2287.8800
1627512592088000,1,0.51491944,2286.2700
1627512592088000,1,1.28742738,2286.1000
1627512592088000,1,0.85384129,2286.1000
1627512592097000,1,0.80500797,2286.1000
1627512592201000,1,0.15839005,2286.1000
1627512592216000,1,0.45400013,2286.1000
1627512592234000,1,0.16123456,2286.1000
1627512592315000,1,0.30038000,2286.1000
1627512592399000,1,0.61473444,2286.1000
1627512602652000,1,0.51491944,2286.1000
1627512634966000,1,1.11019470,2285.9800
1627512738193000,1,0.50218555,2288.9100
1627512738414000,1,0.01280969,2288.9100
1627512738414000,1,0.42399031,2288.9100
1627512738632000,1,0.66919644,2288.9100
1627512738632000,1,0.43093906,2288.9100
1627512738676000,1,0.65994821,2288.9100
1627512738680000,1,0.28400000,2288.9100
1627512738741000,1,0.15000000,2288.9100
1627512738779000,1,0.05513000,2288.9100
1627512738826000,1,1.76806399,2288.9100
1627512791200000,1,0.51422275,2287.3300
1627512791200000,1,0.58360652,2287.3300
1627512791354000,1,0.70401038,2287.3300
1627512791354000,1,0.13760614,2287.3300
1627512915058000,1,3.34949920,2290.8100
1627512915058000,1,1.28721871,2290.8100
1627512915058000,1,0.17144038,2290.8100
1627513049296000,1,0.51506781,2291.8900
1627513049296000,1,0.51863429,2291.8900
1627513049395000,1,0.76916405,2291.8900
1627513049395000,1,2.14390092,2291.8900
1627513185675000,0,0.12800000,2293.6700
1627513201000000,1,0.09897317,2292.1000
1627513201000000,1,0.24743293,2292.1000
1627513201000000,1,0.48291324,2292.1000
1627513208469000,1,0.04624262,2289.5900
1627513208469000,1,0.11560655,2289.5900
1627513208469000,1,0.30057702,2289.5900
1627513213628000,1,2.14278349,2286.7300
1627513213628000,1,0.51532004,2286.7300
1627513213628000,1,0.79315690,2286.7300
1627513281733000,1,0.12800000,2284.4800
1627513292544000,1,1.28745561,2284.4800
1627513292544000,1,0.07068776,2284.4800
1627513458700000,1,0.51484895,2291.1200
1627513458700000,1,0.79223417,2291.1200
1627513477706000,1,0.51494869,2291.1200
1627513501359000,0,0.60000000,2292.6300
1627513523232000,1,0.51534461,2290.1600
1627513523232000,1,0.07524784,2290.1600
1627513523294000,0,0.50164605,2290.1400
1627513524410000,1,2.25770454,2290.1600
1627513678443000,0,0.00045100,2293.6700
1627513710370000,1,0.51528779,2293.8400
1627513710370000,1,1.28834838,2293.8400
1627513710370000,1,2.15402570,2293.8400
1627513711342000,1,0.06200000,2291.4700
1627513796742000,1,0.51504426,2293.7600
1627513796742000,1,0.72280391,2293.7600
1627513796748000,1,1.14560704,2293.7600
1627513796866000,1,0.42962716,2293.7600
1627513809020000,1,0.51514386,2293.7600
1627513809020000,1,0.57538474,2293.7600
1627513811305000,1,0.71260377,2293.7600
1627513836821000,1,0.51514386,2291.6000
1627513836821000,1,0.57639364,2291.6000
1627513837773000,1,0.71271872,2291.6000
1627513837773000,1,1.64313573,2291.6000
1627513869997000,1,0.51559334,2289.3900
1627513869997000,1,0.08440666,2289.3900
1627513870127000,1,0.34138715,2289.3900
1627513870127000,1,2.14449132,2289.3900
1627513958790000,1,0.17088146,2287.9100
1627513958790000,1,0.92243120,2287.9100
1627513959476000,1,0.16441992,2287.9100
1627513959476000,1,0.42720683,2287.9100
1627514349259000,0,0.60000000,2297.7900
1627514372985000,1,0.10236843,2301.8900
1627514375875000,0,0.51495523,2303.4200
1627514376393000,0,0.51492569,2303.8300
1627514376894000,0,0.51492569,2304.4300
1627514390950000,1,1.08504333,2302.7200
1627514410236000,0,0.51492569,2306.5500
1627514410236000,0,1.28729277,2306.5500
1627514410236000,0,3.34673118,2306.5500
1627514434533000,0,0.51496922,2308.8800
1627514434533000,0,0.56731305,2308.8800
1627514441023000,0,0.51496922,2308.8800
1627514542475000,1,0.51502452,2299.5800
1627514605576000,1,0.86804315,2296.6600
1627514605576000,1,0.21995060,2296.3100
1627514608069000,1,0.86804315,2296.3100
1627514608069000,1,0.44168770,2295.9100
1627514610758000,1,0.10842689,2295.4500
1627514613645000,1,0.80758000,2295.4800
1627514613645000,1,0.17235337,2295.4500
1627514620160000,1,0.80758000,2295.4500
1627514620160000,1,0.87764439,2295.0000
1627514622563000,1,0.87529296,2295.4600
1627514622563000,1,0.86245152,2295.4500
1627514623201000,1,0.22590874,2295.4500
1627514626050000,1,0.75450283,2295.4700
1627514631588000,1,0.69299125,2294.1100
1627514634136000,1,0.18822193,2294.1100
1627514634136000,1,1.04779646,2293.9200
1627514636662000,1,0.86375782,2293.9300
1627514636662000,1,0.04143129,2293.9200
1627514638656000,1,0.88102077,2293.9300
1627514638656000,1,0.02548114,2293.9200
1627514643094000,1,0.06170882,2293.9300
1627514643652000,1,0.73022885,2293.9300
1627514646202000,1,0.57844465,2293.0000
1627514660172000,1,1.08919500,2294.1400
1627514666175000,1,1.08919500,2294.1400
1627514678598000,1,0.27942685,2294.1400
1627514681401000,1,0.07486164,2294.1400
1627514681493000,1,0.02460616,2294.1400
1627514681524000,1,0.21080000,2294.1400
1627514687318000,1,1.09015147,2291.2400
1627514689050000,1,0.37948817,2291.2400
1627514689216000,1,0.07431760,2291.2400
1627514689407000,1,0.13436420,2291.2400
1627514689407000,1,0.26663579,2291.2400
1627514716331000,1,0.51461742,2285.7900
1627514716331000,1,0.08538258,2285.7900
1627514716995000,1,3.26024212,2285.7900
1627514716995000,1,0.58256587,2285.7900
1627514792193000,1,0.51497009,2286.0900
1627514792193000,1,1.28755401,2286.0900
1627514792193000,1,1.05894637,2286.0900
1627515030628000,0,0.51400000,2303.5200
1627515032126000,0,0.00069039,2303.5200
1627515032126000,0,0.08530961,2303.8100
1627515069569000,1,0.69778282,2301.0900
1627515072050000,1,0.38798021,2301.0900
1627515078546000,1,1.08556981,2301.7200
1627515106417000,0,0.51512931,2303.8000
1627515106417000,0,1.01480382,2303.8100
1627515141175000,1,1.08587808,2301.2100
1627515219797000,1,0.51501664,2296.0000
1627515220006000,1,0.51501664,2295.9900
1627515220139000,1,0.51501664,2295.9800
1627515234724000,1,1.08964558,2292.8400
1627515240291000,1,1.08964558,2292.8400
1627515245666000,1,0.20285998,2292.8400
1627515263714000,1,0.77058308,2292.6700
1627515271218000,1,1.08910459,2294.1800
1627515314246000,1,1.09003444,2292.2500
1627515329263000,1,1.06716515,2293.5800
1627515329754000,1,0.02217239,2293.5800
1627515332305000,1,1.03450069,2293.5800
1627515334232000,1,0.03907014,2293.5800
1627515336285000,1,0.01576671,2293.5800
1627515358284000,1,0.48200967,2293.5800
1627515365287000,1,0.60732787,2293.5800
1627515372273000,1,0.04533631,2293.5800
1627515374834000,1,1.04400123,2293.5800
1627515380309000,1,0.51538540,2292.2700
1627515380309000,1,0.08461460,2292.2700
1627515492291000,1,0.51473353,2292.0300
1627515492291000,1,1.28696252,2292.0300
1627515558024000,1,1.08987874,2292.6800
1627515566022000,1,1.08987874,2292.6800
1627515577912000,1,0.31407198,2292.6800
1627515577912000,1,1.28862580,2292.6800
1627515625089000,1,0.51539874,2290.1500
1627515625089000,1,0.12699171,2290.1500
1627515625089000,1,0.67627923,2290.1500
1627515625106000,1,0.61234657,2290.1500
1627515630839000,1,0.30911323,2288.5200
1627515630937000,1,0.20586056,2288.5200
1627515630937000,1,0.01320944,2288.5200
1627515630964000,1,0.29736525,2288.5200
1627515631143000,1,1.08719000,2288.5200
1627515631178000,1,1.55262205,2288.5200
1627515631181000,1,0.39755507,2288.5200
1627515631181000,1,0.89705088,2288.5200
1627515631202000,1,0.39051240,2288.5200
1627515812236000,1,1.08823442,2295.9300
1627515812781000,1,0.57329635,2295.9300
1627515815240000,1,0.41205939,2295.9300
1627515824752000,1,1.08810743,2296.6100
1627515860283000,1,1.08842697,2295.7900
1627515862810000,1,1.08842697,2295.7900
1627515884431000,1,1.08945128,2293.2400
1627515887866000,1,1.08945128,2293.2400
1627515890372000,1,1.08945128,2293.2400
1627515895813000,1,1.08924753,2294.0000
1627515898363000,1,1.08924753,2294.0000
1627515901807000,1,1.08924753,2294.0000
1627515946856000,1,1.08714836,2298.4600
1627515952880000,1,1.08674473,2299.2700
1627515953405000,1,0.51657643,2298.4900
1627515954416000,1,0.02596300,2298.4900
1627515960961000,1,0.54457885,2298.4900
1627515962422000,1,1.08711828,2298.4900
1627515964881000,1,0.42446741,2298.4900
1627515972890000,1,0.20565313,2298.4900
1627515986468000,1,0.66276496,2297.0800
1627515988954000,1,1.08853562,2295.2800
1627515991493000,1,1.08853562,2295.2800
1627516017931000,1,0.46913672,2299.0800
1627516027494000,1,0.31951921,2300.8100
1627516030037000,0,0.51533511,2303.4300
1627516054188000,0,0.51468678,2303.9900
1627516054188000,0,0.94777540,2304.4000
1627516057240000,0,0.51468678,2304.4000
1627516063891000,0,0.36247832,2306.2000
1627516071435000,0,0.09027881,2305.4400
1627516077504000,0,0.02260250,2304.5600
1627516149571000,1,1.08679711,2298.8600
1627516149571000,1,2.17344053,2297.8400
1627516154059000,1,0.32187756,2297.8300
1627516156597000,1,0.76531138,2297.8300
1627516156597000,1,0.43315219,2297.0700
1627516164548000,1,0.62788568,2298.6000
1627516167059000,1,0.45912040,2298.6000
1627516169565000,1,1.08700608,2298.6000
1627516170112000,1,0.05403246,2298.6000
1627516185108000,1,1.08707755,2298.5900
1627516187625000,1,1.08707755,2298.5900
1627516188579000,1,0.51547875,2298.5900
1627516210804000,0,0.13536164,2301.0000
1627516212119000,1,1.08673827,2299.3300
1627516214785000,1,0.27531659,2299.3300
1627516218163000,1,0.54615554,2298.5200
1627516218672000,1,0.02608805,2298.5200
1627516221149000,1,0.51483854,2298.5200
1627516227211000,1,0.39847779,2298.5100
1627516235194000,1,1.08747413,2298.4800
1627516236161000,1,0.34405059,2297.0700
1627516240691000,1,1.08810966,2296.7300
1627516240691000,1,2.17497053,2296.5200
1627516244178000,1,1.08810966,2296.7300
1627516244178000,1,0.88727237,2296.5200
1627516258660000,1,0.11790702,2297.4700
1627516261234000,1,0.96992085,2297.4700
1627516261234000,1,0.87436830,2297.4300
1627516297186000,1,1.08753688,2297.5400
1627516297186000,1,0.23068514,2297.2300
1627516305293000,1,1.08718156,2298.3500
1627516307783000,1,1.08718156,2298.3500
1627516314699000,1,1.08661004,2299.2200
1627516314699000,1,0.82862046,2298.4400
1627516317404000,1,0.51515669,2299.2200
1627516323758000,1,0.08282239,2299.2200
1627516327837000,1,0.46398526,2299.2200
1627516329325000,0,0.26463841,2301.0000
1627516342796000,1,1.08731503,2297.3800
1627516342796000,1,0.62765293,2297.2300
1627516342796000,1,0.88255142,2296.7500
1627516345214000,1,0.86285950,2296.5500
1627516345214000,1,1.08773027,2296.3800
1627516347831000,1,0.87859640,2296.3900
1627516347831000,1,1.08773027,2296.3800
1627516349375000,1,1.08773027,2296.3800
1627516349375000,1,0.20896080,2295.1300
1627516349375000,1,0.26189300,2295.1200
1627516352764000,1,1.08801787,2295.9100
1627516356248000,1,0.87527656,2295.0000
1627516356248000,1,1.08844191,2294.9200
1627516356248000,1,0.25636577,2294.1500
1627516359749000,1,1.08817030,2295.7500
1627516362300000,1,1.08817030,2295.7500
1627516362300000,1,0.86187970,2295.6800
1627516365896000,1,0.28896878,2295.7500
1627516369279000,1,0.79920152,2295.7500
1627516372792000,1,1.08817030,2295.7500
1627516372792000,1,0.88018260,2295.6600
1627516376219000,1,1.08817030,2295.7500
1627516376219000,1,0.86002020,2295.0000
1627516378794000,1,1.08763218,2297.2100
1627516378794000,1,0.71567912,2296.8200
1627516379257000,1,0.14202849,2296.8200
1627516402440000,1,1.08763932,2297.2200
1627516402440000,1,2.17480835,2296.5400
1627516402440000,1,0.54774031,2296.4900
1627516421319000,1,0.00150453,2297.3700
1627516423791000,1,1.08794580,2296.5800
1627516423791000,1,2.17480835,2296.5400
1627516423791000,1,0.86696392,2296.5200
1627516426386000,1,1.08794580,2296.5800
1627516426386000,1,0.87796633,2295.0000
1627516428780000,1,1.08835064,2295.7300
1627516428780000,1,0.86282472,2295.0200
1627516428780000,1,0.17603517,2295.0000
1627516428780000,1,2.17620109,2294.9700
1627516428780000,1,0.03831328,2294.1600
1627516435348000,1,1.08835064,2295.7300
1627516435348000,1,0.86671604,2295.1000
1627516436295000,1,2.17620109,2294.9700
1627516440786000,1,0.34340300,2295.7600
1627516443294000,1,0.74496723,2295.7600
1627516459773000,1,1.08846342,2295.6400
1627516459773000,1,0.39518524,2295.0000
1627516462325000,1,1.08812124,2296.3800
1627516463269000,1,0.34985287,2295.0000
1627516465822000,1,0.98515126,2296.3800
1627516489320000,1,0.89936487,2297.8800
1627516497401000,1,0.34387935,2297.0600
1627516519863000,1,1.08737795,2298.4100
1627516519863000,1,2.17426620,2297.8400
1627516520347000,1,1.08737795,2298.4100
1627516520347000,1,0.13202868,2297.1500
1627516522814000,1,0.13784825,2298.4100
1627516549403000,1,1.08732995,2298.3900
1627516551837000,1,1.08732995,2298.3900
1627516551837000,1,1.40436909,2297.8400
1627516554359000,1,1.08732995,2298.3900
1627516554838000,1,1.08732995,2298.3900
1627516555392000,1,0.76989711,2297.8400
1627516555392000,1,0.74418749,2297.1500
1627516557902000,1,0.05485892,2298.3900
1627516569378000,1,1.03247103,2298.3900
1627516571936000,1,1.08732995,2298.3900
1627516574403000,1,1.08732995,2298.3900
1627516574403000,1,1.50770846,2297.8400
1627516576867000,1,1.03024560,2298.3900
1627516579355000,1,0.05708435,2298.3900
1627516585361000,1,0.53078112,2298.3900
1627516587938000,1,1.08764544,2297.6400
1627516595885000,1,1.08796986,2296.7900
1627516595885000,1,2.10941693,2296.4600
1627516598377000,1,0.65255069,2296.7900
1627516599458000,1,0.19292848,2296.7900
1627516629423000,1,0.10458495,2298.2700
1627516631986000,1,0.98269386,2298.2700
1627516631986000,1,0.88206484,2297.1100
1627516632910000,1,0.88207241,2298.2700
1627516652480000,1,0.43626847,2296.7200
1627516654984000,1,0.65171380,2296.7200
1627516655972000,1,1.08798227,2296.7200
1627516670451000,1,0.56556664,2297.4200
1627516672934000,1,0.52217973,2297.4200
1627516672934000,1,0.45478627,2297.0900
1627516675476000,1,0.51583765,2297.4200
1627516682474000,1,0.87392923,2297.4400
1627516682988000,1,0.57190872,2297.4200
1627516682988000,1,0.87702489,2296.4000
1627516682988000,1,1.30806666,2296.3300
1627516685489000,1,1.01229028,2298.1200
1627516687928000,1,0.02191161,2298.1200
1627516690492000,1,0.05331615,2298.1200
1627516690492000,1,0.62503520,2297.4300
1627516692996000,1,0.36881094,2298.1200
1627516702478000,1,1.08802445,2296.6900
1627516702478000,1,0.88202904,2296.3800
1627516702478000,1,0.86736949,2296.3300
1627516705479000,1,1.03010267,2296.6900
1627516729978000,1,0.61022570,2297.3900
1627516737986000,1,0.13515700,2295.0600
1627516737986000,1,1.08874306,2295.0100
1627516737986000,1,0.13198521,2295.0000
1627516737986000,1,2.17698264,2294.8900
1627516737986000,1,3.15377722,2294.1700
1627516737986000,1,0.82169647,2294.1600
1627516740482000,1,0.85899033,2295.0200
1627516740482000,1,0.17111234,2295.0100
1627516746519000,1,1.08931347,2294.0800
1627516746519000,1,2.17837722,2293.3500
1627516746519000,1,0.48290218,2292.9400
1627516750035000,1,1.08931347,2294.0800
1627516750035000,1,0.87519128,2293.6700
1627516752503000,1,1.08880087,2295.3900
1627516752503000,1,0.88200164,2294.1000
1627516753616000,1,1.08880087,2295.3900
1627516755050000,1,0.73588351,2295.3900
1627516757552000,1,0.23177005,2296.8300
1627516786526000,1,0.34357972,2299.1200
1627516789022000,1,0.57966244,2299.1200
1627516800111000,1,0.07024403,2299.8800
1627516812037000,1,0.69258526,2299.8800
1627516816162000,1,0.05654095,2299.0400
1627516821649000,1,0.08492955,2298.2300
1627516821672000,1,0.34509854,2298.2300
1627516824173000,1,2.17641627,2294.3100
1627516829325000,1,1.08684145,2298.4500
1627516829325000,1,0.13010562,2297.6400
1627516835091000,1,1.08618652,2299.6600
1627516837681000,1,1.08618652,2299.6600
1627516839238000,1,1.08618652,2299.6600
1627516839238000,1,0.34319110,2298.4600
1627516844655000,1,1.08705586,2297.8900
1627516844655000,1,0.86234289,2297.2300
1627516844655000,1,2.17415045,2296.6200
1627516847382000,1,0.87685795,2298.8900
1627516852105000,1,1.08654114,2298.8500
1627516852105000,1,0.87114273,2298.5900
1627516852105000,1,0.69391369,2298.3600
1627516860130000,1,1.08658814,2298.8400
1627516862592000,1,1.08710434,2297.9800
1627516862592000,1,0.86685312,2297.0700
1627516866711000,1,1.08710434,2297.9800
1627516866711000,1,0.86611670,2297.1500
1627516869080000,1,1.08710434,2297.9800
1627516870104000,1,0.90394646,2297.9800
1627516872632000,1,0.41485040,2297.0500
1627516875282000,1,1.08710122,2297.9600
1627516875282000,1,0.86917913,2297.3400
1627516875282000,1,0.95844987,2296.6600
1627516877712000,1,1.08710122,2297.9600
1627516887147000,1,0.86428828,2298.7700
1627516891796000,1,1.08637616,2299.7300
1627516894101000,1,0.45630119,2299.7300
1627516901385000,1,1.08752058,2296.8900
1627516904697000,1,1.08697490,2298.0600
1627516904697000,1,0.87026156,2297.7000
1627516907113000,1,1.08648778,2299.3000
1627516907113000,1,0.31811854,2297.2900
1627516913678000,1,0.25000000,2299.7800
1627516914111000,1,0.25200000,2299.7800
1627516917195000,1,0.54955843,2299.7800
1627516918111000,1,0.03324416,2299.7800
1627516926192000,1,1.08775868,2297.0600
1627516926192000,1,2.17464166,2296.9600
1627516926192000,1,0.86884152,2295.0100
1627516926192000,1,0.17609943,2294.3100
1627516926192000,1,1.19731542,2293.9100
1627516930154000,1,1.95388362,2296.9600
1627516938297000,1,0.88395863,2295.1300
1627516938297000,1,2.07732490,2294.1500
1627516939142000,1,0.20916816,2294.1800
1627516939142000,1,0.46331795,2294.1700
1627516940220000,1,1.08818091,2296.1300
1627516940220000,1,2.17605241,2295.3600
1627516943812000,1,0.20916816,2294.1800
1627516943812000,1,1.08900770,2294.1000
1627516943812000,1,4.70355012,2293.9000
1627516943812000,1,0.95218217,2293.8400
1627516946179000,1,0.04575900,2293.8600
1627516946179000,1,0.86551259,2292.9500
1627516949818000,1,0.03732200,2292.9600
1627516949818000,1,1.09002347,2291.7200
1627516958908000,1,0.01281600,2289.1800
1627516958908000,1,1.09118212,2289.1700
1627516958908000,1,0.86915099,2288.2100
1627516958908000,1,2.18197616,2288.1200
1627516962272000,1,1.09136672,2289.1700
1627516967759000,1,0.20923728,2289.1800
1627516967759000,1,1.09136672,2289.1700
1627516971231000,1,1.09041883,2291.4400
1627516971231000,1,0.88147966,2290.2400
1627516971231000,1,2.18083765,2290.1800
1627516976715000,1,1.09041883,2291.4400
1627516980728000,1,1.09093661,2290.4900
1627516980728000,1,1.40478137,2290.1800
1627516988760000,1,1.09058282,2291.2300
1627516988760000,1,0.68194621,2290.1900
1627516992196000,1,1.09002146,2292.4100
1627516992196000,1,1.22509231,2290.1900
1627517001278000,1,1.09092815,2290.5000
1627517010256000,1,1.09092815,2290.5000
1627517015846000,1,1.09092815,2290.5000
1627517015846000,1,0.86673652,2290.2000
1627517015846000,1,2.18148668,2290.0400
1627517015846000,1,0.86608635,2289.6100
1627517021844000,1,0.36439321,2289.6900
1627517030771000,1,1.09083985,2290.6000
1627517031229000,1,1.09083985,2290.6000
1627517034743000,1,0.17652499,2289.6100
1627517069793000,1,1.09154701,2289.2100
1627517069793000,1,2.18259331,2288.5500
1627517095333000,1,1.09186314,2288.5100
1627517095333000,1,0.24800000,2287.4200
1627517098850000,1,1.09186314,2288.5100
1627517118340000,1,0.29177589,2287.7700
1627517142826000,1,1.09233247,2287.7500
1627517145332000,1,1.09233247,2287.7500
1627517148079000,1,0.51535789,2287.7500
1627517216060000,1,1.09147089,2288.7800
1627517226980000,1,1.09147089,2288.7800
1627517226980000,1,0.53549977,2288.1500
1627517230448000,1,1.09147089,2288.7800
1627517234455000,1,1.09147089,2288.7800
1627517237934000,1,1.09147089,2288.7800
1627517237934000,1,0.88235293,2288.2000
1627517241449000,1,1.09147089,2288.7800
1627517250457000,1,0.87231662,2288.1600
1627517252912000,1,0.88420003,2288.1700
1627517278482000,1,1.08966041,2292.6200
1627517281933000,1,0.06828068,2292.6200
1627517286392000,1,0.39191419,2292.6200
1627517294901000,1,0.98998194,2291.6900
1627517297456000,1,0.10036291,2291.6900
1627517297456000,1,1.46705273,2291.3600
1627517298015000,1,1.09034485,2291.6900
1627517298015000,1,0.87625152,2290.2100
1627517298015000,1,0.88406618,2290.1000
1627517318473000,1,1.08983566,2292.6200
1627517318473000,1,0.87620658,2291.5600
1627517318473000,1,0.40426899,2291.4300
1627517319045000,1,1.08983566,2292.6200
1627517319045000,1,1.77540232,2291.4300
1627517322482000,1,1.08958716,2293.0200
1627517322482000,1,0.17800000,2291.7200
1627517322482000,1,0.87140170,2291.7100
1627517322482000,1,0.66448574,2291.4300
1627517328430000,1,1.08935424,2293.4500
1627517328430000,1,0.06100000,2292.1200
1627517334466000,1,1.08887379,2294.4400
1627517334984000,1,0.13871784,2294.4400
1627517337497000,1,0.68547494,2294.4400
1627517337997000,1,0.26468101,2294.4400
1627517347963000,1,0.48910439,2294.4400
1627517350569000,1,0.44056513,2294.4400
1627517353966000,1,0.15920427,2294.4400
1627517354471000,1,0.78411598,2294.4400
1627517357001000,1,0.05333387,2294.4400
1627517359010000,1,0.25142394,2294.4400
1627517362500000,1,0.40161980,2294.4400
1627517363089000,1,0.23295836,2294.4400
1627517399540000,1,1.08828068,2296.0600
1627517399540000,1,0.88235934,2295.2100
1627517399540000,1,0.76803665,2294.8900
1627517402020000,1,0.43054633,2296.0600
1627517447037000,1,1.08750134,2297.6000
1627517447037000,1,0.19835870,2297.1600
1627517449538000,1,1.08750134,2297.6000
1627517449538000,1,0.28129797,2297.1600
1627517457623000,1,1.08780516,2296.9100
1627517457623000,1,2.17505120,2296.3700
1627517461553000,1,1.08814183,2296.1600
1627517461553000,1,0.87333010,2295.0000
1627517461553000,1,1.06620289,2294.9600
1627517464081000,1,1.11011039,2294.9600
1627517464081000,1,0.87158582,2293.7500
1627517465164000,1,0.78743972,2295.3200
1627517466202000,1,0.30103600,2295.3200
1627517466202000,1,2.17631328,2294.9600
1627517466202000,1,0.45805647,2293.6300
1627517466633000,1,1.08847572,2295.3200
1627517466633000,1,0.42485396,2293.6300
1627517466633000,1,0.81080527,2293.2200
1627517470104000,1,0.82250331,2293.6300
1627517470563000,1,0.02718771,2294.5200
1627517471127000,1,0.14727003,2294.5200
1627517511592000,1,0.35224965,2297.0800
1627517514144000,1,0.86225739,2296.5300
1627517514144000,1,1.08799668,2296.2700
1627517514144000,1,0.88216459,2295.4900
1627517514144000,1,0.86838090,2295.0700
1627517517631000,1,0.73402077,2296.2700
1627517520171000,1,1.08766000,2297.0300
1627517520171000,1,0.80068327,2296.9100
1627517523634000,1,0.74656000,2297.0300
1627517543621000,1,1.08835000,2295.5300
1627517543621000,1,1.35052040,2295.0600
1627517546243000,1,1.08835000,2295.5300
1627517546243000,1,0.61315825,2295.0600
1627517546764000,1,1.08835000,2295.5300
1627517546764000,1,0.21234194,2295.0600
1627517546764000,1,0.87075457,2295.0000
1627517550322000,1,0.87805047,2295.5400
1627517554131000,1,1.08803637,2296.2600
1627517571155000,1,0.66190739,2296.2600
1627517573693000,1,0.42612898,2296.2600
1627517574171000,1,0.79785743,2296.2600
1627517576686000,1,0.29017894,2296.2600
1627517577186000,1,0.21232732,2296.2600
1627517579165000,1,0.63311455,2296.2600
1627517609732000,1,1.08717105,2298.4200
1627517615743000,1,1.08669855,2299.2800
1627517615743000,1,0.87076048,2298.9100
1627517619224000,1,1.08669855,2299.2800
1627517619224000,1,0.85830599,2298.4400
1627517619224000,1,2.17339709,2298.0800
1627517619224000,1,0.12348115,2297.5000
1627517619779000,1,1.08669855,2299.2800
1627517628743000,1,1.08685306,2299.2200
1627517628743000,1,0.86368044,2298.4400
1627517628743000,1,2.17339709,2298.0800
1627517628743000,1,6.88605854,2297.7900
1627517632204000,1,1.08615383,2300.5700
1627517635735000,1,1.08615383,2300.5700
1627517643205000,1,0.53412579,2300.5800
1627517644228000,1,0.83551504,2301.4100
1627517644830000,1,0.25022993,2301.4100
1627517644830000,1,0.34495687,2300.5800
1627517644830000,1,0.68691111,2299.9000
1627517646213000,1,0.85733215,2301.4100
1627517649053000,0,0.51400000,2303.3700
1627517650450000,0,0.00093188,2303.3700
1627517650450000,0,0.08506812,2304.2800
1627517651823000,0,0.51511969,2304.2700
1627517651823000,0,0.61982449,2304.4700
1627517654459000,0,0.51511969,2304.4700
1627517656937000,0,0.51511969,2305.6100
1627517656937000,0,0.46220000,2305.6100
1627517657055000,0,0.30678500,2305.6100
1627517657136000,0,0.51879275,2305.6100
1627517658986000,0,0.51511969,2306.3500
1627517662627000,0,0.51511969,2307.8800
1627517662627000,0,0.79346327,2307.8800
1627517752536000,0,0.43400000,2303.4900
1627517760842000,0,0.08148982,2303.4900
1627517761378000,0,0.51548982,2304.3200
1627517761691000,0,0.18958573,2304.5500
1627517761751000,0,0.58362750,2304.5500
1627517761808000,0,0.16069219,2304.5500
1627517761958000,0,0.35479763,2304.5500
1627517761975000,0,0.16069219,2304.5500
1627517762329000,0,0.28639248,2305.0600
1627517762357000,0,0.20616544,2305.0600
1627517762388000,0,0.02293190,2305.0600
1627517764560000,0,0.51548982,2305.9600
1627517864512000,0,0.51513850,2304.4200
1627517864512000,0,0.56928422,2304.4200
1627517957982000,1,0.84611447,2300.3800
1627517959014000,1,0.36195925,2299.5200
1627518012565000,1,0.83388722,2298.4800
1627518015135000,1,0.25335401,2298.4800
1627518023627000,1,0.17596686,2297.7900
1627518023627000,1,1.08792971,2297.0300
1627518046121000,1,1.08904159,2294.4700
1627518049723000,1,1.08904159,2294.4700
1627518049723000,1,2.17772106,2293.6900
1627518049723000,1,0.87011073,2293.6300
1627518053054000,1,1.08904159,2294.4700
1627518053054000,1,0.21451410,2293.6900
1627518053572000,1,0.21451410,2294.4700
1627518054079000,1,0.20310399,2294.4700
1627518055313000,1,0.66636001,2294.4700
1627518058576000,1,0.00506349,2294.4700
1627518058576000,1,0.61301108,2293.6900
1627518059115000,1,1.08904159,2294.4700
1627518065115000,1,1.08904159,2294.4700
1627518068612000,1,1.08904159,2294.4700
1627518075606000,1,1.08980185,2292.9000
1627518075606000,1,1.31064877,2292.1600
1627518079211000,1,1.09018973,2292.0200
1627518079211000,1,0.86586428,2291.5600
1627518079211000,1,0.87929529,2291.2200
1627518084645000,1,1.09018973,2292.0200
1627518084645000,1,0.88410615,2291.5800
1627518088134000,1,1.09018973,2292.0200
1627518088134000,1,0.86848374,2291.5800
1627518088134000,1,0.02919425,2290.7800
1627518091607000,1,1.08988951,2292.8600
1627518091607000,1,1.72867537,2292.3200
1627518092173000,1,1.08988951,2292.8600
1627518111639000,1,0.40079868,2294.8900
1627518112633000,1,0.51377655,2294.8900
1627518118205000,1,0.17429910,2294.8900
1627518120604000,1,0.52070115,2294.8900
1627518128635000,1,1.08916239,2294.1200
1627518128635000,1,0.59707780,2293.8600
1627518131133000,1,1.08916239,2294.1200
1627518131609000,1,0.14145291,2294.1200
1627518134112000,1,0.94770948,2294.1200
1627518134112000,1,0.57566161,2293.9000
1627518134725000,1,0.28897938,2293.9000
1627518138334000,1,0.88413105,2293.4900
1627518143611000,1,0.20530170,2293.4900
1627518149657000,1,1.08943275,2293.4900
1627518149657000,1,0.87220078,2293.0500
1627518153151000,1,1.08943275,2293.4900
1627518153151000,1,0.88092662,2293.0400
1627518156654000,1,1.08975715,2292.7200
1627518156654000,1,2.17881660,2292.3600
1627518160194000,1,1.08975715,2292.7200
1627518160194000,1,1.96774031,2292.3600
1627518163719000,1,1.08975715,2292.7200
1627518163719000,1,0.21107629,2292.3600
1627518163719000,1,0.88182174,2291.5600
1627518163719000,1,0.83077483,2290.7800
1627518163719000,1,2.21606623,2290.5200
1627518166154000,1,1.08975715,2292.7200
1627518166154000,1,2.17881660,2292.3600
1627518166154000,1,0.87869046,2291.5600
1627518166154000,1,0.75756867,2290.5300
1627518166678000,1,1.08975715,2292.7200
1627518166678000,1,0.08036991,2290.5400
1627518166678000,1,0.12030675,2290.5300
1627518166678000,1,2.00982532,2290.5200
1627518172675000,1,0.07563547,2292.7200
1627518175222000,1,0.22497398,2292.7200
1627518182234000,1,0.12370564,2293.9300
1627518183669000,1,0.33347005,2293.9300
1627518213208000,1,1.08901228,2294.3600
1627518213208000,1,0.85007534,2293.9200
1627518215682000,1,0.27432429,2294.3600
1627518224236000,1,0.22542801,2295.6400
1627518234259000,1,0.05445492,2294.0600
