timestamp ms,type,amount,price
1627516860130000,1,1.08658814,2298.8400
1627516862592000,1,1.08710434,2297.9800
1627516862592000,1,0.86685312,2297.0700
1627516866711000,1,1.08710434,2297.9800
1627516866711000,1,0.86611670,2297.1500
1627516869080000,1,1.08710434,2297.9800
1627516870104000,1,0.90394646,2297.9800
1627516872632000,1,0.41485040,2297.0500
1627516875282000,1,1.08710122,2297.9600
1627516875282000,1,0.86917913,2297.3400
1627516875282000,1,0.95844987,2296.6600
1627516877712000,1,1.08710122,2297.9600
1627516887147000,1,0.86428828,2298.7700
1627516891796000,1,1.08637616,2299.7300
1627516894101000,1,0.45630119,2299.7300
1627516901385000,1,1.08752058,2296.8900
1627516904697000,1,1.08697490,2298.0600
1627516904697000,1,0.87026156,2297.7000
1627516907113000,1,1.08648778,2299.3000
1627516907113000,1,0.31811854,2297.2900
1627516913678000,1,0.25000000,2299.7800
1627516914111000,1,0.25200000,2299.7800
1627516917195000,1,0.54955843,2299.7800
1627516918111000,1,0.03324416,2299.7800
1627516926192000,1,1.08775868,2297.0600
1627516926192000,1,2.17464166,2296.9600
1627516926192000,1,0.86884152,2295.0100
1627516926192000,1,0.17609943,2294.3100
1627516926192000,1,1.19731542,2293.9100
1627516930154000,1,1.95388362,2296.9600
1627516938297000,1,0.88395863,2295.1300
1627516938297000,1,2.07732490,2294.1500
1627516939142000,1,0.20916816,2294.1800
1627516939142000,1,0.46331795,2294.1700
1627516940220000,1,1.08818091,2296.1300
1627516940220000,1,2.17605241,2295.3600
1627516943812000,1,0.20916816,2294.1800
1627516943812000,1,1.08900770,2294.1000
1627516943812000,1,4.70355012,2293.9000
1627516943812000,1,0.95218217,2293.8400
1627516946179000,1,0.04575900,2293.8600
1627516946179000,1,0.86551259,2292.9500
1627516949818000,1,0.03732200,2292.9600
1627516949818000,1,1.09002347,2291.7200
1627516958908000,1,0.01281600,2289.1800
1627516958908000,1,1.09118212,2289.1700
1627516958908000,1,0.86915099,2288.2100
1627516958908000,1,2.18197616,2288.1200
1627516962272000,1,1.09136672,2289.1700
1627516967759000,1,0.20923728,2289.1800
1627516967759000,1,1.09136672,2289.1700
1627516971231000,1,1.09041883,2291.4400
1627516971231000,1,0.88147966,2290.2400
1627516971231000,1,2.18083765,2290.1800
1627516976715000,1,1.09041883,2291.4400
1627516980728000,1,1.09093661,2290.4900
1627516980728000,1,1.40478137,2290.1800
1627516988760000,1,1.09058282,2291.2300
1627516988760000,1,0.68194621,2290.1900
1627516992196000,1,1.09002146,2292.4100
1627516992196000,1,1.22509231,2290.1900
1627517001278000,1,1.09092815,2290.5000
1627517010256000,1,1.09092815,2290.5000
1627517015846000,1,1.09092815,2290.5000
1627517015846000,1,0.86673652,2290.2000
1627517015846000,1,2.18148668,2290.0400
1627517015846000,1,0.86608635,2289.6100
1627517021844000,1,0.36439321,2289.6900
1627517030771000,1,1.09083985,2290.6000
1627517031229000,1,1.09083985,2290.6000
1627517034743000,1,0.17652499,2289.6100
1627517069793000,1,1.09154701,2289.2100
1627517069793000,1,2.18259331,2288.5500
1627517095333000,1,1.09186314,2288.5100
1627517095333000,1,0.24800000,2287.4200
1627517098850000,1,1.09186314,2288.5100
1627517118340000,1,0.29177589,2287.7700
1627517142826000,1,1.09233247,2287.7500
1627517145332000,1,1.09233247,2287.7500
1627517148079000,1,0.51535789,2287.7500
1627517216060000,1,1.09147089,2288.7800
1627517226980000,1,1.09147089,2288.7800
1627517226980000,1,0.53549977,2288.1500
1627517230448000,1,1.09147089,2288.7800
1627517234455000,1,1.09147089,2288.7800
1627517237934000,1,1.09147089,2288.7800
1627517237934000,1,0.88235293,2288.2000
1627517241449000,1,1.09147089,2288.7800
1627517250457000,1,0.87231662,2288.1600
1627517252912000,1,0.88420003,2288.1700
1627517278482000,1,1.08966041,2292.6200
1627517281933000,1,0.06828068,2292.6200
1627517286392000,1,0.39191419,2292.6200
1627517294901000,1,0.98998194,2291.6900
1627517297456000,1,0.10036291,2291.6900
1627517297456000,1,1.46705273,2291.3600
1627517298015000,1,1.09034485,2291.6900
1627517298015000,1,0.87625152,2290.2100
1627517298015000,1,0.88406618,2290.1000
1627517318473000,1,1.08983566,2292.6200
1627517318473000,1,0.87620658,2291.5600
1627517318473000,1,0.40426899,2291.4300
1627517319045000,1,1.08983566,2292.6200
1627517319045000,1,1.77540232,2291.4300
1627517322482000,1,1.08958716,2293.0200
1627517322482000,1,0.17800000,2291.7200
1627517322482000,1,0.87140170,2291.7100
1627517322482000,1,0.66448574,2291.4300
1627517328430000,1,1.08935424,2293.4500
1627517328430000,1,0.06100000,2292.1200
1627517334466000,1,1.08887379,2294.4400
1627517334984000,1,0.13871784,2294.4400
1627517337497000,1,0.68547494,2294.4400
1627517337997000,1,0.26468101,2294.4400
1627517347963000,1,0.48910439,2294.4400
1627517350569000,1,0.44056513,2294.4400
1627517353966000,1,0.15920427,2294.4400
1627517354471000,1,0.78411598,2294.4400
1627517357001000,1,0.05333387,2294.4400
1627517359010000,1,0.25142394,2294.4400
1627517362500000,1,0.40161980,2294.4400
1627517363089000,1,0.23295836,2294.4400
1627517399540000,1,1.08828068,2296.0600
1627517399540000,1,0.88235934,2295.2100
1627517399540000,1,0.76803665,2294.8900
1627517402020000,1,0.43054633,2296.0600
1627517447037000,1,1.08750134,2297.6000
1627517447037000,1,0.19835870,2297.1600
1627517449538000,1,1.08750134,2297.6000
1627517449538000,1,0.28129797,2297.1600
1627517457623000,1,1.08780516,2296.9100
1627517457623000,1,2.17505120,2296.3700
1627517461553000,1,1.08814183,2296.1600
1627517461553000,1,0.87333010,2295.0000
1627517461553000,1,1.06620289,2294.9600
1627517464081000,1,1.11011039,2294.9600
1627517464081000,1,0.87158582,2293.7500
1627517465164000,1,0.78743972,2295.3200
1627517466202000,1,0.30103600,2295.3200
1627517466202000,1,2.17631328,2294.9600
1627517466202000,1,0.45805647,2293.6300
1627517466633000,1,1.08847572,2295.3200
1627517466633000,1,0.42485396,2293.6300
1627517466633000,1,0.81080527,2293.2200
1627517470104000,1,0.82250331,2293.6300
1627517470563000,1,0.02718771,2294.5200
1627517471127000,1,0.14727003,2294.5200
1627517511592000,1,0.35224965,2297.0800
1627517514144000,1,0.86225739,2296.5300
1627517514144000,1,1.08799668,2296.2700
1627517514144000,1,0.88216459,2295.4900
1627517514144000,1,0.86838090,2295.0700
1627517517631000,1,0.73402077,2296.2700
1627517520171000,1,1.08766000,2297.0300
1627517520171000,1,0.80068327,2296.9100
1627517523634000,1,0.74656000,2297.0300
1627517543621000,1,1.08835000,2295.5300
1627517543621000,1,1.35052040,2295.0600
1627517546243000,1,1.08835000,2295.5300
1627517546243000,1,0.61315825,2295.0600
1627517546764000,1,1.08835000,2295.5300
1627517546764000,1,0.21234194,2295.0600
1627517546764000,1,0.87075457,2295.0000
1627517550322000,1,0.87805047,2295.5400
1627517554131000,1,1.08803637,2296.2600
1627517571155000,1,0.66190739,2296.2600
1627517573693000,1,0.42612898,2296.2600
1627517574171000,1,0.79785743,2296.2600
1627517576686000,1,0.29017894,2296.2600
1627517577186000,1,0.21232732,2296.2600
1627517579165000,1,0.63311455,2296.2600
1627517609732000,1,1.08717105,2298.4200
1627517615743000,1,1.08669855,2299.2800
1627517615743000,1,0.87076048,2298.9100
1627517619224000,1,1.08669855,2299.2800
1627517619224000,1,0.85830599,2298.4400
1627517619224000,1,2.17339709,2298.0800
1627517619224000,1,0.12348115,2297.5000
1627517619779000,1,1.08669855,2299.2800
1627517628743000,1,1.08685306,2299.2200
1627517628743000,1,0.86368044,2298.4400
1627517628743000,1,2.17339709,2298.0800
1627517628743000,1,6.88605854,2297.7900
1627517632204000,1,1.08615383,2300.5700
1627517635735000,1,1.08615383,2300.5700
1627517643205000,1,0.53412579,2300.5800
1627517644228000,1,0.83551504,2301.4100
1627517644830000,1,0.25022993,2301.4100
1627517644830000,1,0.34495687,2300.5800
1627517644830000,1,0.68691111,2299.9000
1627517646213000,1,0.85733215,2301.4100
1627517649053000,0,0.51400000,2303.3700
1627517650450000,0,0.00093188,2303.3700
1627517650450000,0,0.08506812,2304.2800
1627517651823000,0,0.51511969,2304.2700
1627517651823000,0,0.61982449,2304.4700
1627517654459000,0,0.51511969,2304.4700
1627517656937000,0,0.51511969,2305.6100
1627517656937000,0,0.46220000,2305.6100
1627517657055000,0,0.30678500,2305.6100
1627517657136000,0,0.51879275,2305.6100
1627517658986000,0,0.51511969,2306.3500
1627517662627000,0,0.51511969,2307.8800
1627517662627000,0,0.79346327,2307.8800
1627517752536000,0,0.43400000,2303.4900
1627517760842000,0,0.08148982,2303.4900
1627517761378000,0,0.51548982,2304.3200
1627517761691000,0,0.18958573,2304.5500
1627517761751000,0,0.58362750,2304.5500
1627517761808000,0,0.16069219,2304.5500
1627517761958000,0,0.35479763,2304.5500
1627517761975000,0,0.16069219,2304.5500
1627517762329000,0,0.28639248,2305.0600
1627517762357000,0,0.20616544,2305.0600
1627517762388000,0,0.02293190,2305.0600
1627517764560000,0,0.51548982,2305.9600
1627517864512000,0,0.51513850,2304.4200
1627517864512000,0,0.56928422,2304.4200
1627517957982000,1,0.84611447,2300.3800
1627517959014000,1,0.36195925,2299.5200
1627518012565000,1,0.83388722,2298.4800
1627518015135000,1,0.25335401,2298.4800
1627518023627000,1,0.17596686,2297.7900
1627518023627000,1,1.08792971,2297.0300
1627518046121000,1,1.08904159,2294.4700
1627518049723000,1,1.08904159,2294.4700
1627518049723000,1,2.17772106,2293.6900
1627518049723000,1,0.87011073,2293.6300
1627518053054000,1,1.08904159,2294.4700
1627518053054000,1,0.21451410,2293.6900
1627518053572000,1,0.21451410,2294.4700
1627518054079000,1,0.20310399,2294.4700
1627518055313000,1,0.66636001,2294.4700
1627518058576000,1,0.00506349,2294.4700
1627518058576000,1,0.61301108,2293.6900
1627518059115000,1,1.08904159,2294.4700
1627518065115000,1,1.08904159,2294.4700
1627518068612000,1,1.08904159,2294.4700
1627518075606000,1,1.08980185,2292.9000
1627518075606000,1,1.31064877,2292.1600
1627518079211000,1,1.09018973,2292.0200
1627518079211000,1,0.86586428,2291.5600
1627518079211000,1,0.87929529,2291.2200
1627518084645000,1,1.09018973,2292.0200
1627518084645000,1,0.88410615,2291.5800
1627518088134000,1,1.09018973,2292.0200
1627518088134000,1,0.86848374,2291.5800
1627518088134000,1,0.02919425,2290.7800
1627518091607000,1,1.08988951,2292.8600
1627518091607000,1,1.72867537,2292.3200
1627518092173000,1,1.08988951,2292.8600
1627518111639000,1,0.40079868,2294.8900
1627518112633000,1,0.51377655,2294.8900
1627518118205000,1,0.17429910,2294.8900
1627518120604000,1,0.52070115,2294.8900
1627518128635000,1,1.08916239,2294.1200
1627518128635000,1,0.59707780,2293.8600
1627518131133000,1,1.08916239,2294.1200
1627518131609000,1,0.14145291,2294.1200
1627518134112000,1,0.94770948,2294.1200
1627518134112000,1,0.57566161,2293.9000
1627518134725000,1,0.28897938,2293.9000
1627518138334000,1,0.88413105,2293.4900
1627518143611000,1,0.20530170,2293.4900
1627518149657000,1,1.08943275,2293.4900
1627518149657000,1,0.87220078,2293.0500
1627518153151000,1,1.08943275,2293.4900
1627518153151000,1,0.88092662,2293.0400
1627518156654000,1,1.08975715,2292.7200
1627518156654000,1,2.17881660,2292.3600
1627518160194000,1,1.08975715,2292.7200
1627518160194000,1,1.96774031,2292.3600
1627518163719000,1,1.08975715,2292.7200
1627518163719000,1,0.21107629,2292.3600
1627518163719000,1,0.88182174,2291.5600
1627518163719000,1,0.83077483,2290.7800
1627518163719000,1,2.21606623,2290.5200
1627518166154000,1,1.08975715,2292.7200
1627518166154000,1,2.17881660,2292.3600
1627518166154000,1,0.87869046,2291.5600
1627518166154000,1,0.75756867,2290.5300
1627518166678000,1,1.08975715,2292.7200
1627518166678000,1,0.08036991,2290.5400
1627518166678000,1,0.12030675,2290.5300
1627518166678000,1,2.00982532,2290.5200
1627518172675000,1,0.07563547,2292.7200
1627518175222000,1,0.22497398,2292.7200
1627518182234000,1,0.12370564,2293.9300
1627518183669000,1,0.33347005,2293.9300
1627518213208000,1,1.08901228,2294.3600
1627518213208000,1,0.85007534,2293.9200
1627518215682000,1,0.27432429,2294.3600
1627518224236000,1,0.22542801,2295.6400
1627518234259000,1,0.05445492,2294.0600
1627518236834000,1,0.87394385,2292.9400
1627518236834000,1,2.08791821,2292.3700
1627518240264000,1,0.87702390,2293.2100
1627518240264000,1,1.08935280,2293.2000
1627518240264000,1,0.09044783,2292.3700
1627518240264000,1,0.87721670,2292.2500
1627518243785000,1,0.88190788,2293.2100
1627518243785000,1,1.08935280,2293.2000
1627518243785000,1,2.17836604,2292.3700
1627518247237000,1,0.86429066,2293.2100
1627518247237000,1,0.43272571,2293.2000
1627518247800000,1,0.54565183,2293.2000
1627518251215000,1,0.86402901,2293.2100
1627518251215000,1,0.11097526,2293.2000
1627518257336000,1,0.87981475,2291.5600
1627518257336000,1,0.87972753,2291.2200
1627518257336000,1,2.17986594,2290.9000
1627518260782000,1,1.09038061,2290.7600
1627518260782000,1,0.88446659,2290.4200
1627518260782000,1,0.86303546,2289.5000
1627518260782000,1,2.18080619,2289.4400
1627518264294000,1,1.09038061,2290.7600
1627518264294000,1,0.86634624,2289.5000
1627518267920000,1,1.09038061,2290.7600
1627518267920000,1,0.87077620,2289.5000
1627518267920000,1,0.99137191,2289.4400
1627518271274000,1,1.09024145,2292.1300
1627518271274000,1,0.87141004,2290.7700
1627518271274000,1,0.86398896,2289.5000
1627518271274000,1,0.71297620,2289.2400
1627518274739000,1,1.09024145,2292.1300
1627518274739000,1,0.88253773,2291.8000
1627518274739000,1,2.18036701,2291.0700
1627518274739000,1,0.87930883,2290.1900
1627518274739000,1,0.87616719,2289.5000
1627518274739000,1,3.73385671,2289.2400
1627518275289000,1,1.09024145,2292.1300
1627518275289000,1,1.99920879,2289.3200
1627518275289000,1,1.23137898,2289.2400
1627518280782000,1,0.22378088,2292.1300
1627518295823000,1,0.86646057,2292.1300
1627518296291000,1,0.08286080,2292.1300
1627518298850000,1,0.35208772,2292.1300
1627518304874000,1,0.17086361,2292.1300
1627518307358000,1,0.15271884,2292.1300
1627518307770000,1,0.33171048,2292.1300
1627518313862000,1,1.09024145,2292.1300
1627518320292000,1,1.09024145,2292.1300
1627518335799000,1,0.47477006,2292.1300
1627518338388000,1,0.19924104,2292.1300
1627518346359000,1,0.31499039,2291.3200
1627518349807000,1,0.14087697,2291.3200
1627518356846000,1,0.47082363,2291.3200
1627518360393000,1,0.16389123,2291.3200
1627518360393000,1,2.18036701,2291.0700
1627518360393000,1,0.86425358,2290.3000
1627518366012000,1,1.09085947,2290.6200
1627518366012000,1,2.18153346,2289.6700
1627518366012000,1,0.87840077,2289.5000
1627518371363000,1,1.09085947,2290.6200
1627518371363000,1,0.87649819,2290.2500
1627518371363000,1,0.88129079,2290.0500
1627518371363000,1,2.15123857,2289.6700
1627518371862000,1,1.09085947,2290.6200
1627518371862000,1,0.03029489,2289.6700
1627518375415000,1,1.09039023,2291.5700
1627518378830000,1,1.02990156,2291.5700
1627518384368000,1,0.86752370,2291.5800
1627518387853000,1,1.08985688,2292.4200
1627518387853000,1,0.70571660,2291.5600
1627518388332000,1,0.15799570,2291.5600
1627518388809000,1,0.26111695,2291.5700
1627518389407000,1,0.09549981,2293.3000
1627518422362000,1,0.99399869,2293.3000
1627518428425000,1,1.08949850,2293.3000
1627518434477000,1,1.08949850,2293.3000
1627518436879000,1,0.35144480,2293.3000
1627518439469000,1,0.59931282,2293.3000
1627518458417000,1,1.09045928,2291.0100
1627518458417000,1,0.86628984,2290.1900
1627518458417000,1,0.80369838,2289.9200
1627518461946000,1,1.09045928,2291.0100
1627518467527000,1,1.09096733,2290.2000
1627518467527000,1,0.90354571,2289.9200
1627518471005000,1,0.21455104,2290.2000
1627518476620000,1,1.09103086,2290.2400
1627518476620000,1,0.87318468,2289.5500
1627518476620000,1,2.18255276,2288.3900
1627518476620000,1,0.88573811,2288.1200
1627518480030000,1,1.09103086,2290.2400
1627518480030000,1,2.18255276,2288.3900
1627518480030000,1,0.86074289,2288.1200
1627518485494000,1,1.09103086,2290.2400
1627518485494000,1,2.18255276,2288.3900
1627518485494000,1,0.87410021,2288.1200
1627518488980000,1,1.09103086,2290.2400
1627518488980000,1,0.87266056,2289.5500
1627518488980000,1,2.18255276,2288.3900
1627518494468000,1,1.09103086,2290.2400
1627518494962000,1,1.09103086,2290.2400
1627518498956000,1,1.09103086,2290.2400
1627518503839000,1,0.20879568,2290.2400
1627518503839000,1,0.39120432,2290.2400
1627518504450000,1,0.12335513,2290.2400
1627518508005000,1,0.88218593,2289.5400
1627518508005000,1,1.09118244,2289.5300
1627518511476000,1,1.09091101,2290.3800
1627518511476000,1,0.86100377,2289.5000
1627518515051000,1,0.08300000,2290.4000
1627518515051000,1,0.86893498,2290.3900
1627518518998000,1,1.09026356,2291.4100
1627518519481000,1,1.09026356,2291.4100
1627518519481000,1,0.86723516,2290.1900
1627518519481000,1,1.32098912,2290.1000
1627518521951000,1,0.93392330,2291.4100
1627518533457000,1,0.34413582,2290.6500
1627518535958000,1,0.74670476,2290.6500
1627518538485000,1,1.09117899,2289.8300
1627518540984000,1,1.09117899,2289.8300
1627518544492000,1,1.09117899,2289.8300
1627518550543000,1,1.09117899,2289.8300
1627518554035000,1,1.09117899,2289.8300
1627518559547000,1,1.09117899,2289.8300
1627518562973000,1,1.09117899,2289.8300
1627518563494000,1,0.19603102,2289.8300
1627518564021000,1,0.57881880,2289.8300
1627518591048000,1,1.09163468,2289.1600
1627518594535000,1,1.09110769,2290.4100
1627518598036000,1,1.09110769,2290.4100
1627518598036000,1,0.87771693,2290.2600
1627518598036000,1,0.34507465,2289.8500
1627518600496000,1,1.09110769,2290.4100
1627518601012000,1,0.41011296,2290.4100
1627518629325000,1,1.28751081,2290.5200
1627518629325000,1,0.23792997,2290.5200
1627518633070000,1,0.51495281,2289.7100
1627518633673000,1,0.51495281,2288.8800
1627518633673000,1,1.28751081,2288.8800
1627518634314000,1,0.51495281,2288.0200
1627518666601000,1,1.09059831,2291.1200
1627518670167000,1,1.09059831,2291.1200
1627518673734000,1,1.09062427,2290.9700
1627518676138000,1,1.09027279,2291.8400
1627518681585000,1,1.08955837,2293.3000
1627518682159000,1,1.08952615,2293.3600
1627518684574000,1,0.25400098,2293.3600
1627518685090000,1,0.78448901,2293.3600
1627518686110000,1,0.03528462,2293.3600
1627518708767000,1,1.52373002,2293.3600
1627518714139000,1,1.09037611,2291.7800
1627518714139000,1,2.17964908,2291.5800
1627518714139000,1,0.88576255,2290.2300
1627518716828000,1,1.09071029,2291.0200
1627518716828000,1,0.75705297,2290.3500
1627518720189000,1,1.09071029,2291.0200
1627518720189000,1,2.18115961,2290.1300
1627518723651000,1,1.09071029,2291.0200
1627518723651000,1,0.87841938,2290.2500
1627518723651000,1,0.02083361,2290.1300
1627518724178000,1,1.09071029,2291.0200
1627518727622000,1,0.71163460,2291.0200
1627518785449000,1,0.51491889,2291.0200
1627518785508000,1,0.11062825,2291.0200
1627518787816000,1,1.51201968,2291.0200
1627518787904000,1,1.52957320,2291.0200
1627518809261000,1,1.09093944,2290.4400
1627518818299000,1,1.09131368,2289.6400
1627518840779000,1,0.20000000,2289.6400
1627518840937000,1,0.31476631,2289.6400
1627518840937000,1,1.19903453,2289.6400
1627518840943000,1,0.08800997,2289.6400
1627518840943000,1,0.55607817,2289.6400
1627518841233000,1,0.63262563,2289.6400
1627518853774000,1,1.09187871,2288.6400
1627518856313000,1,1.09187871,2288.6400
1627518860317000,1,0.28328936,2288.6400
1627518910105000,1,2.15740232,2288.6400
1627518910995000,1,0.43282402,2287.0100
1627518911087000,1,0.04776274,2287.0100
1627518911121000,1,0.17199484,2287.0100
1627518911165000,1,0.63497651,2287.0100
1627518911165000,1,0.08617690,2287.0100
1627518911179000,1,0.42879483,2287.0100
1627518911179000,1,0.20860259,2287.0100
1627518911216000,1,1.54502680,2287.0100
1627518930880000,1,0.51497173,2286.1500
1627518930880000,1,1.28755811,2286.1500
1627518930880000,1,1.28080114,2286.1500
1627518930887000,1,2.06712724,2286.1500
1627519011726000,1,1.08728989,2288.9100
1627519011905000,1,1.53757011,2288.9100
1627519011949000,1,0.72573199,2288.9100
1627519011949000,1,0.37767695,2288.9100
1627519011984000,1,0.13770444,2288.9100
1627519011984000,1,0.07976325,2288.9100
1627519015791000,1,0.51538139,2287.2700
1627519015791000,1,1.02977057,2287.2700
1627519020539000,1,2.06425187,2287.2700
1627519022571000,1,0.25656955,2287.2700
1627519022571000,1,0.83743478,2287.2700
1627519022628000,1,0.45114763,2287.2700
1627519025094000,1,0.09763832,2285.2700
1627519025349000,1,0.24049312,2285.2700
1627519042658000,1,0.51477758,2286.0100
1627519042658000,1,0.40693879,2286.0100
1627519178984000,0,0.60000000,2290.8300
1627519207245000,1,0.51547397,2289.6800
1627519207245000,1,0.79925151,2289.6800
1627519217840000,1,1.21996545,2289.6800
1627519217885000,1,0.06884844,2289.6800
1627519217885000,1,0.25472662,2289.6800
1627519234540000,1,0.26054142,2289.6800
1627519234540000,1,0.40045859,2289.6800
1627519235718000,1,1.09289682,2289.6800
1627519235767000,1,0.43366000,2289.6800
1627519235792000,1,1.42283961,2289.6800
1627519309890000,1,0.51526804,2287.8100
1627519309890000,1,0.33869563,2287.8100
1627519309929000,1,0.54703398,2287.8100
1627519309939000,1,0.40112235,2287.8100
1627519309939000,1,0.37785404,2287.8100
1627519310796000,1,1.30353205,2287.8100
1627519312124000,1,0.88929110,2287.8100
1627519312173000,1,0.66153870,2287.8100
1627519312359000,1,0.09600000,2287.8100
1627519353537000,1,0.51518549,2286.3200
1627519353537000,1,0.13564739,2286.3200
1627519353537000,1,1.28809261,2286.3200
1627519354536000,1,0.51518549,2284.6900
1627519354536000,1,0.10534833,2284.6900
1627519413783000,1,1.28750237,2289.0400
1627519413783000,1,0.32235834,2289.0400
1627519413783000,1,3.34778343,2289.0400
1627519502671000,1,0.11489410,2288.2500
1627519502785000,1,0.40006775,2288.2500
1627519502785000,1,0.13393225,2288.2500
1627519502833000,1,1.15360116,2288.2500
1627519502833000,1,0.36481898,2288.2500
1627519502885000,1,1.46462503,2288.2500
1627519502895000,1,0.05379511,2288.2500
1627519502895000,1,0.65599670,2288.2500
1627519502910000,1,0.80862833,2288.2500
1627519616989000,1,0.29861377,2289.9000
1627519620152000,1,0.21649444,2289.9000
1627519620152000,1,0.43458990,2289.9000
1627519625276000,1,0.65114138,2289.9000
1627519737283000,1,0.51488969,2290.3900
1627519737283000,1,1.01941311,2290.3900
1627519737325000,1,0.09009370,2290.3900
1627519737325000,1,0.19190630,2290.3900
1627519737364000,1,1.97976078,2290.3900
1627519766547000,1,0.51486058,2287.9200
1627519766547000,1,0.58716964,2287.9200
1627519766795000,1,0.44500000,2287.9200
1627519766865000,1,0.25600350,2287.9200
1627519858277000,1,0.27754800,2287.5700
1627519858296000,1,0.37070000,2287.5700
1627519858392000,1,0.43800000,2287.5700
1627519859128000,1,1.08490423,2287.5700
1627519859128000,1,0.00355495,2287.5700
1627519904859000,1,0.07218323,2287.5700
1627519904865000,1,1.01712710,2287.5700
1627519927725000,1,1.08449811,2287.5700
1627519927733000,1,0.20378309,2287.5700
1627519927733000,1,0.51526092,2287.5700
1627519963126000,1,1.08267393,2286.8100
1627519963135000,1,0.20531548,2286.8100
1627519963135000,1,0.51514422,2286.8100
1627519963135000,1,0.38856035,2286.8100
1627519964621000,1,1.78262872,2286.8100
1627519978195000,1,0.27757045,2284.7000
1627519978370000,1,0.23757377,2284.7000
1627519978370000,1,0.01217936,2284.7000
1627520079961000,1,0.51508060,2287.8300
1627520079961000,1,0.58957861,2287.8300
1627520080321000,1,0.09899999,2287.8300
1627520080368000,1,0.34065539,2287.8300
1627520080368000,1,0.98530855,2287.8300
1627520080508000,1,0.34013756,2287.8300
1627520080926000,1,0.60000000,2287.8300
1627520087148000,1,0.51508060,2285.2800
1627520087148000,1,0.56680548,2285.2800
1627520087768000,1,0.41590062,2285.2800
1627520088459000,1,0.20058814,2283.5100
1627520088490000,1,0.19370814,2283.5100
1627520088492000,1,0.11305024,2283.5100
1627520088543000,1,0.00773408,2283.5100
1627520109341000,1,0.66153145,2282.8300
1627520109419000,1,0.64903171,2282.8300
1627520109423000,1,0.08936191,2282.8300
1627520109446000,1,0.80548676,2282.8300
1627520109446000,1,0.28079765,2282.8300
1627520109456000,1,0.20039065,2282.8300
1627520109456000,1,1.28783032,2282.8300
1627520172004000,1,0.28100000,2281.2200
1627520172112000,1,0.23386443,2281.2200
1627520172112000,1,0.10094748,2281.2200
1627520172229000,1,0.18400000,2281.2200
1627520199904000,1,1.08626550,2281.2200
1627520200150000,1,0.04800000,2281.2200
1627520226636000,1,0.15334708,2281.2200
1627520226952000,1,1.17758936,2280.3200
1627520226973000,1,0.92875394,2280.3200
1627520227105000,1,0.15334708,2280.3200
1627520227155000,1,0.18353000,2280.3200
1627520345264000,1,0.16150461,2281.4600
1627520345310000,1,0.22600000,2281.4600
1627520348083000,1,0.90003876,2281.4600
1627520348083000,1,0.21274349,2281.4600
1627520358526000,1,0.30245003,2281.4600
1627520366618000,1,0.51544116,2280.7000
1627520366992000,1,0.26818837,2279.9900
1627520367313000,1,0.36824668,2279.9900
1627520367317000,1,0.92048518,2279.9900
1627520367317000,1,0.18565124,2279.9900
1627520367444000,1,0.32801000,2279.9900
1627520367462000,1,0.00177992,2279.9900
1627520376911000,1,0.18723384,2279.4100
1627520377017000,1,0.25399965,2279.4100
1627520378801000,1,0.84749837,2279.4100
1627520378801000,1,0.17174422,2279.4100
1627520378899000,1,0.34369694,2279.4100
1627520379060000,1,1.30023999,2278.5200
1627520379103000,1,0.86985505,2278.5200
1627520395496000,1,0.51544116,2280.5900
1627520395496000,1,1.12764038,2280.5900
1627520398384000,1,0.26000000,2275.8300
1627520449593000,1,0.51518920,2282.0200
1627520449593000,1,1.28810187,2282.0200
1627520449593000,1,1.45830367,2282.0200
1627520742454000,0,0.09900000,2286.9500
1627520779627000,0,0.00036200,2286.9500
1627520903884000,0,0.50100000,2289.5500
1627520919044000,1,1.28769984,2288.0700
1627520919044000,1,0.51502841,2288.0700
1627520919044000,1,1.37637444,2288.0700
1627520991346000,1,0.12387025,2286.7800
1627520999994000,1,0.15000000,2286.7800
1627521001816000,1,0.24136241,2286.7800
1627521001816000,1,0.41048322,2286.7800
1627521001855000,1,0.15143421,2286.7800
1627521002875000,1,0.12000000,2285.2500
1627521030079000,1,0.51526562,2286.0300
1627521030079000,1,0.30801843,2286.0300
1627521030869000,1,0.33406677,2286.0300
1627521030869000,1,0.77233606,2286.0300
1627521031006000,1,0.60000000,2286.0300
1627521031046000,1,0.65885192,2286.0300
1627521031067000,1,0.78669679,2286.0300
1627521067792000,1,0.19108512,2283.4800
1627521069222000,1,0.32418050,2283.4800
1627521069222000,1,0.70626008,2283.4800
1627521069234000,1,0.89658396,2283.4800
1627521069283000,1,0.07002223,2283.4800
1627521069326000,1,0.88236033,2283.4800
1627521085456000,1,0.51546869,2281.1900
1627521085456000,1,1.28880070,2281.1900
1627521085456000,1,1.81130556,2281.1900
1627521135956000,1,0.66969084,2278.8400
1627521186114000,1,0.51506998,2281.6100
1627521186114000,1,0.57591089,2281.6100
1627521186588000,1,0.71189289,2281.6100
1627521186588000,1,0.53175247,2281.6100
1627521317769000,1,0.31701360,2281.1200
1627521317993000,1,0.79838247,2281.1200
1627521318645000,1,0.17390300,2281.1200
1627521318645000,1,0.00156407,2281.1200
1627521318815000,1,0.42985449,2281.1200
1627521318933000,1,0.08424945,2281.1200
1627521318933000,1,0.45258150,2281.1200
1627521360825000,1,1.28929907,2278.3900
1627521360825000,1,0.03431156,2278.3900
1627521360858000,1,1.31403734,2278.3900
1627521362754000,1,0.82236609,2278.3900
1627521362754000,1,0.27553832,2278.3900
1627521545396000,1,0.51512679,2278.7800
1627521545396000,1,1.28794582,2278.7800
1627521545396000,1,0.16912130,2278.7800
1627521696595000,1,0.51534752,2277.9000
1627521696595000,1,0.55312932,2277.9000
1627521699646000,1,0.73536841,2277.9000
1627521699646000,1,0.14172073,2277.9000
1627521738834000,1,0.39949193,2275.3300
1627521738834000,1,0.09155002,2275.3300
1627521738874000,1,0.57629280,2275.3300
1627521739022000,1,0.33097364,2275.3300
1627521739022000,1,0.17997773,2275.3300
1627521739054000,1,0.11871106,2275.3300
1627521739172000,1,0.22773825,2275.3300
1627521740457000,1,1.42701734,2275.3300
1627521740695000,1,0.55871189,2275.3300
1627521790096000,1,0.36725962,2272.4500
1627521790096000,1,0.14690385,2272.4500
1627521790096000,1,0.57262564,2272.4500
1627521790538000,1,0.38234339,2272.4500
1627521834040000,0,0.60000000,2275.1500
1627521881493000,1,0.04055785,2276.7400
1627521881493000,1,0.01622314,2276.7400
1627521881493000,1,0.10421901,2276.7400
1627521881537000,1,0.00123139,2276.7400
1627522125966000,1,0.59603410,2276.5700
1627522125966000,1,0.50266276,2276.5700
1627522128395000,1,0.01239783,2276.5700
1627522128395000,1,1.05230107,2276.5700
1627522128399000,1,0.23547924,2276.5700
1627522128498000,0,0.71935408,2276.5500
1627522147488000,1,0.51506059,2274.3100
1627522147488000,1,0.58256502,2274.3100
1627522148207000,1,0.43900000,2274.3100
1627522148215000,1,0.26621529,2274.3100
1627522148215000,1,2.17351536,2274.3100
1627522324485000,1,0.51506983,2276.6800
1627522324485000,1,1.28780341,2276.6800
1627522325044000,1,0.13762607,2276.6800
1627522507614000,1,0.51503277,2279.2500
1627522507614000,1,0.55627453,2279.2500
1627522507885000,1,0.73143621,2279.2500
1627522507885000,1,0.26004344,2279.2500
1627522508138000,1,0.29097320,2279.2500
1627522508187000,1,0.29097320,2279.2500
1627522508332000,1,0.26530133,2279.2500
1627522509293000,1,0.07400000,2276.6300
1627522598857000,1,1.08187519,2280.3500
1627522635524000,1,0.51516845,2280.3500
1627522635524000,1,0.26262152,2280.3500
1627522635544000,1,0.13606935,2280.3500
1627522635550000,1,0.19664215,2280.3500
1627522635683000,1,0.69271697,2280.3500
1627522636158000,1,1.09702003,2280.3500
1627522638163000,1,0.37794382,2280.3500
1627522771175000,0,0.60000000,2281.7400
1627522887768000,1,0.51498720,2280.9500
1627522887768000,1,0.59420557,2280.9500
1627523022534000,1,0.51507948,2281.5900
1627523022534000,1,0.60261017,2281.5900
1627523022620000,1,0.68529055,2281.5900
1627523022620000,1,0.41101316,2281.5900
1627523022756000,1,1.03779910,2281.5900
1627523084341000,1,0.51510875,2279.2800
1627523084341000,1,0.08489125,2279.2800
1627523084505000,1,1.08493737,2279.2800
1627523086160000,1,0.11889688,2279.2800
1627523086160000,1,0.53962749,2279.2800
1627523086244000,1,1.63280252,2279.2800
1627523203034000,0,0.60000000,2280.7700
1627523279150000,1,0.51502018,2285.6100
1627523279150000,1,0.08497982,2285.6100
1627523279772000,1,1.20269944,2285.6100
1627523279772000,1,1.41061495,2285.6100
1627523446458000,0,0.02400000,2286.3200
1627523516563000,0,0.00034600,2286.3200
1627523593785000,1,0.02400000,2286.4300
1627523593899000,1,0.22036028,2286.4300
1627523593899000,1,1.09892398,2286.4300
1627523593928000,1,0.02044263,2286.4300
1627523620281000,1,1.28840540,2285.6100
1627523620281000,1,0.38189668,2285.6100
1627523620281000,1,1.95882199,2285.6100
1627523953855000,1,0.51543054,2285.8800
1627523953855000,1,0.52889300,2285.8800
1627523953976000,1,0.75981230,2285.8800
1627523953976000,1,2.17445099,2285.8800
1627524171501000,0,0.60000000,2287.9300
1627524584157000,1,1.09219177,2290.3500
1627524848271000,1,0.51491406,2293.0500
1627524848271000,1,0.57585425,2293.0500
1627524849402000,1,0.71198472,2293.0500
1627524849402000,1,0.13227202,2293.0500
1627524957239000,1,0.51500000,2294.9700
1627524959364000,1,0.00019291,2294.9700
1627524961759000,1,0.51519291,2294.1800
1627524961759000,1,1.28811115,2294.1800
1627525018132000,1,1.28837642,2292.5300
1627525018132000,1,0.30716973,2292.5300
1627525181872000,1,0.08500000,2292.2600
1627525182408000,1,0.43016839,2292.2600
1627525182408000,1,0.66115457,2292.2600
1627525182479000,1,0.62689526,2292.2600
1627525182479000,1,0.07971824,2292.2400
1627525286860000,1,1.28855211,2292.2100
1627525286860000,1,0.51536927,2292.2100
1627525286860000,1,2.17079750,2292.2100
1627525790767000,0,0.60000000,2297.2700
1627531348573000,1,0.04500000,2274.5700
1627531349695000,1,0.00013800,2274.5700
1627535739154000,0,0.04500000,2287.6600
1627535740311000,0,0.14500000,2287.6600
1627535742072000,0,0.32881654,2287.6600
1627535742761000,0,0.25800000,2290.0400
1627537767870000,1,0.60000000,2297.3400
1627546109415000,1,1.08985339,2292.9200
1627547077962000,0,0.51820009,2292.6200
1627547077962000,0,1.09118738,2292.6300
1627547077962000,0,0.87599707,2292.9300
1627547077962000,0,1.76295225,2293.4400
1627551257440000,0,0.45075509,2316.2500
1627555194994000,1,0.27759019,2315.0200
1627568378564000,1,3.01602074,2306.5700
1627568378606000,1,0.08500000,2306.5700
1627568378793000,1,0.68142143,2306.5700
1627568378923000,1,0.12328852,2306.5700
1627568378989000,1,0.41745800,2306.5700
1627568379040000,1,0.50000000,2306.5700
1627569132818000,1,0.51107001,2322.9200
1627569132818000,1,1.27801886,2322.9200
1627569132818000,1,1.07540889,2322.9100
1627569132818000,1,0.57400686,2322.3300
1627569132921000,1,3.32285340,2322.3400
1627569132921000,1,0.11605695,2322.3300
1627569132928000,1,1.46010184,2322.3300
1627569132928000,1,0.85862304,2322.0900
1627569132928000,1,0.85385085,2320.7800
1627570429559000,0,0.24687071,2321.6200
1627571406372000,0,0.01799500,2331.6200
1627574542969000,0,0.51095471,2327.3500
1627574543220000,0,0.60000000,2328.5100
1627574544179000,0,0.67737584,2328.5100
1627574604941000,1,0.60000000,2322.8000
1627574607993000,1,0.67800213,2322.8000
1627575253075000,0,0.00855123,2327.1500
1627575313733000,0,0.50200000,2327.1500
1627581771673000,0,1.07528829,2326.4600
1627581771673000,0,1.06809473,2327.7100
1627583084850000,1,0.50200000,2321.4800
1627590274375000,1,0.19568410,2314.8700
1627599846631000,1,5.60000000,2362.7600
1627600247320000,0,0.92032355,2373.6000
1627600693668000,0,0.65391290,2379.5800
1627600707602000,0,0.49900000,2386.2000
1627600708524000,0,0.25120323,2394.4400
1627600715761000,1,0.49900000,2401.0300
1627600786042000,0,0.49794858,2394.6500
1627600786042000,0,1.24517344,2394.6500
1627600786042000,0,1.04511351,2394.6600
1627600786042000,0,2.09060180,2394.9000
1627600786042000,0,0.82259765,2397.7700
1627600786042000,0,3.12695726,2397.8300
1627600786042000,0,3.23511437,2397.8400
1627600786042000,0,0.83840421,2399.3200
1627600786042000,0,4.90000000,2400.1400
1627600786042000,0,4.34210472,2406.5200
1627600786042000,0,17.85599098,2415.7100
1627600786042000,0,14.73784922,2415.7200
1627600786042000,0,14.48680270,2427.9100
1627600786042000,0,13.46407705,2428.4900
1627600922020000,1,0.03729898,2387.9300
1627601159246000,0,0.60000000,2397.8000
1627601441632000,0,0.03804400,2397.1700
1627601441632000,0,0.49704078,2397.1800
1627601441632000,0,1.24253993,2397.4200
1627601441632000,0,0.84440421,2397.4300
1627601441632000,0,0.82914519,2397.6500
1627601441632000,0,2.08767571,2397.7100
1627601441632000,0,0.84299209,2398.8700
1627601441632000,0,3.22923188,2399.4100
1627601441632000,0,0.83586169,2399.4400
1627601441632000,0,0.84382629,2400.0200
1627601441632000,0,6.60000000,2400.5600
1627601441632000,0,3.13052029,2404.4800
1627601441632000,0,6.12000000,2404.4900
1627601441632000,0,19.50000000,2407.9100
1627601441632000,0,16.42000000,2414.2300
1627601441632000,0,19.41164779,2419.5900
1627601441632000,0,0.31346487,2430.6600
1627601467800000,0,0.04490600,2395.4000
1627601519398000,1,0.60000000,2393.4500
1627601634682000,0,0.03100000,2398.2900
1627601755156000,0,0.01500000,2397.8600
1627601829181000,1,0.04600000,2395.0000
1627602149974000,1,0.04990629,2387.0400
1627602157451000,1,0.50697793,2385.2400
1627602627277000,0,0.60000000,2377.4700
1627602627422000,0,0.09215646,2377.4700
1627602627472000,0,0.35991823,2377.4700
1627602630277000,0,0.03333006,2378.2700
1627602630296000,0,0.77423789,2378.2700
1627602630369000,0,0.09592568,2378.2700
