timestamp ms,type,amount,price
1622851324696000,0,2880.00000000,0.00002627
1622851350519000,0,228.95508900,0.00002629
1622851350519000,0,2880.00000000,0.00002629
1622851357270000,0,2880.00000000,0.00002629
1622851359093000,0,2880.00000000,0.00002629
1622851375185000,0,2880.00000000,0.00002628
1622851404243000,1,2880.00000000,0.00002626
1622851413567000,1,2880.00000000,0.00002626
1622851941388000,1,722.00000000,0.00002636
1622851948920000,1,2880.00000000,0.00002634
1622852025469000,0,106.42067336,0.00002636
1622852121183000,1,2880.00000000,0.00002638
1622852138176000,0,7169.00000000,0.00002638
1622852214160000,0,0.19348468,0.00002638
1622852215599000,0,2880.00000000,0.00002640
1622852408752000,0,2880.00000000,0.00002637
1622852523425000,1,234.03586776,0.00002636
1622852704613000,1,2873.00000000,0.00002632
1622852728304000,1,2415.00000000,0.00002632
1622852863036000,1,887.00000000,0.00002632
1622852908525000,1,314.30779300,0.00002628
1622852935920000,1,2880.00000000,0.00002627
1622852995916000,1,194.00000000,0.00002630
1622853004005000,1,0.15268700,0.00002630
1622853036335000,0,2382.23849900,0.00002630
1622853063463000,1,8755.00000000,0.00002626
1622853241835000,1,35.82935200,0.00002623
1622853527265000,1,2037.00000000,0.00002626
1622853528234000,1,0.65497000,0.00002626
1622853931252000,0,50.00000000,0.00002627
1622854008495000,1,990.00000000,0.00002630
1622854008498000,1,4070.66480567,0.00002630
1622854660988000,1,23.71781900,0.00002627
1622854676330000,1,2880.00000000,0.00002623
1622854685428000,1,2880.00000000,0.00002625
1622854864956000,0,479.04000000,0.00002628
1622855684307000,1,378.67684400,0.00002621
1622856343666000,0,12.84972200,0.00002623
1622856578027000,0,5073.10196150,0.00002622
1622856713489000,1,2880.00000000,0.00002625
1622856713489000,1,1176.00000000,0.00002625
1622857703692000,0,262.11830600,0.00002618
1622858124603000,0,2880.00000000,0.00002620
1622858246801000,0,2880.00000000,0.00002621
1622858246801000,0,6612.00000000,0.00002621
1622858246823000,0,9345.00117850,0.00002621
1622858332488000,0,2880.00000000,0.00002620
1622858661484000,1,2880.00000000,0.00002618
1622858676366000,1,2796.42449061,0.00002618
1622858676568000,1,252.86118836,0.00002618
1622858677770000,1,1198.70000000,0.00002618
1622858677807000,1,1120.00000000,0.00002618
1622858677955000,1,408.59475105,0.00002618
1622858677956000,1,2361.30000000,0.00002618
1622858678033000,1,934.80000000,0.00002618
1622858853641000,0,2880.00000000,0.00002620
1622858853641000,0,4024.70000000,0.00002620
1622858864802000,1,137.00000000,0.00002617
1622858864900000,1,15832.85090050,0.00002617
1622858904164000,0,2880.00000000,0.00002618
1622858911445000,0,2880.00000000,0.00002620
1622858994353000,0,758.00000000,0.00002624
1622858996392000,0,86.00000000,0.00002624
1622858999408000,0,979.00000000,0.00002624
1622859878495000,0,2880.00000000,0.00002627
1622860128891000,1,8.70856500,0.00002626
1622860168705000,0,2880.00000000,0.00002629
1622860182012000,0,2880.00000000,0.00002629
1622860187833000,1,37.80500000,0.00002626
1622860224765000,0,1227.00000000,0.00002632
1622860341333000,0,2880.00000000,0.00002635
1622860415496000,0,2880.00000000,0.00002633
1622860415496000,0,972.00000000,0.00002633
1622860683631000,0,2880.00000000,0.00002633
1622860701366000,0,2880.00000000,0.00002633
1622860740406000,0,2257.00000000,0.00002635
1622860855189000,0,2880.00000000,0.00002635
1622860863216000,0,2880.00000000,0.00002635
1622860867933000,0,2880.00000000,0.00002635
1622860872442000,0,2880.00000000,0.00002635
1622861418652000,1,2880.00000000,0.00002629
1622861509378000,1,2880.00000000,0.00002628
1622861532859000,1,2880.00000000,0.00002628
1622861532859000,1,5065.50515364,0.00002628
1622861571256000,1,2880.00000000,0.00002627
1622861705891000,0,14997.00000000,0.00002625
1622861774419000,1,2880.00000000,0.00002622
1622861796727000,1,2880.00000000,0.00002624
1622861885364000,0,718.60000000,0.00002623
1622861885882000,0,5803.00000000,0.00002623
1622862004410000,1,2880.00000000,0.00002623
1622862004542000,0,22120.00000000,0.00002623
1622862034674000,1,2856.75084561,0.00002622
1622862079028000,1,2880.00000000,0.00002620
1622862442186000,1,129.00000000,0.00002628
1622862442211000,1,0.95704700,0.00002628
1622862818398000,1,520.21010000,0.00002625
1622863623883000,1,2880.00000000,0.00002620
1622864644868000,1,2880.00000000,0.00002622
1622864717599000,1,2880.00000000,0.00002621
1622865125662000,1,385.00000000,0.00002619
1622865125674000,1,911.00000000,0.00002619
1622865125723000,1,1070.00000000,0.00002619
1622865174997000,1,2880.00000000,0.00002619
1622865671835000,1,1168.00000000,0.00002617
1622865734496000,1,5092.84584200,0.00002615
1622865734496000,1,10060.39750000,0.00002615
1622865734496000,1,5089.70018228,0.00002614
1622865734496000,1,10430.27647572,0.00002614
1622865794020000,1,2880.00000000,0.00002615
1622865843629000,1,1216.00000000,0.00002615
1622865965857000,1,1267.99368200,0.00002615
1622866980709000,0,1088.00000000,0.00002618
1622867587181000,1,1830.00000000,0.00002615
1622867926249000,1,2880.00000000,0.00002615
1622868090720000,0,11969.00000000,0.00002619
1622868399019000,1,8890.00000000,0.00002614
1622868438889000,1,3592.00000000,0.00002615
1622868615048000,1,2880.00000000,0.00002614
1622868615048000,1,250.00000000,0.00002614
1622868615356000,1,250.00000000,0.00002614
1622869087367000,0,1088.00000000,0.00002617
1622869321386000,0,2880.00000000,0.00002614
1622869322800000,0,2880.00000000,0.00002614
1622869325972000,0,2880.00000000,0.00002614
1622869326411000,0,1532.20000000,0.00002615
1622869327156000,0,2880.00000000,0.00002614
1622869330297000,0,2880.00000000,0.00002614
1622869463837000,0,2880.00000000,0.00002616
1622869865491000,0,2880.00000000,0.00002615
1622869946661000,0,2880.00000000,0.00002616
1622869953946000,0,2880.00000000,0.00002616
1622869955588000,0,2880.00000000,0.00002616
1622870135780000,0,1088.00000000,0.00002619
1622870146730000,0,2880.00000000,0.00002619
1622870148915000,0,2880.00000000,0.00002619
1622870231856000,1,254.94511700,0.00002618
1622870838191000,0,2880.00000000,0.00002622
1622870996318000,1,4140.00000000,0.00002622
1622871089856000,0,2880.00000000,0.00002623
1622871270370000,1,1000.00000000,0.00002618
1622871546503000,0,1088.00000000,0.00002618
1622871546814000,0,3270.00000000,0.00002620
1622871690202000,1,2880.00000000,0.00002617
1622871841332000,0,15560.00000000,0.00002620
1622872126103000,1,4332.00000000,0.00002615
1622872145402000,1,2880.00000000,0.00002615
1622872146756000,1,2880.00000000,0.00002615
1622873230628000,0,2880.00000000,0.00002618
1622873230628000,0,120.00000000,0.00002618
1622873348821000,1,2880.00000000,0.00002619
1622873410565000,1,12.11625500,0.00002622
1622873521394000,1,21.19936600,0.00002625
1622873775572000,1,4501.00000000,0.00002628
1622873775634000,1,0.40981735,0.00002628
1622873837699000,0,3557.39615700,0.00002632
1622873841917000,1,10102.00000000,0.00002628
1622873939265000,1,718.60000000,0.00002626
1622873947902000,0,474.83000000,0.00002628
1622874087719000,1,3555.00000000,0.00002630
1622874087760000,1,0.71430900,0.00002630
1622874094703000,1,1622.19780328,0.00002629
1622874356758000,1,6809.00000000,0.00002632
1622874356973000,1,10284.00000000,0.00002632
1622874356974000,1,242.00000000,0.00002632
1622874356989000,1,4046.48293700,0.00002632
1622874356989000,1,137.10404300,0.00002632
1622874422374000,0,1103.52464100,0.00002632
1622874465133000,0,4574.05599900,0.00002630
1622874637204000,0,2880.00000000,0.00002632
1622874637204000,0,5036.99491701,0.00002632
1622874637204000,0,775.61889777,0.00002632
1622874637204000,0,1994.68128283,0.00002632
1622874637295000,1,5789.93487239,0.00002632
1622874856863000,1,575.47724687,0.00002637
1622874881870000,1,119.20363900,0.00002636
1622874891314000,1,119.19171900,0.00002636
1622874908437000,1,172.43715338,0.00002636
1622875016582000,0,262.57400000,0.00002633
1622875016629000,0,0.00070400,0.00002633
1622875408964000,0,1773.24254900,0.00002634
1622875430478000,0,70.93662000,0.00002634
1622875451635000,0,101.74490300,0.00002633
1622875622952000,0,3538.06594000,0.00002633
1622875738587000,1,12.68214700,0.00002632
1622876138489000,1,386.00000000,0.00002624
1622876307548000,1,56.39300000,0.00002627
1622876307573000,1,0.00098553,0.00002627
1622876315983000,1,50.20022839,0.00002627
1622876315983000,1,164.79977161,0.00002626
1622876316001000,1,0.19032739,0.00002626
1622876441580000,1,971.00000000,0.00002625
1622876441612000,1,1909.00000000,0.00002625
1622876455999000,1,0.55106707,0.00002624
1622876455999000,1,529.44893293,0.00002624
1622876495981000,0,15.18114400,0.00002625
1622876523964000,1,206.18100000,0.00002625
1622876528590000,1,25.83332100,0.00002625
1622876805328000,1,338.08963500,0.00002625
1622876833626000,0,186.31145600,0.00002625
1622876918585000,1,92.33321400,0.00002634
1622877014103000,0,1136.54348651,0.00002633
1622877171939000,0,17.80853400,0.00002634
1622877172736000,0,68.60661500,0.00002634
1622877266409000,1,19.08210000,0.00002630
1622877331876000,0,2639.28082200,0.00002633
1622877375728000,0,19.06290000,0.00002632
1622877375728000,0,699.90495500,0.00002633
1622877388185000,0,1422.90160000,0.00002633
1622877391388000,0,604.75860000,0.00002633
1622877508362000,1,35.36638000,0.00002632
1622877575149000,0,16.56199700,0.00002632
1622877596419000,0,227.55825700,0.00002632
1622877610281000,0,35.38388600,0.00002631
1622877617465000,0,103.68354700,0.00002631
1622877654229000,0,718.60000000,0.00002630
1622877703864000,0,1508.00000000,0.00002632
1622878003261000,1,20.73800000,0.00002630
1622878048218000,0,289.49217800,0.00002631
1622878146365000,0,10.54508400,0.00002631
1622878177649000,0,2869.45491600,0.00002631
1622878177649000,0,2722.66505600,0.00002631
1622878273958000,1,18.23200000,0.00002630
1622878289376000,1,0.00031100,0.00002630
1622878289376000,1,74.97368900,0.00002630
1622878299406000,1,0.00100700,0.00002630
1622878324850000,0,20.60782200,0.00002631
1622878376503000,0,2880.00000000,0.00002630
1622878376503000,0,5031.90405666,0.00002630
1622878376503000,0,3991.19436934,0.00002630
1622878550737000,0,60.08541000,0.00002630
1622878634307000,0,11.90644200,0.00002629
1622878634470000,0,434.20524800,0.00002629
1622878695054000,0,36.92039700,0.00002629
1622878760550000,0,14.17091900,0.00002627
1622878950736000,0,2880.00000000,0.00002635
1622878950795000,1,604.65600000,0.00002635
1622878956118000,1,12858.21938000,0.00002635
1622878956686000,1,0.00000500,0.00002635
1622879056386000,0,5036.08857988,0.00002631
1622879057465000,0,5036.83335484,0.00002632
1622879057465000,0,2879.16664516,0.00002632
1622879070795000,1,99.65000009,0.00002631
1622879144598000,1,1887.30027222,0.00002632
1622879144653000,1,992.69972778,0.00002632
1622879144653000,1,537.73980657,0.00002632
1622879168834000,0,42.52460200,0.00002633
1622879177098000,0,135.09823900,0.00002633
1622879564068000,1,21.28564300,0.00002633
1622879628243000,0,5042.29799388,0.00002634
1622879628243000,0,2880.00000000,0.00002634
1622879634399000,1,9113.77565815,0.00002632
1622879947723000,1,38.91780700,0.00002631
1622879950314000,1,2880.00000000,0.00002629
1622880121470000,0,2880.00000000,0.00002631
1622880257045000,1,1894.85300000,0.00002628
1622880257564000,1,3469.50000000,0.00002628
1622880550152000,1,14864.62506634,0.00002629
1622880641091000,0,5060.00000000,0.00002630
1622880680796000,0,5066.00000000,0.00002631
1622880874261000,0,0.15998300,0.00002631
1622880874261000,0,5059.31837720,0.00002631
1622881191470000,0,2880.00000000,0.00002632
1622881203461000,1,235.09353612,0.00002630
1622881203621000,1,1375.20727324,0.00002628
1622881203639000,1,741.36938293,0.00002628
1622881203646000,1,483.24718038,0.00002628
1622881203687000,1,7011.61251641,0.00002628
1622881203703000,1,455.44993154,0.00002628
1622881203705000,1,362.30000000,0.00002628
1622881592302000,0,10.06103600,0.00002631
1622881616281000,1,68.79314159,0.00002627
1622881667503000,1,10.46049700,0.00002629
1622881718526000,0,22.98874200,0.00002630
1622881863506000,0,5019.00000000,0.00002630
1622881863519000,0,0.42693010,0.00002630
1622881895588000,0,5046.00000000,0.00002630
1622881900517000,0,0.24885195,0.00002630
1622881900517000,0,2879.75114805,0.00002630
1622881996190000,1,256.99600200,0.00002628
1622882052302000,1,162.56041200,0.00002628
1622882095323000,1,54.48818000,0.00002628
1622882159663000,0,978.62267021,0.00002629
1622882718246000,1,184.05855400,0.00002627
1622882865053000,1,1022.27860600,0.00002626
1622882908351000,1,25.72380500,0.00002626
1622882908562000,1,500.00000000,0.00002626
1622882950920000,1,95.55071600,0.00002626
1622883013762000,1,34.62217500,0.00002625
1622883096169000,1,1499.99984755,0.00002627
1622883120995000,1,17.23254400,0.00002627
1622883150154000,1,33.63089000,0.00002627
1622883151429000,1,50.00000000,0.00002627
1622883164205000,1,221.30579300,0.00002627
1622883207873000,1,11.46537600,0.00002629
1622883214180000,1,10.30427500,0.00002629
1622883277075000,1,36.12496600,0.00002629
1622883407050000,1,12.63076700,0.00002627
1622883532028000,1,342.83335500,0.00002626
1622883654289000,0,1484.59006000,0.00002627
1622883785353000,0,95.09000000,0.00002627
1622884254822000,1,16.76675800,0.00002625
1622884438467000,1,114.05651700,0.00002624
1622884719492000,1,152.72908300,0.00002622
1622884719572000,1,7416.98665650,0.00002622
1622884734497000,1,10.00000000,0.00002622
1622885063704000,1,10.00000000,0.00002623
1622885146190000,1,74.69100000,0.00002621
1622885150374000,1,52.00000000,0.00002621
1622885150710000,1,89.18520500,0.00002621
1622885465905000,0,8.65429600,0.00002621
1622885506726000,1,10.00000000,0.00002621
1622885685129000,1,56.50000000,0.00002623
1622885696583000,1,9.45615800,0.00002623
1622885758618000,1,10.00000000,0.00002622
1622885792277000,0,65.00000000,0.00002622
1622885792313000,0,0.43660700,0.00002622
1622885943914000,0,5069.00000000,0.00002625
1622886114040000,1,10.00000000,0.00002622
1622886157729000,0,0.63124263,0.00002625
1622886157729000,0,2880.00000000,0.00002626
1622886157729000,0,5076.40070701,0.00002626
1622886171563000,1,8.16323300,0.00002623
1622886196643000,1,10.00000000,0.00002623
1622886196808000,0,5076.76479193,0.00002627
1622886196808000,0,15864.23520807,0.00002627
1622886197071000,0,5076.76479193,0.00002627
1622886281097000,0,5098.82667523,0.00002626
1622886281097000,0,31852.17332477,0.00002626
1622886284356000,0,5098.00000000,0.00002626
1622886304922000,1,228.00000000,0.00002622
1622886305013000,1,15741.38624407,0.00002622
1622886334073000,1,2880.00000000,0.00002624
1622886347670000,0,2880.00000000,0.00002623
1622886367215000,1,2880.00000000,0.00002622
1622886374893000,0,32180.29000000,0.00002624
1622886374893000,0,15969.85090050,0.00002624
1622886423038000,1,2880.00000000,0.00002623
1622886470220000,1,10.00000000,0.00002624
1622886478577000,1,1094.00309499,0.00002622
1622886495725000,1,10.70456700,0.00002623
1622886517587000,0,209.47500000,0.00002624
1622886523641000,1,2880.00000000,0.00002623
1622886523641000,1,1277.00000000,0.00002623
1622886589422000,1,2880.00000000,0.00002620
1622886600971000,1,2880.00000000,0.00002620
1622886609865000,0,5128.84993016,0.00002623
1622886609865000,0,3876.10000000,0.00002623
1622886609865000,0,905.24854227,0.00002623
1622886609865000,0,6266.80152757,0.00002623
1622886610947000,0,951.00000000,0.00002626
1622886614678000,0,509.12500000,0.00002629
1622886615056000,0,2370.87500000,0.00002629
1622886615056000,0,200.00000000,0.00002636
1622886616742000,0,66.00000000,0.00002647
1622886618322000,1,1538.82753846,0.00002640
1622886618322000,1,7325.44156155,0.00002640
1622886618322000,1,13835.73089999,0.00002639
1622886620792000,0,20.63613969,0.00002651
1622886620792000,0,15.33006638,0.00002661
1622886620792000,0,1287.00000000,0.00002661
1622886620792000,0,5150.47029079,0.00002662
1622886620792000,0,20916.35350314,0.00002663
1622886623088000,0,2880.00000000,0.00002650
1622886628162000,1,200.00000000,0.00002648
1622886629109000,0,2880.00000000,0.00002652
1622886629109000,0,2270.47029000,0.00002657
1622886629191000,0,7893.40331000,0.00002657
1622886629191000,0,4000.00000000,0.00002661
1622886629191000,0,1206.59669000,0.00002662
1622886629705000,0,1500.00000000,0.00002644
1622886633387000,1,5330.64287000,0.00002646
1622886635444000,1,10.00000000,0.00002644
1622886640581000,1,10.00000000,0.00002639
1622886645740000,1,10.00000000,0.00002633
1622886645967000,1,2870.00000000,0.00002633
1622886645967000,1,200.00000000,0.00002633
1622886650884000,1,10.00000000,0.00002633
1622886651785000,1,2870.00000000,0.00002633
1622886656021000,1,10.00000000,0.00002630
1622886666754000,0,36745.00000000,0.00002633
1622886668429000,0,5172.20752286,0.00002635
1622886668429000,0,2879.79247714,0.00002635
1622886672582000,0,5172.20752000,0.00002635
1622886677442000,1,1135.36820247,0.00002632
1622886686933000,0,0.00000286,0.00002635
1622886686933000,0,2615.99999714,0.00002635
1622886687042000,0,1743.00000000,0.00002635
1622886691587000,0,5193.00000000,0.00002636
1622886709061000,1,718.60000000,0.00002630
1622886712503000,1,2880.00000000,0.00002625
1622886713460000,1,663.80734417,0.00002623
1622886723254000,1,1199.46513891,0.00002618
1622886723567000,1,50.00000000,0.00002615
1622886723567000,1,779.47876451,0.00002615
1622886723624000,1,20.63613969,0.00002612
1622886724165000,1,15.33006638,0.00002610
1622886724165000,1,939.93348362,0.00002610
1622886724295000,1,635.05459623,0.00002610
1622886760139000,1,2880.00000000,0.00002626
1622886761895000,1,16583.76493980,0.00002624
1622886813373000,1,8040.75282781,0.00002629
1622886813658000,1,10.00000000,0.00002628
1622886816303000,0,8.96970000,0.00002631
1622886816347000,0,0.00007100,0.00002631
1622886818791000,1,10.00000000,0.00002630
1622886822921000,1,2870.00000000,0.00002630
1622886824034000,1,10.00000000,0.00002628
1622886829170000,1,10.00000000,0.00002630
1622886830645000,0,11.59660000,0.00002634
1622886834400000,1,10.00000000,0.00002632
1622886842390000,1,8008.00000000,0.00002633
1622886842429000,1,0.48632158,0.00002633
1622886845412000,0,0.00001100,0.00002634
1622886845412000,0,0.17956019,0.00002636
1622886897166000,1,10.00000000,0.00002631
1622886899347000,0,134.00000000,0.00002638
1622886902366000,1,10.00000000,0.00002634
1622886906743000,0,2880.00000000,0.00002639
1622886906743000,0,5245.31550171,0.00002639
1622886907548000,1,10.00000000,0.00002635
1622886912697000,1,10.00000000,0.00002637
1622886917331000,1,2870.00000000,0.00002637
1622886917842000,1,10.00000000,0.00002637
1622886922989000,1,10.00000000,0.00002637
1622886928138000,1,10.00000000,0.00002639
1622886933278000,1,10.00000000,0.00002639
1622886938422000,1,10.00000000,0.00002639
1622886943562000,1,10.00000000,0.00002640
1622886976324000,1,2880.00000000,0.00002640
1622886980240000,1,626.00000000,0.00002640
1622886996161000,1,10.00000000,0.00002639
1622887001295000,1,10.00000000,0.00002637
1622887006444000,1,10.00000000,0.00002637
1622887011602000,1,10.00000000,0.00002637
1622887016743000,1,10.00000000,0.00002639
1622887021907000,1,10.00000000,0.00002639
1622887027057000,1,10.00000000,0.00002639
1622887027907000,0,441.22918300,0.00002642
1622887032258000,1,10.00000000,0.00002639
1622887037408000,1,10.00000000,0.00002639
1622887038637000,1,2830.00000000,0.00002639
1622887038637000,1,3362.60499900,0.00002639
1622887042559000,1,10.00000000,0.00002640
1622887067254000,0,2880.00000000,0.00002643
1622887069462000,0,5195.00000000,0.00002646
1622887069667000,0,0.01075843,0.00002646
1622887074444000,1,10.00000000,0.00002644
1622887078935000,1,12154.00000000,0.00002643
1622887079024000,1,8646.00000000,0.00002643
1622887079327000,1,3871.10000000,0.00002642
1622887079585000,1,10.00000000,0.00002641
1622887084729000,1,10.00000000,0.00002641
1622887089895000,1,10.00000000,0.00002638
1622887095034000,1,10.00000000,0.00002640
1622887100162000,1,10.00000000,0.00002640
1622887105311000,1,10.00000000,0.00002640
1622887110459000,1,10.00000000,0.00002640
1622887115605000,1,10.00000000,0.00002640
1622887120748000,1,10.00000000,0.00002640
1622887143016000,1,2880.00000000,0.00002642
1622887148900000,1,2880.00000000,0.00002640
1622887149441000,1,2818.00000000,0.00002639
1622887151668000,1,2880.00000000,0.00002639
1622887159310000,1,2880.00000000,0.00002638
1622887187576000,1,2880.00000000,0.00002638
1622887204958000,1,2880.00000000,0.00002640
1622887248024000,0,1407.41050000,0.00002648
1622887310782000,0,14.00200000,0.00002647
1622887314180000,0,0.00091600,0.00002647
1622887348854000,1,10.00000000,0.00002644
1622887354005000,1,10.00000000,0.00002644
1622887359180000,1,10.00000000,0.00002644
1622887364347000,1,10.00000000,0.00002644
1622887396951000,0,2880.00000000,0.00002645
1622887402376000,1,13151.00000000,0.00002642
1622887402408000,1,0.85090050,0.00002642
1622887428694000,1,2880.00000000,0.00002642
1622887470524000,0,2880.00000000,0.00002634
1622887491714000,1,2880.00000000,0.00002632
1622887498951000,0,2880.00000000,0.00002635
1622887501777000,0,2880.00000000,0.00002635
1622887501885000,0,15969.85090050,0.00002635
1622887505701000,1,2880.00000000,0.00002633
1622887506747000,1,14.00200000,0.00002633
1622887510591000,0,2880.00000000,0.00002635
1622887512797000,1,2338.00000000,0.00002631
1622887524846000,0,2101.00000000,0.00002634
1622887524894000,0,0.08479247,0.00002634
1622887526162000,1,2880.00000000,0.00002634
1622887570431000,1,105.01664514,0.00002641
1622887578436000,0,2880.00000000,0.00002643
1622887579826000,1,2880.00000000,0.00002640
1622887581176000,0,2880.00000000,0.00002642
1622887588809000,0,11677.00000000,0.00002642
1622887590627000,0,30578.67000000,0.00002643
1622887590627000,0,2880.00000000,0.00002643
1622887602207000,0,2880.00000000,0.00002645
1622887602207000,0,10262.00000000,0.00002645
1622887606852000,0,24191.00000000,0.00002645
1622887618395000,0,2084.00000000,0.00002645
1622887629242000,0,718.60000000,0.00002642
1622887637382000,0,779.40000000,0.00002642
1622887637382000,0,125.25318000,0.00002642
1622887641360000,0,0.00000800,0.00002642
1622887652256000,1,1583.00000000,0.00002643
1622887684518000,0,11290.00490000,0.00002643
1622887684518000,0,171.53302047,0.00002643
1622887684518000,0,69.14279153,0.00002644
1622887689685000,1,60.16320000,0.00002640
1622887696948000,1,1561.00000000,0.00002644
1622887696961000,1,0.11449511,0.00002644
1622887703332000,1,503.65044540,0.00002643
1622887707024000,1,2880.00000000,0.00002642
1622887722723000,1,2880.00000000,0.00002642
1622887752604000,1,2880.00000000,0.00002640
1622887825035000,1,888.63715699,0.00002637
1622887832612000,1,2880.00000000,0.00002635
1622887846298000,1,15969.00000000,0.00002635
1622887903990000,0,9791.00000000,0.00002640
1622887912713000,0,0.61052344,0.00002640
1622887912713000,0,5366.38947656,0.00002640
1622888020733000,1,2880.00000000,0.00002635
1622888057414000,1,2880.00000000,0.00002634
1622888062787000,0,2481.94898600,0.00002636
1622888068828000,1,2880.00000000,0.00002634
1622888073226000,1,12.26200000,0.00002636
1622888074029000,1,0.00070600,0.00002636
1622888076284000,1,1255.00000000,0.00002633
1622888076308000,1,1625.00000000,0.00002633
1622888277101000,1,106.00425100,0.00002637
1622888357101000,1,2880.00000000,0.00002634
1622888363842000,1,2880.00000000,0.00002633
1622888364671000,1,706.33800000,0.00002634
1622888364847000,1,2173.66200000,0.00002634
1622888465374000,1,40.00000000,0.00002628
1622888472979000,1,5367.24037706,0.00002627
1622888532252000,1,100.00000000,0.00002625
1622888532252000,1,100.00000000,0.00002625
1622888532252000,1,100.00000000,0.00002625
1622888555699000,1,96.00000000,0.00002626
1622888581235000,1,0.52294500,0.00002626
1622888590809000,1,144.90427500,0.00002626
1622888590809000,1,15.63826600,0.00002626
1622888632261000,0,5196.90342383,0.00002628
1622888632261000,0,1891.16772517,0.00002628
1622888723865000,0,36.36292400,0.00002626
1622888752432000,1,20.67820737,0.00002622
1622888755414000,0,127.98525400,0.00002625
1622888757926000,0,24.12040900,0.00002625
1622888792044000,1,76.00996000,0.00002623
1622888792321000,0,2803.00000000,0.00002623
1622888834188000,0,245.79623600,0.00002623
1622888932988000,0,5880.00000000,0.00002620
1622888939224000,1,977.00000000,0.00002618
1622888979302000,0,20.48035101,0.00002621
1622889034736000,1,10.37175600,0.00002619
1622889048755000,0,18.23664100,0.00002619
1622889253729000,0,2880.00000000,0.00002622
1622889389630000,1,50.00000000,0.00002617
1622889398476000,1,2880.00000000,0.00002616
1622889513215000,1,1000.00000000,0.00002616
1622889581845000,0,121.34223900,0.00002620
1622889787979000,1,7791.64807618,0.00002613
1622889996219000,1,15.36377200,0.00002621
1622889997392000,0,2880.00000000,0.00002624
1622890000250000,0,2880.00000000,0.00002624
1622890131992000,0,7463.00000000,0.00002622
1622890207652000,1,29.02019210,0.00002620
1622890278422000,0,8506.85090050,0.00002623
1622890321652000,1,100.00000000,0.00002619
1622890326826000,1,100.00000000,0.00002619
1622890331982000,1,100.00000000,0.00002619
1622890337130000,1,100.00000000,0.00002619
1622890342292000,1,100.00000000,0.00002619
1622890347456000,1,100.00000000,0.00002618
1622890352622000,1,100.00000000,0.00002618
1622890357769000,1,100.00000000,0.00002617
1622890362896000,1,100.00000000,0.00002616
1622890368032000,1,100.00000000,0.00002616
1622890381430000,1,100.00000000,0.00002616
1622890386575000,1,100.00000000,0.00002616
1622890391745000,1,100.00000000,0.00002616
1622890396894000,1,100.00000000,0.00002616
1622890402034000,1,100.00000000,0.00002616
1622890407189000,1,100.00000000,0.00002617
1622890412334000,1,100.00000000,0.00002617
1622890417472000,1,100.00000000,0.00002618
1622890422616000,1,100.00000000,0.00002617
1622890427762000,1,100.00000000,0.00002617
1622890442137000,1,100.00000000,0.00002617
1622890447302000,1,100.00000000,0.00002617
1622890452437000,1,100.00000000,0.00002617
1622890457592000,1,100.00000000,0.00002617
1622890462758000,1,100.00000000,0.00002619
1622890467952000,1,100.00000000,0.00002619
1622890473086000,1,100.00000000,0.00002619
1622890478231000,1,100.00000000,0.00002619
1622890483368000,1,100.00000000,0.00002619
1622890488507000,1,100.00000000,0.00002619
1622890572947000,1,2774.20413600,0.00002621
1622890680984000,0,1300.00000000,0.00002622
1622890686907000,1,100.00000000,0.00002620
1622890694088000,1,1338.00000000,0.00002619
1622890706608000,1,0.50450900,0.00002619
1622890814321000,1,2880.00000000,0.00002620
1622891127407000,1,100.00000000,0.00002625
1622891132550000,1,100.00000000,0.00002625
1622891165197000,0,9.78700000,0.00002625
1622891167545000,0,0.00039800,0.00002625
1622891412377000,1,13.38271800,0.00002625
1622891657433000,0,1588.00000000,0.00002622
1622891657436000,0,1292.00000000,0.00002622
1622891776526000,1,2880.00000000,0.00002620
1622891790178000,1,862.00000000,0.00002619
1622891806675000,1,15007.85090050,0.00002620
1622891808294000,1,9.78700000,0.00002618
1622891808383000,1,2870.21300000,0.00002618
1622891809869000,0,17.84166333,0.00002618
1622891812804000,0,3399.00000000,0.00002620
1622891961681000,1,200.00000000,0.00002617
1622892063762000,1,3399.00000000,0.00002618
1622892256954000,0,718.60000000,0.00002619
1622892257427000,0,1132.39298370,0.00002619
1622892399418000,0,3636.68330426,0.00002618
1622892399427000,0,5500.00000000,0.00002618
1622892399464000,0,2615.10062604,0.00002618
1622892399636000,0,3623.86500170,0.00002618
1622892417980000,0,1059.84499767,0.00002618
1622892417987000,0,570.10436833,0.00002618
1622892629843000,1,1565.85936700,0.00002619
1622892740957000,0,284.18994800,0.00002623
1622892771307000,0,122.69438700,0.00002624
1622892771307000,0,61.73809500,0.00002624
1622892804703000,1,36.59505700,0.00002624
1622893243165000,0,2880.00000000,0.00002622
1622893252829000,0,2880.00000000,0.00002623
1622893252829000,0,7187.00000000,0.00002623
1622893321414000,0,1018.00000000,0.00002624
1622893321473000,0,1674.00000000,0.00002624
1622893346022000,0,2727.00000000,0.00002624
1622893370103000,0,2880.00000000,0.00002624
1622893371118000,1,12606.00000000,0.00002622
1622893481388000,0,5772.51637228,0.00002622
1622893481458000,0,4129.54693001,0.00002622
1622893481464000,0,1599.25951012,0.00002622
1622893481832000,0,2028.98550724,0.00002622
1622893583107000,0,2880.00000000,0.00002621
1622893598311000,1,2880.00000000,0.00002616
1622893609723000,1,300.00000000,0.00002617
1622893610676000,1,16.70000000,0.00002612
1622893613714000,1,83.30000000,0.00002612
1622893616578000,0,2880.00000000,0.00002612
1622893640124000,1,171.81923000,0.00002615
1622893699118000,1,2880.00000000,0.00002613
1622893699118000,1,2880.00000000,0.00002612
1622893699159000,0,10582.87538500,0.00002612
1622893730464000,1,2880.00000000,0.00002612
1622893730464000,1,2620.00000000,0.00002612
1622893753862000,0,2880.00000000,0.00002616
1622893776836000,0,369.88284400,0.00002616
1622893824270000,1,2880.00000000,0.00002616
1622893865078000,1,718.60000000,0.00002615
1622893870794000,0,2880.00000000,0.00002614
1622893877877000,0,2880.00000000,0.00002614
1622893894792000,1,5348.00000000,0.00002612
1622893898459000,1,0.03184026,0.00002612
1622893898459000,1,5348.03184026,0.00002612
1622893898459000,1,2879.93631948,0.00002612
1622894037697000,1,267.35630900,0.00002618
1622894049863000,0,120.00000000,0.00002618
1622894092114000,0,2011.67887367,0.00002622
1622894116880000,1,5306.21259072,0.00002619
1622894131826000,0,5490.75668162,0.00002623
1622894133160000,0,250.56865662,0.00002623
1622894163105000,0,3815.93336375,0.00002623
1622894226278000,1,100.00000000,0.00002622
1622894231443000,1,100.00000000,0.00002622
1622894232858000,1,1205.88519000,0.00002622
1622894236599000,1,0.00000500,0.00002622
1622894236599000,1,99.99999500,0.00002619
1622894254422000,0,70.94563000,0.00002622
1622894352226000,0,146.28143900,0.00002621
1622894366515000,0,49.16579400,0.00002619
1622894387278000,0,124.18889200,0.00002620
1622894387391000,0,72.93653800,0.00002620
1622894407012000,0,388.77430000,0.00002618
1622894407685000,0,132.01312200,0.00002620
1622894432410000,0,2880.00000000,0.00002616
1622894481622000,0,302.86847800,0.00002616
1622894491236000,0,47.66311600,0.00002616
1622894504172000,1,300.00000000,0.00002614
1622894511367000,0,229.31960400,0.00002615
1622894531773000,0,12.33981900,0.00002615
1622894534714000,0,2880.00000000,0.00002614
1622894536547000,0,1547.69230000,0.00002616
1622894630541000,0,1932.40936700,0.00002615
1622894636551000,1,1754.58918000,0.00002611
1622894643116000,1,1000.00000000,0.00002609
1622894646398000,1,1000.00000000,0.00002606
1622894648522000,0,100.74000000,0.00002606
1622894680815000,1,2880.00000000,0.00002606
1622894704568000,1,9971.00000000,0.00002606
1622894704739000,1,2880.00000000,0.00002606
1622894722272000,1,2880.00000000,0.00002608
1622894727895000,0,21.06546707,0.00002612
1622894738371000,0,4040.50000000,0.00002614
1622894738371000,0,15968.50000000,0.00002614
1622894738407000,0,0.69423681,0.00002614
1622894738407000,0,2750.30576319,0.00002614
1622894758456000,0,158.63081600,0.00002615
1622894834844000,0,1348.00000000,0.00002612
1622894835580000,0,1532.00000000,0.00002612
1622894835600000,0,2880.00000000,0.00002614
1622894835600000,0,1622.78304246,0.00002614
1622894838931000,0,2880.00000000,0.00002612
1622894843058000,0,718.60000000,0.00002612
1622894855382000,0,2880.00000000,0.00002616
1622894858596000,1,15969.00000000,0.00002613
1622894861745000,1,2880.00000000,0.00002612
1622894861978000,1,718.60000000,0.00002614
1622894862128000,1,2161.00000000,0.00002614
1622894862204000,1,0.40000000,0.00002614
1622894880707000,0,2880.00000000,0.00002615
1622894880707000,0,1682.00000000,0.00002615
1622894893726000,0,1322.00000000,0.00002613
1622894897357000,0,2880.00000000,0.00002611
1622894900307000,0,2880.00000000,0.00002613
1622894910251000,0,2880.00000000,0.00002615
1622894910251000,0,6635.00000000,0.00002615
1622894919296000,0,7652.00000000,0.00002614
1622894919296000,0,240.00000000,0.00002614
1622894928948000,0,4331.60000000,0.00002615
1622895024016000,1,195.61056700,0.00002614
1622895030195000,1,2880.00000000,0.00002616
1622895088020000,1,15969.85090050,0.00002614
1622895088020000,1,2880.00000000,0.00002614
1622895088020000,1,4365.20000000,0.00002614
1622895109033000,0,498.10000000,0.00002617
1622895131513000,1,100.00000000,0.00002617
1622895136648000,1,100.00000000,0.00002615
1622895139344000,0,4427.00000000,0.00002619
1622895141800000,1,100.00000000,0.00002617
1622895146988000,1,100.00000000,0.00002619
1622895152148000,1,100.00000000,0.00002619
1622895155068000,1,2680.00000000,0.00002619
1622895155068000,1,10534.91190000,0.00002619
1622895157288000,1,100.00000000,0.00002618
1622895162441000,1,100.00000000,0.00002618
1622895167582000,1,100.00000000,0.00002620
1622895207951000,1,1602.26492785,0.00002616
1622895263838000,1,3344.62718078,0.00002614
1622895264296000,0,2880.00000000,0.00002614
1622895287968000,0,1043.72998800,0.00002614
1622895293683000,0,54.62576000,0.00002613
1622895304449000,0,264.15409900,0.00002613
1622895308306000,1,2880.00000000,0.00002612
1622895310641000,0,80.34679700,0.00002613
1622895310754000,0,673.89558565,0.00002613
1622895331923000,1,14.56224100,0.00002613
1622895331923000,1,495.43775900,0.00002613
1622895331927000,1,0.69395000,0.00002613
1622895338518000,0,22.67958800,0.00002615
1622895351355000,1,160.00000000,0.00002615
1622895354779000,1,0.93574400,0.00002615
1622895424355000,0,203.57543900,0.00002614
1622895424710000,0,75.42037300,0.00002614
1622895448595000,1,2880.00000000,0.00002610
1622895448595000,1,820.00000000,0.00002609
1622895471307000,0,221.82638800,0.00002613
1622895492196000,0,288.75336700,0.00002612
1622895512483000,0,524.71855000,0.00002611
1622895522263000,0,247.52475200,0.00002609
1622895523390000,0,171.73000000,0.00002609
1622895523842000,0,600.00000000,0.00002609
1622895531592000,0,73.49150200,0.00002609
1622895536706000,0,213.96490287,0.00002610
1622895538369000,1,147.97099000,0.00002609
1622895539955000,1,800.00000000,0.00002608
1622895546446000,1,2880.00000000,0.00002606
1622895553840000,0,124.44301700,0.00002608
1622895575071000,0,4038.17855200,0.00002608
1622895618222000,0,37.55112400,0.00002606
1622895632802000,1,1000.00000000,0.00002603
1622895637260000,0,271.54756800,0.00002603
1622895655364000,1,146.00000000,0.00002601
1622895655812000,1,0.39274658,0.00002601
1622895674721000,1,72.00000000,0.00002600
1622895677605000,1,0.06461538,0.00002600
1622895677960000,1,20.73936009,0.00002599
1622895681776000,1,100.00000000,0.00002596
1622895686916000,1,100.00000000,0.00002596
1622895692063000,1,100.00000000,0.00002597
1622895697210000,1,100.00000000,0.00002597
1622895699178000,0,2123.32977900,0.00002600
1622895702353000,1,100.00000000,0.00002596
1622895706161000,0,37.49152200,0.00002599
1622895707513000,1,100.00000000,0.00002596
1622895721453000,0,88.33179300,0.00002599
1622895723198000,0,56.11211700,0.00002599
1622895758361000,0,1607.01482330,0.00002603
1622895758522000,0,535.29826981,0.00002603
1622895762251000,1,100.00000000,0.00002602
1622895762324000,1,2780.00000000,0.00002602
1622895790341000,1,1057.02855100,0.00002603
1622895798124000,0,2240.61360000,0.00002606
1622895798766000,0,22.00000000,0.00002611
1622895798922000,0,869.39142091,0.00002611
1622895798951000,0,868.39325056,0.00002611
1622895798974000,0,2663.76519264,0.00002611
1622895798994000,0,554.99999999,0.00002611
1622895798996000,0,6334.41890153,0.00002611
1622895799069000,0,2240.61360385,0.00002610
1622895799069000,0,18663.94840919,0.00002611
1622895799116000,0,1490.00000000,0.00002611
1622895799191000,0,1830.71620069,0.00002610
1622895824011000,0,24.83123100,0.00002606
1622895848324000,1,16.22385400,0.00002604
1622895848324000,1,8.85244600,0.00002604
1622895848446000,1,0.00007300,0.00002604
1622895851725000,0,109.10632775,0.00002604
1622895851946000,0,220.00000000,0.00002604
1622895950897000,0,104.20698800,0.00002602
1622895963330000,0,37.34635500,0.00002601
1622895971404000,0,53.00000000,0.00002602
1622895977171000,1,5353.00000000,0.00002599
1622895998457000,1,129.00000000,0.00002602
1622896012118000,1,381.00000000,0.00002603
1622896023751000,1,0.14911500,0.00002603
1622896026056000,0,35.81425600,0.00002604
1622896033056000,0,37.13536500,0.00002604
1622896074381000,0,12.38479200,0.00002605
1622896094936000,0,436.71124300,0.00002606
1622896137512000,0,36.51197200,0.00002603
1622896167063000,1,380.00000000,0.00002604
1622896204687000,0,2880.00000000,0.00002607
1622896204687000,0,10529.68210000,0.00002607
1622896208931000,0,10645.59980000,0.00002608
1622896303678000,0,37.73458900,0.00002604
1622896305647000,0,26.22727400,0.00002604
1622896324882000,0,1641.87270300,0.00002601
1622896329045000,0,97.85031000,0.00002602
1622896348647000,1,168.16212200,0.00002602
1622896387055000,0,573.35804400,0.00002602
1622896407310000,0,101.45423700,0.00002602
1622896413265000,0,2880.00000000,0.00002602
1622896442260000,1,6118.00000000,0.00002602
1622896442397000,1,0.28779700,0.00002602
1622896547559000,1,2880.00000000,0.00002603
1622896567987000,1,7700.00000000,0.00002602
1622896583836000,1,2880.00000000,0.00002600
1622896585296000,1,2880.00000000,0.00002600
1622896613197000,0,4028.00000000,0.00002603
1622896635802000,0,372.27509700,0.00002601
1622896656141000,0,373.86918500,0.00002601
1622896656696000,0,13.08125200,0.00002601
1622896664596000,1,0.25514731,0.00002599
1622896698042000,0,415.91794500,0.00002601
1622896733421000,1,312.00000000,0.00002601
1622896733502000,1,0.20457900,0.00002601
1622896739193000,0,2599.12366700,0.00002602
1622896739922000,0,74.08462800,0.00002602
1622896751777000,0,718.60000000,0.00002603
1622896752747000,0,857.47350000,0.00002603
1622896760533000,0,758.87252400,0.00002604
1622896796905000,1,10.25420900,0.00002604
1622896796905000,1,258.71179100,0.00002604
1622896819352000,1,0.00023400,0.00002604
1622896824929000,0,137.25189100,0.00002604
1622896868228000,0,97.01102500,0.00002603
1622896912164000,1,185.49200000,0.00002605
1622896915405000,1,0.00098300,0.00002605
1622896928244000,0,241.49058700,0.00002605
1622896948871000,0,40.85807800,0.00002605
1622896951914000,1,8.17200000,0.00002603
1622896954691000,0,92.85386300,0.00002604
1622896957624000,1,0.00032000,0.00002603
1622897040631000,0,1487.10612900,0.00002603
1622897086728000,1,562.99895200,0.00002603
1622897103978000,0,59.45138700,0.00002603
1622897125042000,0,48.72093200,0.00002603
1622897133813000,0,147.69534300,0.00002603
1622897216450000,1,16.61400000,0.00002604
1622897216465000,1,0.00041500,0.00002604
1622897223831000,1,239.35600000,0.00002602
1622897226570000,0,282.00407718,0.00002603
1622897237143000,0,24.60912200,0.00002603
1622897246915000,0,940.66253467,0.00002603
1622897258431000,0,86.87609800,0.00002602
1622897278587000,0,70.28553300,0.00002604
1622897303932000,0,222.82581500,0.00002602
1622897335563000,0,192.06869500,0.00002601
1622897356641000,0,19.03287000,0.00002600
1622897395984000,0,13.74525400,0.00002600
1622897465114000,0,11.35315900,0.00002598
1622897483690000,0,74.35476600,0.00002599
1622897511338000,0,1904.07773700,0.00002599
1622897621799000,1,100.00000000,0.00002608
1622897626955000,1,100.00000000,0.00002608
1622897650183000,0,370.00000000,0.00002612
1622897666547000,1,100.00000000,0.00002611
1622897745156000,0,912.31774600,0.00002610
1622897755615000,1,308.17368600,0.00002610
1622897755615000,1,147.75261400,0.00002610
1622897769271000,1,0.00010800,0.00002610
1622897788950000,0,265.62166500,0.00002609
1622897814755000,0,13.52790900,0.00002609
1622897815183000,0,17.23500200,0.00002609
1622897852156000,1,209.28531100,0.00002608
1622897852156000,1,1693.71468900,0.00002608
1622897862635000,1,0.51005300,0.00002608
1622897862635000,1,107.48994700,0.00002608
1622897879759000,1,0.91443400,0.00002608
1622897894693000,1,5317.56473147,0.00002605
1622897958793000,0,41.83738200,0.00002606
1622897979397000,0,28.35086400,0.00002605
1622898014633000,1,100.00000000,0.00002604
1622898040989000,1,36.58713600,0.00002605
1622898070642000,0,464.94003100,0.00002604
1622898081469000,0,12.83507900,0.00002603
1622898142887000,0,12.33976800,0.00002606
1622898191069000,0,3720.64541800,0.00002606
1622898225180000,0,408.52663700,0.00002604
1622898351900000,0,2880.00000000,0.00002607
1622898358278000,1,22120.00000000,0.00002607
1622898386013000,0,74.69167800,0.00002607
1622898407337000,0,111.71653000,0.00002607
1622898411143000,0,135.75196800,0.00002607
1622898431745000,0,484.03506300,0.00002607
1622898507323000,1,25000.00000000,0.00002608
1622898525793000,1,25000.00000000,0.00002608
1622898576795000,0,470.74825300,0.00002606
1622898588147000,0,180.92435800,0.00002607
1622898619401000,0,318.32925000,0.00002606
1622898640225000,0,49.62793200,0.00002606
1622898660522000,0,297.77587000,0.00002606
1622898669527000,0,26.73308900,0.00002607
1622898701875000,0,58.77727300,0.00002607
1622898728975000,1,115.00000000,0.00002607
1622898728979000,1,0.32262100,0.00002607
1622898763133000,0,273.42077000,0.00002608
1622898772414000,0,381.93529700,0.00002608
1622898793104000,0,123.95532600,0.00002606
1622898927193000,0,148.63128700,0.00002609
1622898944597000,0,372.70308600,0.00002609
1622898988631000,0,11.14768500,0.00002610
1622899002824000,1,35.80253800,0.00002609
1622899029910000,1,136.00000000,0.00002609
1622899043648000,1,0.15604100,0.00002609
1622899090892000,0,12.35947400,0.00002609
1622899111575000,0,14.82190700,0.00002610
1622899132878000,0,45.18514000,0.00002610
1622899196544000,0,419.95328900,0.00002611
1622899206841000,0,2880.00000000,0.00002611
1622899307626000,1,10.47552500,0.00002611
1622899387348000,0,163.28108500,0.00002612
1622899436289000,0,52.59586200,0.00002610
1622899598731000,0,519.15044900,0.00002608
1622899690686000,1,358.52617900,0.00002612
1622899741562000,1,37.62109400,0.00002613
1622899741562000,1,62.37890600,0.00002612
1622899744200000,0,6116.61760600,0.00002615
1622899746725000,1,100.00000000,0.00002612
1622899751871000,1,100.00000000,0.00002613
1622899755893000,1,1788.00000000,0.00002615
1622899755903000,1,0.74115200,0.00002615
1622899757009000,1,100.00000000,0.00002613
1622899761595000,0,380.82360800,0.00002615
1622899762151000,1,100.00000000,0.00002612
1622899767312000,1,100.00000000,0.00002613
1622899769423000,1,230.30107919,0.00002615
1622899769559000,1,263.00263581,0.00002615
1622899772448000,1,100.00000000,0.00002613
1622899777595000,1,100.00000000,0.00002613
1622899782727000,1,100.00000000,0.00002613
1622899787877000,1,100.00000000,0.00002613
1622899831054000,0,2880.00000000,0.00002613
1622899833779000,0,25.81993400,0.00002614
1622899854305000,0,13.17399600,0.00002614
1622899897979000,0,86.38475400,0.00002613
1622899967738000,0,185.74285400,0.00002611
1622899982201000,0,14.90338700,0.00002612
1622900051647000,1,58.00000000,0.00002611
1622900051653000,0,1856.88525600,0.00002613
1622900067466000,0,9.43473200,0.00002613
1622900070109000,1,0.30725700,0.00002611
1622900080815000,0,58.86931600,0.00002612
1622900088223000,0,12.17629800,0.00002612
1622900132442000,1,38.17790600,0.00002610
1622900165584000,0,1412.97000000,0.00002611
1622900436562000,0,744.83332200,0.00002612
1622900489877000,0,37.16910900,0.00002612
1622900490115000,0,127.67937200,0.00002612
1622900511215000,0,26.28366800,0.00002612
1622900531606000,0,38.25785500,0.00002611
1622900594878000,1,1957.00000000,0.00002610
1622900812343000,1,15969.00000000,0.00002612
1622900907051000,1,1941.00000000,0.00002613
1622900914501000,0,371.44478400,0.00002614
1622900941454000,1,2880.00000000,0.00002611
1622900986108000,0,22.31611000,0.00002612
1622901019801000,0,620.07834100,0.00002612
1622901146323000,0,13.47555500,0.00002611
1622901314220000,0,179.81286800,0.00002609
1622901337005000,1,8.27490000,0.00002608
1622901347331000,0,10.38458660,0.00002608
1622901441383000,0,17.90738600,0.00002608
1622901485211000,0,70.00000000,0.00002608
1622901551477000,1,2880.00000000,0.00002605
1622901552589000,0,104.75240300,0.00002608
1622901619450000,0,26.08865600,0.00002608
1622901660436000,1,74.00000000,0.00002609
1622901665491000,1,0.94022900,0.00002609
1622901747075000,1,401.63236000,0.00002613
1622901804145000,0,14.95454300,0.00002614
1622901965324000,1,183.93673400,0.00002612
1622902104798000,0,37.36947600,0.00002615
1622902104945000,0,14.98444100,0.00002615
1622902200539000,0,74.97487100,0.00002616
1622902211679000,0,13.33273300,0.00002616
1622902528207000,0,8.82660700,0.00002616
1622902563490000,1,384.00000000,0.00002615
1622902563505000,1,0.61080700,0.00002615
1622902616100000,0,28.96991300,0.00002616
1622902672899000,0,74.83123100,0.00002617
1622902697336000,1,74.66227600,0.00002617
1622902697336000,1,25.33772400,0.00002617
1622902702484000,1,16.82550700,0.00002617
1622902702484000,1,83.17449300,0.00002615
1622902806918000,0,29.12330300,0.00002616
1622902865332000,1,291.00000000,0.00002617
1622902868043000,1,0.93074200,0.00002617
1622902868043000,1,2879.06925800,0.00002617
1622902871041000,0,22.29844900,0.00002619
1622902945608000,0,15216.00000000,0.00002617
1622902956310000,1,180.00000000,0.00002616
1622902956365000,1,0.70235400,0.00002616
1622903044878000,0,100.85000000,0.00002615
1622903171260000,0,1112.71059300,0.00002614
1622903440075000,0,26.87407600,0.00002614
1622903445775000,0,155.95420800,0.00002614
1622903464747000,0,152.09000000,0.00002615
1622903481262000,0,27.30971200,0.00002613
1622903629018000,0,18.63195300,0.00002612
1622903650679000,0,8.38984300,0.00002612
1622903724914000,0,222.56470200,0.00002615
1622903734919000,0,63.46455100,0.00002615
1622903798399000,0,74.52367500,0.00002615
1622903807656000,1,5351.29694657,0.00002613
1622903853034000,1,1143.16695539,0.00002612
1622904016641000,1,14825.00000000,0.00002613
1622904073424000,0,29.18961400,0.00002611
1622904169522000,1,200.00000000,0.00002609
1622904179053000,0,132.71366000,0.00002611
1622904241390000,0,32.27440400,0.00002609
1622904318976000,1,12.41805000,0.00002608
1622904326062000,0,12.41805000,0.00002609
1622904347796000,0,49.65240900,0.00002609
1622904395322000,1,61.00000000,0.00002610
1622904509676000,1,7.75563300,0.00002612
1622904509676000,1,37.31455800,0.00002612
1622904669412000,0,13.76899600,0.00002613
1622904706917000,0,480.10850700,0.00002613
1622904751330000,0,74.45040800,0.00002612
1622904773265000,0,2880.00000000,0.00002613
1622904834753000,0,29.28981900,0.00002613
1622904863093000,0,75.15531500,0.00002613
1622905004421000,0,9.00000000,0.00002613
1622905025720000,0,14.04215700,0.00002613
1622905125142000,1,2880.00000000,0.00002609
1622905591312000,0,32.87012000,0.00002613
1622905999937000,1,37.47180600,0.00002608
1622906133672000,1,98.00000000,0.00002608
1622906133673000,1,0.99856400,0.00002608
1622906311988000,0,360.15937000,0.00002610
1622906312260000,0,29.20742200,0.00002610
1622906692944000,1,28.61800000,0.00002613
1622906864679000,1,6139.00000000,0.00002608
1622906872475000,1,0.91947852,0.00002608
1622906872864000,0,405.36834036,0.00002609
1622906888397000,1,597.00000000,0.00002607
1622906891113000,1,0.57038741,0.00002607
1622906891113000,1,173.42961259,0.00002606
1622906891128000,1,0.14252862,0.00002606
1622906909241000,0,59.24856156,0.00002607
1622906952731000,1,3729.00000000,0.00002609
1622906954092000,1,0.80722900,0.00002609
1622906965807000,1,426.00000000,0.00002608
1622906968833000,1,0.27415644,0.00002608
1622906981742000,1,52.72162576,0.00002608
1622906981747000,1,35.06466700,0.00002607
1622907112088000,1,1000.00000000,0.00002604
1622907165773000,0,148.71174200,0.00002604
1622907329642000,0,9.70375100,0.00002601
1622907347982000,1,200.00000000,0.00002599
1622907356546000,0,63.57622600,0.00002600
1622907382125000,0,11.38709700,0.00002599
1622907387721000,0,15.46510700,0.00002599
1622907413549000,0,148.83971200,0.00002599
1622907423678000,0,38.35960500,0.00002599
1622907423825000,0,99.22963700,0.00002599
1622907456498000,1,2880.00000000,0.00002596
1622907457522000,1,2880.00000000,0.00002596
1622907464989000,0,24.81723700,0.00002596
1622907507293000,0,188.07753400,0.00002596
1622907527803000,0,43.47172800,0.00002597
1622907528316000,0,322.42590400,0.00002597
1622907532507000,1,100.00000000,0.00002594
1622907532507000,1,2880.00000000,0.00002594
1622907532507000,1,5334.99212463,0.00002594
1622907553579000,1,2880.00000000,0.00002594
1622907571406000,0,12.06023700,0.00002597
1622907571557000,0,24.75480700,0.00002597
1622907592164000,0,25.81711900,0.00002596
1622907656883000,0,1000.15628800,0.00002597
1622907678345000,0,1238.29420800,0.00002597
1622907692627000,1,49.51915000,0.00002596
1622907721463000,0,274.44147300,0.00002596
1622907784689000,0,12.36540800,0.00002595
1622907970678000,0,18.63007200,0.00002595
1622908075000000,1,296.00000000,0.00002597
1622908113503000,1,0.99389100,0.00002597
1622908217861000,1,2880.00000000,0.00002593
1622908258423000,1,600.00000000,0.00002589
1622908261503000,1,100.00000000,0.00002588
1622908266667000,1,100.00000000,0.00002587
1622908271832000,1,100.00000000,0.00002587
1622908276981000,1,100.00000000,0.00002587
1622908282137000,1,20.84361828,0.00002586
1622908282137000,1,79.15638172,0.00002586
1622908287315000,1,100.00000000,0.00002587
1622908289384000,0,77.09554000,0.00002590
1622908292455000,1,100.00000000,0.00002587
1622908297596000,1,100.00000000,0.00002588
1622908302742000,1,100.00000000,0.00002588
1622908307967000,1,100.00000000,0.00002588
1622908313320000,1,106.00000000,0.00002590
1622908332044000,1,0.68831000,0.00002590
1622908377138000,1,246.00000000,0.00002587
1622908377297000,1,0.42291300,0.00002587
1622908522859000,1,483.00000000,0.00002593
1622908522867000,1,0.62399700,0.00002593
1622908583443000,0,33.59809900,0.00002591
1622908667195000,1,68.00000000,0.00002592
1622908727524000,0,19.80100000,0.00002592
1622908777997000,0,0.00089000,0.00002592
1622908807360000,1,3671.80000000,0.00002590
1622908807360000,1,3878.98769831,0.00002590
1622908807360000,1,2880.00000000,0.00002590
1622908819476000,1,15.47832621,0.00002585
1622908819476000,1,2984.52167379,0.00002585
1622908819487000,1,687.27832621,0.00002585
1622908820010000,1,2880.00000000,0.00002585
1622908877728000,1,159.00401177,0.00002586
1622908906377000,0,2880.00000000,0.00002588
1622908917892000,0,6604.00000000,0.00002588
1622908921262000,0,2880.00000000,0.00002589
1622908921262000,0,9365.00000000,0.00002589
1622908940095000,0,981.21426100,0.00002589
1622908950806000,0,229.98361700,0.00002591
1622908982311000,0,189.11168000,0.00002591
1622909066798000,0,8.88358200,0.00002592
1622909225403000,0,2000.78000000,0.00002591
1622909488686000,0,14.41728600,0.00002592
1622909519667000,1,5339.71452125,0.00002591
1622909551858000,1,11.13300000,0.00002594
1622909557403000,1,0.00053500,0.00002594
1622909557403000,1,99.99946500,0.00002592
1622909888067000,1,127.95374800,0.00002590
1622910059061000,0,14.56991400,0.00002589
1622910245121000,0,404.01000000,0.00002590
1622910822956000,0,25.38084200,0.00002591
1622910962044000,1,8.66800000,0.00002591
1622911508513000,0,58.52702100,0.00002592
1622911508882000,0,24.73279200,0.00002592
1622911529289000,0,30.61191200,0.00002591
1622911772802000,1,11.86962750,0.00002591
1622911818274000,0,55.79845857,0.00002595
1622911866282000,0,24.75008500,0.00002593
1622912178436000,0,15.55777900,0.00002593
1622912524527000,0,372.00456700,0.00002591
1622912539756000,0,38.94287100,0.00002591
1622912667573000,1,85.00000000,0.00002591
1622912761351000,1,2880.00000000,0.00002595
1622912761351000,1,3828.00000000,0.00002595
1622913023556000,0,13.45822102,0.00002597
1622913088221000,0,11.53561802,0.00002597
1622913187625000,0,21.62231600,0.00002593
1622913212752000,1,73.00000000,0.00002593
1622913218991000,0,7208.56837300,0.00002594
1622913389380000,0,1488.50720500,0.00002596
1622913438249000,0,10.00000000,0.00002595
1622913586562000,0,22.33650200,0.00002591
1622913875592000,0,213.93137600,0.00002593
1622913962476000,1,2880.00000000,0.00002589
1622913966337000,1,2880.00000000,0.00002588
1622913978102000,1,100.00000000,0.00002586
1622914200894000,1,743.00000000,0.00002589
1622914274982000,1,0.38528700,0.00002589
1622914400800000,0,71.64471100,0.00002589
1622914412072000,0,96.65190300,0.00002588
1622914422446000,0,16.93693600,0.00002588
1622914443056000,0,14.87726500,0.00002588
1622914842032000,0,13.59943900,0.00002590
1622915003325000,0,42.49829600,0.00002592
1622915093915000,0,45.75831800,0.00002590
1622915153031000,0,74.35384900,0.00002589
1622915282032000,0,293.31342100,0.00002588
1622915332648000,1,214.82838100,0.00002589
1622915332648000,1,113.17161900,0.00002589
1622915370675000,1,0.57243300,0.00002589
1622915406302000,0,36.08486600,0.00002588
1622915740925000,0,65.96763000,0.00002589
1622915790231000,1,248.00000000,0.00002589
1622915790234000,1,0.51256000,0.00002589
1622915825336000,0,25.28613400,0.00002589
1622915835465000,0,29.79975700,0.00002589
1622915902815000,0,28.35033500,0.00002589
1622915908245000,0,12.42852400,0.00002589
1622915950458000,0,18.02762800,0.00002588
1622915950678000,0,24.63120300,0.00002588
1622915971216000,0,25.10508200,0.00002588
1622915992259000,0,57.04958800,0.00002588
1622916019422000,1,2880.00000000,0.00002585
1622916089388000,1,12.76556200,0.00002587
1622916089407000,1,2880.00000000,0.00002587
1622916095894000,1,151.24032600,0.00002586
1622916100994000,1,2880.00000000,0.00002586
1622916138722000,0,4467.80358700,0.00002589
1622916139056000,0,1242.30189500,0.00002589
1622916163134000,1,662.00000000,0.00002585
1622916477260000,0,960.09080700,0.00002591
1622916485438000,0,101.26000000,0.00002589
1622916498224000,0,81.88488000,0.00002589
1622916556373000,1,5361.89077629,0.00002586
1622916556373000,1,2880.00000000,0.00002586
1622916556373000,1,1801.10922371,0.00002586
1622916576032000,0,49.70601600,0.00002589
1622916611441000,1,28.64667224,0.00002584
1622916611576000,1,1136.54348651,0.00002584
1622916786454000,0,178.91344000,0.00002589
1622916933912000,0,21.88349800,0.00002587
1622916986418000,0,29.78125900,0.00002589
1622917008686000,1,736.00000000,0.00002589
1622917008688000,1,0.37493600,0.00002589
1622917026023000,0,504.80000000,0.00002589
1622917086417000,0,29.78125900,0.00002591
1622917122407000,1,8.38998900,0.00002591
1622917180621000,0,31.91029800,0.00002592
1622917207306000,0,44.50178700,0.00002592
1622917311869000,1,50.00000000,0.00002588
1622917542192000,0,14.24428300,0.00002591
1622917604068000,0,457.47042900,0.00002591
1622917919757000,0,13.99479500,0.00002591
1622917933747000,1,238.87794000,0.00002588
1622918073769000,0,363.86913200,0.00002592
1622918165816000,0,1008.19000000,0.00002590
1622918273392000,0,236.08365700,0.00002589
1622918566474000,0,15.51488200,0.00002587
1622918671123000,0,11004.78031100,0.00002587
1622918739246000,0,75.39848500,0.00002587
1622918761601000,1,2880.00000000,0.00002584
1622918775596000,0,21.87638300,0.00002587
1622918912019000,1,419.75454016,0.00002582
1622918984512000,0,223.68403100,0.00002585
1622919183594000,0,1657.48163500,0.00002587
1622919487717000,0,300.02000000,0.00002587
1622919559200000,0,87.00000000,0.00002587
1622919580790000,0,14.00000000,0.00002587
1622919658841000,0,718.60000000,0.00002588
1622919658888000,0,3014.50000000,0.00002588
1622919912701000,1,10.45219700,0.00002592
1622919946879000,1,74.13061500,0.00002593
1622919967515000,1,51.44034800,0.00002593
1622919975065000,1,441.46681300,0.00002593
1622920024052000,1,14732.00000000,0.00002591
1622920766206000,0,355.03240800,0.00002586
1622920769882000,1,2880.00000000,0.00002583
1622920769882000,1,5349.07466974,0.00002583
1622920851005000,1,1000.00000000,0.00002581
1622920861740000,1,100.00000000,0.00002581
1622920866936000,1,100.00000000,0.00002581
1622920869935000,1,24.77800000,0.00002584
1622920872094000,1,0.00059600,0.00002584
1622920872094000,1,99.99940400,0.00002582
1622920877251000,1,100.00000000,0.00002582
1622920882390000,1,100.00000000,0.00002583
1622920887579000,1,100.00000000,0.00002583
1622920892727000,1,100.00000000,0.00002583
1622920897869000,1,100.00000000,0.00002583
1622920903013000,1,100.00000000,0.00002584
1622920908146000,1,100.00000000,0.00002584
1622921404747000,0,201.48000000,0.00002591
1622921805857000,0,2880.00000000,0.00002589
1622921805857000,0,15968.97335366,0.00002589
1622921806807000,1,695.26793445,0.00002588
1622921832286000,1,9156.00000000,0.00002588
1622921966371000,1,6118.00000000,0.00002588
1622922250568000,0,14.32605000,0.00002591
1622922576554000,1,100.00000000,0.00002591
1622922581706000,1,100.00000000,0.00002591
1622922585875000,1,5161.00000000,0.00002591
1622922586854000,1,0.21972194,0.00002591
1622922586854000,1,99.78027806,0.00002590
1622922881131000,0,21.24725500,0.00002590
1622922907518000,0,2880.00000000,0.00002591
1622923027928000,0,8.14459200,0.00002591
1622923069308000,0,16.94618300,0.00002592
1622923089901000,0,75.93008500,0.00002592
1622923096521000,0,1118.80030500,0.00002592
1622923151291000,1,19.16600000,0.00002592
1622923191762000,1,0.00081700,0.00002592
1622923191762000,1,74.44950227,0.00002592
1622923200133000,1,674.65600000,0.00002592
1622923201084000,0,10.64033107,0.00002593
1622923212656000,0,757.53423500,0.00002593
1622923214998000,0,148.73036700,0.00002593
1622923235206000,0,33.99688400,0.00002593
1622923257486000,1,7105.87660778,0.00002592
1622923257501000,1,145.01788995,0.00002592
1622923361619000,0,14.21620900,0.00002594
1622923547437000,1,100.00000000,0.00002595
1622923646837000,1,100.00000000,0.00002600
1622923651977000,1,100.00000000,0.00002600
1622923657122000,1,100.00000000,0.00002602
1622923662256000,1,100.00000000,0.00002602
1622923667404000,1,100.00000000,0.00002602
1622923685537000,0,141.88000000,0.00002605
1622923697005000,1,100.00000000,0.00002606
1622923702141000,1,100.00000000,0.00002606
1622923707286000,1,100.00000000,0.00002606
1622923712417000,1,100.00000000,0.00002606
1622923717563000,1,100.00000000,0.00002606
1622923722698000,1,100.00000000,0.00002607
1622923727834000,1,100.00000000,0.00002607
1622923767355000,1,100.00000000,0.00002610
1622923768273000,0,8.17050000,0.00002611
1622923772492000,1,100.00000000,0.00002610
1622923777634000,1,100.00000000,0.00002610
1622923778833000,0,11520.00000000,0.00002613
1622923782773000,1,100.00000000,0.00002612
1622923787398000,1,114.91781719,0.00002614
1622923787926000,1,100.00000000,0.00002614
1622923790571000,1,1499.91228630,0.00002614
1622923801394000,1,100.00000000,0.00002616
1622923806545000,1,100.00000000,0.00002616
1622923811694000,1,100.00000000,0.00002616
1622923816844000,1,100.00000000,0.00002616
1622923822007000,1,100.00000000,0.00002616
1622923827139000,1,100.00000000,0.00002616
1622923832283000,1,100.00000000,0.00002616
1622923837410000,1,100.00000000,0.00002616
1622923842544000,1,100.00000000,0.00002616
1622923847722000,1,100.00000000,0.00002618
1622923872240000,1,100.00000000,0.00002622
1622923872392000,0,20.84300000,0.00002624
1622923875543000,0,0.00061828,0.00002624
1622923877405000,1,100.00000000,0.00002625
1622923882575000,1,100.00000000,0.00002626
1622923887728000,1,100.00000000,0.00002626
1622923892872000,1,100.00000000,0.00002626
1622923898007000,1,100.00000000,0.00002626
1622923903154000,1,100.00000000,0.00002626
1622923904014000,1,21.15540700,0.00002626
1622923908319000,1,100.00000000,0.00002626
1622924011502000,1,100.00000000,0.00002625
1622924021677000,1,100.00000000,0.00002625
1622924026881000,1,100.00000000,0.00002625
1622924139989000,1,300.00000000,0.00002617
1622924217494000,1,20.84300000,0.00002619
1622924239199000,1,53.84362000,0.00002619
1622924279847000,0,10.24758400,0.00002618
1622924439259000,1,8.29177500,0.00002619
1622924439259000,1,4.30690052,0.00002618
1622924440680000,1,7.83484233,0.00002618
1622924445075000,0,69.08221200,0.00002621
1622924629496000,0,2880.00000000,0.00002617
1622924638443000,1,2880.00000000,0.00002616
1622924832308000,0,415.54661700,0.00002615
1622924934602000,0,598.66044300,0.00002616
1622925083557000,1,5330.00000000,0.00002614
1622925108596000,1,800.00000000,0.00002612
1622925304322000,1,224.00000000,0.00002616
1622925325120000,1,0.86058600,0.00002616
1622925327014000,1,11185.00000000,0.00002614
1622925329198000,1,427.00000000,0.00002614
1622925338470000,0,12.32214700,0.00002615
1622925359242000,0,24.66351700,0.00002615
1622925379767000,0,77.16014800,0.00002615
1622925399072000,0,197.51926300,0.00002615
1622925420995000,1,2880.00000000,0.00002611
1622925430465000,0,61.33522100,0.00002613
1622925515315000,0,13.10991100,0.00002614
1622925526686000,0,11.51969407,0.00002615
1622925548422000,0,470.56499000,0.00002615
1622925611394000,0,74.04680900,0.00002612
1622925611512000,0,22.51187500,0.00002612
1622925679543000,0,407.42913500,0.00002613
1622925679670000,0,501.00000000,0.00002613
1622925716611000,1,27.48812400,0.00002611
1622925891028000,0,718.60000000,0.00002612
1622926024938000,0,16.93899700,0.00002611
1622926074525000,1,250.00000000,0.00002612
1622926099656000,1,2880.00000000,0.00002610
1622926099656000,1,22425.91352427,0.00002610
1622926100164000,1,6439.22647573,0.00002610
1622926100164000,1,250.00000000,0.00002610
1622926123937000,1,2880.00000000,0.00002610
1622926125749000,1,4093.10000000,0.00002609
1622926125749000,1,250.00000000,0.00002609
1622926141792000,1,7169.00000000,0.00002610
1622926141827000,1,0.46847049,0.00002610
1622926154250000,1,1000.00000000,0.00002607
1622926169295000,0,12.00382600,0.00002604
1622926195203000,1,500.00000000,0.00002602
1622926271274000,1,39.74100000,0.00002605
1622926272700000,1,0.00007100,0.00002605
1622926374958000,0,13.12121600,0.00002604
1622926375198000,0,18.65681700,0.00002604
1622926420763000,1,2811.00000000,0.00002599
1622926522441000,1,74.44800000,0.00002601
1622926522458000,1,0.00036400,0.00002601
1622926619555000,0,25.12772900,0.00002601
1622926743364000,1,40.44100000,0.00002601
1622926743387000,1,0.00083600,0.00002601
1622926805181000,1,392.00000000,0.00002600
1622926822082000,0,8.87179400,0.00002602
1622926862601000,0,118.31472000,0.00002602
1622926902826000,0,496.25784900,0.00002601
1622926923124000,0,19.64855100,0.00002601
1622927012251000,0,514.69634200,0.00002605
1622927105845000,0,410.33644268,0.00002603
1622927106257000,0,2388.04980000,0.00002603
1622927106759000,0,322.12153267,0.00002603
1622927125754000,0,15.83165700,0.00002603
1622927159085000,0,2880.00000000,0.00002602
1622927159152000,1,104.95700000,0.00002602
1622927159314000,1,0.00075200,0.00002602
1622927164961000,0,168.04000000,0.00002602
1622927186853000,0,137.40184700,0.00002602
1622927208246000,1,248.54800000,0.00002602
1622927251474000,1,0.00025000,0.00002602
1622927346638000,0,487.26663200,0.00002602
1622927349170000,0,49.74001800,0.00002602
1622927450572000,0,9.40490700,0.00002602
1622927584174000,0,44.84974500,0.00002601
1622927613791000,0,1243.98157500,0.00002601
1622927626092000,0,73.31368200,0.00002601
1622928017589000,0,38.66493100,0.00002603
1622928038032000,0,74.58136400,0.00002603
1622928058490000,0,24.86045500,0.00002603
1622928058626000,0,39.59797500,0.00002603
1622928062189000,1,8.42172996,0.00002601
1622928205373000,1,700.00000000,0.00002597
1622928205373000,1,1614.00000000,0.00002597
1622928220557000,1,1418.00000000,0.00002596
1622928220600000,1,210.46500000,0.00002596
1622928220628000,1,2186.43500000,0.00002596
1622928225865000,1,3814.00000000,0.00002593
1622928227206000,1,500.00000000,0.00002592
1622928238322000,1,100.00000000,0.00002587
1622928238487000,1,20.84360000,0.00002586
1622928238747000,1,0.00001828,0.00002586
1622928239440000,1,300.00000000,0.00002582
1622928240084000,0,62.10042000,0.00002580
1622928240310000,1,1000.00000000,0.00002577
1622928240310000,1,3986.40000000,0.00002576
1622928240369000,1,147.87088693,0.00002575
1622928241910000,1,20.94893000,0.00002573
1622928241910000,1,79.05107000,0.00002571
1622928242420000,0,2880.00000000,0.00002574
1622928242420000,0,5980.03493788,0.00002575
1622928247059000,1,100.00000000,0.00002575
1622928247327000,0,200.00000000,0.00002577
1622928247916000,0,21.61217600,0.00002580
1622928250769000,0,11.35925200,0.00002582
1622928252208000,1,100.00000000,0.00002577
1622928257351000,1,100.00000000,0.00002580
1622928262510000,1,100.00000000,0.00002586
1622928267647000,1,100.00000000,0.00002587
1622928272817000,1,100.00000000,0.00002585
1622928277960000,1,100.00000000,0.00002585
1622928283109000,1,100.00000000,0.00002586
1622928288244000,1,100.00000000,0.00002585
1622928297510000,0,23.15896500,0.00002589
1622928347075000,1,100.00000000,0.00002592
1622928357044000,1,7023.90481191,0.00002591
1622928442591000,1,130.00000000,0.00002594
1622928463199000,1,75.21709300,0.00002594
1622928511327000,1,200.00000000,0.00002593
1622928553804000,1,200.00000000,0.00002587
1622928553804000,1,837.25242000,0.00002587
1622928554510000,1,100.00000000,0.00002583
1622928554599000,1,399.21911728,0.00002583
1622928555220000,1,3600.00000000,0.00002583
1622928555896000,1,1000.00000000,0.00002578
1622928556401000,1,100.00000000,0.00002573
1622928556906000,0,250.00000000,0.00002577
1622928556906000,0,9344.10438494,0.00002577
1622928557902000,1,874.70445195,0.00002570
1622928561566000,1,100.00000000,0.00002566
1622928566746000,1,100.00000000,0.00002576
1622928571891000,1,100.00000000,0.00002576
1622928577028000,1,100.00000000,0.00002572
1622928582188000,1,100.00000000,0.00002574
1622928587363000,1,100.00000000,0.00002575
1622928601843000,1,100.00000000,0.00002583
1622928605378000,1,11182.00000000,0.00002583
1622928607002000,1,100.00000000,0.00002583
1622928607571000,1,6082.00000000,0.00002583
1622928617191000,1,100.00000000,0.00002582
1622928622330000,1,100.00000000,0.00002584
1622928627458000,1,100.00000000,0.00002583
1622928632594000,1,100.00000000,0.00002584
1622928637739000,1,100.00000000,0.00002587
1622928642905000,1,100.00000000,0.00002587
1622928648050000,1,100.00000000,0.00002587
1622928661389000,1,100.00000000,0.00002591
1622928666541000,1,100.00000000,0.00002589
1622928671676000,1,100.00000000,0.00002589
1622928676843000,1,100.00000000,0.00002589
1622928678883000,0,7852.31619676,0.00002592
1622928681979000,1,100.00000000,0.00002589
1622928687259000,1,100.00000000,0.00002591
1622928692403000,1,100.00000000,0.00002589
1622928697554000,1,100.00000000,0.00002591
1622928702692000,1,100.00000000,0.00002592
1622928706865000,1,2879.00000000,0.00002591
1622928707826000,1,100.00000000,0.00002591
1622928722267000,1,100.00000000,0.00002592
1622928727460000,1,100.00000000,0.00002592
1622928732612000,1,100.00000000,0.00002593
1622928737769000,1,100.00000000,0.00002593
1622928742926000,1,100.00000000,0.00002594
1622928748066000,1,100.00000000,0.00002596
1622928753197000,1,100.00000000,0.00002598
1622928758342000,1,100.00000000,0.00002599
1622928763477000,1,100.00000000,0.00002598
1622928768629000,1,100.00000000,0.00002596
1622928768845000,1,1556.57939400,0.00002596
1622928838180000,1,4247.00000000,0.00002585
1622928838271000,1,0.50000000,0.00002585
1622928845992000,1,1000.00000000,0.00002583
1622928850581000,1,1683.19916867,0.00002579
1622928850581000,1,1000.00000000,0.00002578
1622928850581000,1,1689.98226565,0.00002578
1622928851277000,1,557.84893450,0.00002573
1622928851287000,1,342.15106550,0.00002573
1622928851869000,1,700.00000000,0.00002568
1622928854283000,1,1669.00000000,0.00002562
1622928855430000,0,893.54894749,0.00002565
1622928855438000,0,1567.92827590,0.00002565
1622928855441000,0,1340.37370589,0.00002565
1622928855442000,0,1643.12352723,0.00002565
1622928855460000,0,2221.20277617,0.00002565
1622928855478000,0,1978.39952642,0.00002565
1622928855503000,0,354.00090371,0.00002565
1622928855509000,0,1133.55823719,0.00002565
1622928856367000,0,200.00000000,0.00002570
1622928856367000,0,250.00000000,0.00002570
1622928856662000,0,59.27356123,0.00002572
1622928856664000,0,643.54395504,0.00002572
1622928856674000,0,232.82000000,0.00002572
1622928856684000,0,788.48219466,0.00002572
1622928856688000,0,1544.41917638,0.00002572
1622928856708000,0,67.09039131,0.00002572
1622928856731000,0,340.94534802,0.00002572
1622928856761000,0,442.12537336,0.00002572
1622928856761000,0,250.00000000,0.00002572
1622928856848000,1,100.00000000,0.00002563
1622928856901000,0,250.00000000,0.00002572
1622928857322000,0,9.90000000,0.00002573
1622928857480000,0,236.86131054,0.00002576
1622928857483000,0,242.66069556,0.00002576
1622928857719000,0,250.87269689,0.00002576
1622928857724000,0,1286.15164987,0.00002576
1622928857733000,0,415.83832790,0.00002576
1622928857760000,0,250.00000000,0.00002575
1622928857922000,0,67.02212215,0.00002576
1622928857953000,0,177.27824390,0.00002576
1622928857957000,0,5.69963395,0.00002576
1622928857957000,0,122.40673767,0.00002576
1622928857958000,0,459.43505051,0.00002576
1622928858042000,0,642.29126118,0.00002576
1622928858043000,0,167.20201635,0.00002576
1622928858045000,0,980.73463727,0.00002576
1622928858059000,0,1331.84109266,0.00002576
1622928858117000,0,515.41847278,0.00002576
1622928861698000,1,7727.00000000,0.00002573
1622928861718000,1,0.29913000,0.00002573
1622928861989000,1,100.00000000,0.00002569
1622928867148000,1,100.00000000,0.00002572
1622928872341000,1,100.00000000,0.00002573
1622928877523000,1,100.00000000,0.00002570
1622928882673000,1,100.00000000,0.00002569
1622928887802000,1,100.00000000,0.00002572
1622928942490000,1,100.00000000,0.00002578
1622928947648000,1,100.00000000,0.00002580
1622928960532000,1,5543.41527966,0.00002580
1622928960532000,1,200.00000000,0.00002580
1622928963094000,1,631.03828000,0.00002571
1622928963631000,1,200.00000000,0.00002570
1622928963631000,1,14794.26571712,0.00002570
1622929122593000,1,100.00000000,0.00002579
1622929127735000,1,100.00000000,0.00002580
1622929159888000,1,5532.22467590,0.00002578
1622929159888000,1,1065.77532410,0.00002578
1622929175721000,1,551.33018000,0.00002582
1622929223226000,1,104.00000000,0.00002580
1622929242673000,0,296.93547500,0.00002583
1622929242918000,0,82.65427800,0.00002583
1622929270460000,1,0.05228600,0.00002580
1622929300680000,1,1608.08414600,0.00002579
1622929313298000,1,24.77138800,0.00002582
1622929324515000,0,25.49323400,0.00002581
1622929618212000,1,5564.84171240,0.00002571
1622929618212000,1,23753.36828760,0.00002571
1622929642881000,1,200.00000000,0.00002570
1622929672600000,1,5568.14674909,0.00002569
1622929672600000,1,3912.60000000,0.00002569
1622929672600000,1,781.75912091,0.00002569
1622929673173000,1,0.00001209,0.00002569
1622929774507000,0,28.14454000,0.00002571
1622929887020000,1,100.00000000,0.00002578
1622929892171000,1,100.00000000,0.00002579
1622929897327000,1,100.00000000,0.00002578
1622929898992000,0,408.61529700,0.00002579
1622929902494000,1,100.00000000,0.00002578
1622929907633000,1,100.00000000,0.00002578
1622929927317000,0,209.74000000,0.00002582
1622930075546000,1,25.59155000,0.00002582
1622930131866000,1,100.00000000,0.00002583
1622930136988000,1,100.00000000,0.00002583
1622930142144000,1,100.00000000,0.00002583
1622930147287000,1,100.00000000,0.00002583
1622930219387000,0,50.01113600,0.00002588
1622930228708000,1,44.91122100,0.00002588
1622930228708000,1,76.08877900,0.00002588
1622930228711000,1,0.63450300,0.00002588
1622930246081000,0,63.77435700,0.00002587
1622930433496000,0,31.98624400,0.00002580
1622930565901000,0,8663.61670000,0.00002587
1622930568104000,1,25.07366900,0.00002585
1622930617203000,1,100.00000000,0.00002588
1622930622345000,1,100.00000000,0.00002588
1622930627470000,1,100.00000000,0.00002588
1622931232162000,1,24.00000000,0.00002589
1622931421987000,1,100.00000000,0.00002593
1622931503400000,1,5473.81001556,0.00002588
1622931503400000,1,1054.92967000,0.00002588
1622931648919000,1,1223.00000000,0.00002593
1622931648927000,1,0.72742300,0.00002593
1622931732066000,0,593.37720100,0.00002592
1622931765486000,0,14600.00000000,0.00002593
1622931765556000,0,992.68763000,0.00002593
1622932009670000,0,30.44013700,0.00002595
1622932076983000,1,513.00000000,0.00002595
1622932077008000,1,0.02186100,0.00002595
1622932342173000,1,579.93769000,0.00002591
1622932519377000,1,12.53523000,0.00002590
1622932525428000,1,101.90833200,0.00002589
1622932916746000,0,5463.67632045,0.00002599
1622932916746000,0,5464.66188282,0.00002600
1622932916746000,0,12199.34179673,0.00002601
1622932917764000,0,200.00000000,0.00002603
1622932917764000,0,5464.02002462,0.00002604
1622932917856000,1,17832.15997538,0.00002604
1622932918752000,0,7915.31002462,0.00002604
1622932918752000,0,1632.62170023,0.00002604
1622932921281000,1,100.00000000,0.00002598
1622932926426000,1,100.00000000,0.00002601
1622932931597000,1,100.00000000,0.00002600
1622932936752000,1,100.00000000,0.00002601
1622932946936000,1,100.00000000,0.00002599
1622932952076000,1,100.00000000,0.00002599
1622932957208000,1,100.00000000,0.00002601
1622932962372000,1,100.00000000,0.00002601
1622932967521000,1,100.00000000,0.00002601
1622932977498000,0,10804.47710041,0.00002599
1622932980918000,0,10803.02923848,0.00002599
1622933070751000,0,30.27055700,0.00002600
1622933419503000,0,3883.70000000,0.00002600
1622933419503000,0,3736.59468300,0.00002601
1622933663403000,0,66.18181100,0.00002602
1622933683842000,0,2021.35023600,0.00002600
1622933705867000,1,381.28701900,0.00002601
1622933705867000,1,24.71298100,0.00002601
1622933776494000,1,0.64491300,0.00002601
1622933981777000,1,15767.94256500,0.00002598
1622934241255000,1,100.00000000,0.00002604
1622934246400000,1,100.00000000,0.00002604
1622934251556000,1,100.00000000,0.00002604
1622934256692000,1,100.00000000,0.00002604
1622934261868000,1,100.00000000,0.00002604
1622934267016000,1,100.00000000,0.00002603
1622934272148000,1,100.00000000,0.00002601
1622934282333000,1,100.00000000,0.00002603
1622934287482000,1,100.00000000,0.00002603
1622934437974000,0,1255.82700800,0.00002601
1622935074379000,1,900.00000000,0.00002595
1622935375716000,0,251.27937900,0.00002594
1622935380766000,1,1255.00000000,0.00002591
1622935419286000,1,900.00000000,0.00002590
1622935820293000,0,6674.90709600,0.00002595
1622935830319000,1,6675.73410400,0.00002592
1622935830319000,1,5468.26589600,0.00002592
1622936003570000,1,5468.00000000,0.00002590
1622936012818000,0,258.07595100,0.00002592
1622936033290000,0,1039.43304000,0.00002592
1622936098300000,1,151.77771600,0.00002592
1622936344692000,1,63.02720500,0.00002596
1622936380506000,0,80.67426400,0.00002596
1622936461883000,0,34.19203900,0.00002594
1622936482289000,0,181.34383500,0.00002594
1622936502907000,0,17.54425700,0.00002594
1622936523240000,0,27.71592000,0.00002594
1622936523354000,0,210.27522000,0.00002594
1622936524088000,0,510.56565400,0.00002594
1622936540381000,0,188.23962800,0.00002592
1622936563939000,0,27.77034300,0.00002593
1622936604274000,0,257.60040100,0.00002593
1622936624684000,0,12.62751100,0.00002593
1622936644833000,0,25.45843600,0.00002594
1622936665663000,0,804.63519000,0.00002594
1622936706358000,0,33.78129600,0.00002592
1622936773544000,1,75.00000000,0.00002592
1622936807827000,0,264.81057000,0.00002594
1622936825936000,0,102.94000000,0.00002596
1622936875322000,1,159.00000000,0.00002596
1622936929241000,1,75.00000000,0.00002597
1622936965128000,1,0.78653900,0.00002597
1622937084480000,0,3029.30143300,0.00002599
1622937107038000,1,100.00000000,0.00002597
1622937151821000,1,22.68928700,0.00002599
1622937205394000,1,4774.00000000,0.00002597
1622937246085000,0,593.82000000,0.00002602
1622937605881000,1,25.53717000,0.00002600
1622937625493000,0,232.96870200,0.00002601
1622937666115000,0,153.40000000,0.00002596
1622937718672000,1,100.00000000,0.00002590
1622937732734000,1,100.00000000,0.00002585
1622937763157000,0,1410.63447300,0.00002587
1622937763323000,0,12.51010600,0.00002587
1622937763451000,0,101.82343100,0.00002587
1622937821716000,1,100.00000000,0.00002593
1622937826856000,1,100.00000000,0.00002593
1622937913979000,1,491.00000000,0.00002594
1622937917405000,1,695.00000000,0.00002593
1622937926967000,0,300.93988900,0.00002596
1622937964191000,0,256.87898400,0.00002595
1622937967449000,0,1536.05000000,0.00002595
1622938036440000,0,1255.55170100,0.00002593
1622938078758000,0,12.54508700,0.00002594
1622938100360000,0,501.61382900,0.00002594
1622938120986000,0,15.78688000,0.00002594
1622938307360000,1,198.00000000,0.00002594
1622938477649000,1,133.35000061,0.00002594
1622938580679000,1,5431.27559211,0.00002593
1622938853810000,1,4966.01543400,0.00002594
1622938853810000,1,5416.26248154,0.00002594
1622938853810000,1,716.90871213,0.00002593
1622938914161000,0,124.92128900,0.00002595
1622939011108000,1,37.64300000,0.00002593
1622939020213000,0,118.06233300,0.00002595
1622939586548000,1,100.00000000,0.00002603
1622939591730000,1,100.00000000,0.00002602
1622939596867000,1,100.00000000,0.00002601
1622939602007000,1,100.00000000,0.00002601
1622939607138000,1,100.00000000,0.00002603
1622939612275000,1,100.00000000,0.00002602
1622939617448000,1,100.00000000,0.00002605
1622939622587000,1,100.00000000,0.00002606
1622939627748000,1,100.00000000,0.00002607
1622939642081000,1,100.00000000,0.00002607
1622939647254000,1,100.00000000,0.00002606
1622939652410000,1,100.00000000,0.00002606
1622939657547000,1,100.00000000,0.00002605
1622939662693000,1,100.00000000,0.00002604
1622939671707000,1,100.00000000,0.00002605
1622939676853000,1,100.00000000,0.00002604
1622939682007000,1,100.00000000,0.00002604
1622939687143000,1,100.00000000,0.00002603
1622939692289000,1,100.00000000,0.00002604
1622940146722000,0,64.37197700,0.00002604
1622940291088000,0,12.46175600,0.00002602
1622940332790000,0,74.74256600,0.00002602
1622940928224000,0,36.28467900,0.00002601
1622941041656000,0,102.48124700,0.00002599
1622941084699000,0,153.13000000,0.00002599
1622941169713000,1,2880.00000000,0.00002598
1622941172853000,1,1724.00000000,0.00002598
1622941246348000,1,10.51700000,0.00002600
1622941255334000,1,0.00082400,0.00002600
1622941258121000,1,2880.00000000,0.00002599
1622941283251000,1,249.66302500,0.00002600
1622941283251000,1,2879.33697500,0.00002600
1622941297520000,1,2880.00000000,0.00002599
1622941302912000,1,877.00000000,0.00002599
1622941579115000,0,162.67582300,0.00002603
1622941715977000,0,2761.79959142,0.00002601
1622941787151000,0,1285.76527800,0.00002599
1622941807891000,0,12.48313200,0.00002599
1622941833077000,1,12.49200000,0.00002599
1622941850039000,1,0.00073800,0.00002599
1622941850039000,1,2880.00000000,0.00002597
1622941850039000,1,3843.99926200,0.00002597
1622941993738000,1,1000.00000000,0.00002595
1622942139767000,0,244.23774100,0.00002596
1622942254531000,1,2880.00000000,0.00002592
1622942284530000,0,261.15266800,0.00002593
1622942306295000,0,4981.67277400,0.00002594
1622942516603000,0,4051.70045600,0.00002592
1622942517479000,1,900.00000000,0.00002590
1622942577679000,0,13.62700100,0.00002589
1622942593492000,1,2880.00000000,0.00002586
1622942594700000,1,139.34800000,0.00002586
1622942597700000,1,200.00000000,0.00002585
1622942597700000,1,2880.00000000,0.00002585
1622942598452000,0,24.82209100,0.00002586
1622942603435000,0,71.57301875,0.00002586
1622942660809000,0,571.38936300,0.00002585
1622942702075000,0,50.08040300,0.00002585
1622942723167000,1,39.30898400,0.00002585
1622942765327000,0,14.15575300,0.00002584
1622942848533000,0,59.70690500,0.00002587
1622942945365000,0,718.60000000,0.00002588
1622942949218000,0,54.68178900,0.00002588
1622942954415000,1,158.98100000,0.00002588
1622942954419000,1,0.00049700,0.00002588
1622942995354000,0,19.87263900,0.00002589
1622942997085000,0,24.83129900,0.00002589
1622943059791000,0,745.05373400,0.00002590
1622943097884000,0,24.82209100,0.00002588
1622943118455000,0,31.26083000,0.00002588
1622943130013000,1,3703.00000000,0.00002585
1622943165479000,0,318.00008700,0.00002587
1622943230273000,1,10.08500000,0.00002588
1622943248539000,0,8.50797000,0.00002589
1622943249891000,1,0.00038600,0.00002588
1622943313161000,1,357.00000000,0.00002586
1622943324978000,1,4592.00000000,0.00002585
1622943373965000,1,74.00000000,0.00002587
1622943373972000,1,0.35031900,0.00002587
1622943393613000,0,186.37796800,0.00002588
1622943415416000,0,298.34355500,0.00002588
1622943498412000,0,24.84089400,0.00002587
1622943561145000,0,248.40818800,0.00002588
1622943577121000,0,135.54792400,0.00002588
1622943582586000,0,628.47228400,0.00002588
1622943603355000,0,32.54159400,0.00002588
1622943667529000,0,134.63723900,0.00002588
1622943668296000,0,38.00517400,0.00002588
1622943689709000,0,9.83687900,0.00002588
1622943846696000,0,169.06600000,0.00002588
1622944742680000,0,112.74093300,0.00002588
1622944804693000,0,35.90167000,0.00002586
1622944815703000,1,49.57500000,0.00002586
1622944816135000,1,0.00050400,0.00002586
1622944878419000,0,574.53599300,0.00002583
1622944920835000,0,298.14473100,0.00002582
1622944941867000,1,367.78900000,0.00002582
1622944951912000,1,0.00082900,0.00002582
1622945047364000,0,42.23239400,0.00002583
1622945225467000,0,202.14000000,0.00002584
1622945255528000,0,25.52614800,0.00002583
1622945275950000,1,300.00000000,0.00002580
1622945276235000,0,192.29425900,0.00002581
1622945342330000,1,23.39500000,0.00002581
1622945443781000,0,8.06378200,0.00002586
1622945491559000,1,61.00000000,0.00002584
1622945506474000,0,110.86702400,0.00002585
1622945526241000,0,101.07000000,0.00002586
1622945557815000,0,24.76732200,0.00002585
1622945567631000,1,0.84773200,0.00002584
1622945569570000,0,9.29588800,0.00002585
1622945611065000,0,14.38631600,0.00002585
1622945653769000,1,96.79500000,0.00002585
1622945654360000,1,0.00023500,0.00002585
1622945760329000,1,2880.00000000,0.00002582
1622945799378000,0,123.72518600,0.00002584
1622945819827000,0,35.18253400,0.00002583
1622945924109000,0,37.08884800,0.00002588
1622945945370000,0,12.35817000,0.00002588
1622945969953000,1,24.72500000,0.00002586
1622945973960000,1,0.00089900,0.00002586
1622945986132000,0,37.06018600,0.00002587
1622946088633000,0,15.35358000,0.00002585
1622946109043000,0,37.07451200,0.00002585
1622946165450000,0,171.07065600,0.00002586
1622946172479000,0,13.09981200,0.00002586
1622946213980000,0,126.10208800,0.00002587
1622946306974000,1,100.00000000,0.00002588
1622946312118000,1,100.00000000,0.00002588
1622946317287000,1,100.00000000,0.00002588
1622946322429000,1,100.00000000,0.00002588
1622946327570000,1,100.00000000,0.00002591
1622946332714000,1,100.00000000,0.00002590
1622946337852000,1,100.00000000,0.00002591
1622946342991000,1,100.00000000,0.00002591
1622946348139000,1,100.00000000,0.00002590
1622946361431000,1,100.00000000,0.00002593
1622946366582000,1,100.00000000,0.00002593
1622946371734000,1,100.00000000,0.00002594
1622946376872000,1,100.00000000,0.00002594
1622946382031000,1,100.00000000,0.00002595
1622946387165000,1,100.00000000,0.00002595
1622946392299000,1,100.00000000,0.00002594
1622946397442000,1,100.00000000,0.00002593
1622946402589000,1,100.00000000,0.00002593
1622946407723000,1,100.00000000,0.00002593
1622946609220000,0,160.49113900,0.00002592
1622946668965000,0,123.01288600,0.00002597
1622946696797000,1,100.00000000,0.00002598
1622946901619000,0,13.30111800,0.00002595
1622946966427000,1,74.00000000,0.00002592
1622946966431000,1,0.23217700,0.00002592
1622947027721000,1,12.34800000,0.00002594
1622947215181000,0,35.26881400,0.00002595
1622947443875000,0,24.67370600,0.00002594
1622947474662000,0,100.87834600,0.00002594
1622947489342000,1,143.97300000,0.00002594
1622947489527000,1,118.00000000,0.00002594
1622947553380000,1,0.90059900,0.00002594
1622947663342000,1,100.00000000,0.00002590
1622947779774000,0,1234.89280600,0.00002591
1622947891053000,1,74.00000000,0.00002592
1622947917502000,1,0.09336400,0.00002592
1622948686682000,1,100.00000000,0.00002598
1622948727603000,1,671.46014000,0.00002598
1622948727636000,1,0.00000800,0.00002598
1622949026168000,0,10550.07980000,0.00002599
1622949484507000,0,2880.00000000,0.00002604
1622949487011000,1,100.00000000,0.00002601
1622949492177000,1,100.00000000,0.00002602
1622949541798000,1,10554.83090000,0.00002600
1622949635505000,1,5354.69843408,0.00002599
1622949884030000,0,891.63205380,0.00002606
1622949925716000,0,2880.00000000,0.00002607
1622950386946000,0,83.67267000,0.00002605
1622950494106000,1,2157.00000000,0.00002603
1622950545078000,0,4007.65240000,0.00002605
1622950581437000,1,2880.00000000,0.00002607
1622950596651000,1,100.00000000,0.00002608
1622950601798000,1,100.00000000,0.00002608
1622950606968000,1,100.00000000,0.00002608
1622950689671000,0,20.94893000,0.00002611
1622950689671000,0,2880.00000000,0.00002611
1622950689671000,0,4437.80000000,0.00002612
1622950690501000,1,3683.47292164,0.00002612
1622950690503000,1,539.27377991,0.00002612
1622950690869000,1,1013.51720167,0.00002612
1622950690952000,1,352.52849372,0.00002612
1622950691097000,1,1596.82111133,0.00002612
1622950691162000,1,2880.00000000,0.00002612
1622950691249000,1,127.95905310,0.00002612
1622950691354000,1,10545.92850863,0.00002612
1622950782402000,1,5339.30960041,0.00002607
1622950782402000,1,4407.70000000,0.00002607
1622950782543000,0,23807.65039959,0.00002607
1622950828075000,0,618.48773100,0.00002609
1622950860798000,1,2880.00000000,0.00002607
1622950860798000,1,5330.00000000,0.00002607
1622951477568000,0,1541.42461959,0.00002607
1622951477707000,0,1338.57538041,0.00002607
1622952281717000,0,79.97682500,0.00002606
1622953261733000,1,802.18015100,0.00002608
1622953366776000,0,7.75064800,0.00002607
1622953992313000,0,6273.24946000,0.00002609
1622954340491000,1,2880.00000000,0.00002609
1622954774096000,1,300.00000000,0.00002600
1622954774096000,1,1344.00000000,0.00002600
1622954776082000,1,1536.00000000,0.00002600
1622954811558000,1,200.00000000,0.00002595
1622954965547000,0,3314.80217400,0.00002599
1622954998797000,0,122.66784300,0.00002599
1622955186621000,0,100.52000000,0.00002600
1622955629891000,1,2724.00000000,0.00002598
1622955655364000,1,37.85421800,0.00002599
1622956207278000,1,100.00000000,0.00002603
1622956247744000,1,100.00000000,0.00002603
1622956253502000,0,718.60000000,0.00002606
1622956804583000,0,555.39873700,0.00002607
1622956814884000,1,2880.00000000,0.00002606
1622956816255000,0,5312.90486729,0.00002606
1622957026694000,1,100.00000000,0.00002607
1622957159466000,1,718.60000000,0.00002611
1622958027891000,0,16.73240100,0.00002607
1622958049056000,0,127.16137000,0.00002607
1622959203410000,1,5294.71113580,0.00002602
1622959203410000,1,1572.74545722,0.00002602
1622959231119000,1,250.00000000,0.00002602
1622959231119000,1,658.90947692,0.00002602
1622959234351000,1,45.48187260,0.00002603
1622959259979000,1,250.00000000,0.00002602
1622959259979000,1,767.82403000,0.00002601
1622959260268000,1,100.00000000,0.00002600
1622959261095000,0,718.60000000,0.00002598
1622959281430000,1,630.00000000,0.00002598
1622959281430000,1,250.00000000,0.00002598
1622959281430000,1,28345.75000000,0.00002598
1622959287648000,0,366.76941000,0.00002602
1622959336137000,0,122.60959600,0.00002597
1622959414615000,0,12.31146300,0.00002600
1622959498850000,0,491.89547500,0.00002601
1622959656762000,0,5386.39135700,0.00002602
1622959689807000,0,1919.53323900,0.00002603
1622960144120000,1,718.60000000,0.00002606
1622960421646000,1,100.00000000,0.00002608
1622960446965000,1,100.00000000,0.00002608
1622960447939000,0,190.29999999,0.00002610
1622960681051000,0,129.60904112,0.00002612
1622960681056000,0,2750.39095888,0.00002612
1622960937433000,0,716.00000000,0.00002613
1622961012401000,0,12.25479900,0.00002612
1622961020338000,1,12.24759000,0.00002611
1622961068522000,1,10.23305300,0.00002611
1622961068727000,1,734.28998800,0.00002611
1622961157130000,1,100.00000000,0.00002613
1622961162266000,1,100.00000000,0.00002613
1622961167406000,1,50.00000000,0.00002613
1622961167406000,1,50.00000000,0.00002613
1622961352714000,1,34.30784900,0.00002614
1622961986320000,1,62.63132300,0.00002617
1622962037134000,1,100.00000000,0.00002619
1622962042274000,1,100.00000000,0.00002618
1622962047429000,1,100.00000000,0.00002618
1622962052597000,1,100.00000000,0.00002618
1622962057736000,1,100.00000000,0.00002618
1622962062884000,1,100.00000000,0.00002618
1622962068011000,1,100.00000000,0.00002618
1622962086449000,1,21.36062000,0.00002618
1622962138217000,1,7000.00000000,0.00002618
1622962835377000,0,51.61000000,0.00002614
1622962835721000,0,0.00033500,0.00002614
1622963563867000,0,80.00000000,0.00002615
1622963812126000,0,13.28139000,0.00002614
1622963916081000,0,168.32504100,0.00002613
1622963942598000,0,638.65779000,0.00002613
1622963976207000,0,118.11200000,0.00002613
1622963977321000,0,0.00084623,0.00002613
1622964731350000,1,700.00000000,0.00002610
1622965247152000,0,73.89049200,0.00002611
1622965331353000,1,5309.24179071,0.00002607
1622965348310000,1,300.00000000,0.00002605
1622965525375000,1,5301.27064435,0.00002607
1622965525375000,1,1599.45385565,0.00002607
1622965569029000,1,1588.00000000,0.00002607
1622965569036000,1,0.00892907,0.00002607
1622965641104000,0,237.88945000,0.00002608
1622965661164000,1,28.83200000,0.00002606
1622965684575000,1,0.00010000,0.00002606
1622965684575000,1,7.99990000,0.00002606
1622965879233000,1,723.00000000,0.00002609
1622965879327000,1,0.23360300,0.00002609
1622965949669000,1,1918.82900000,0.00002604
1622965997287000,0,723.28495000,0.00002607
1622966154721000,0,31.56494400,0.00002608
1622966418802000,0,14.85911500,0.00002605
1622966530522000,1,2880.00000000,0.00002603
1622966532568000,0,2412.43154504,0.00002604
1622966823320000,0,14.64168000,0.00002608
1622967537022000,1,3576.13267853,0.00002604
1622967572205000,1,200.00000000,0.00002600
1622967586971000,1,74.00000000,0.00002597
1622967605297000,1,196.00000000,0.00002595
1622967655612000,1,13.97574962,0.00002598
1622967726280000,1,195.00000000,0.00002600
1622967726327000,1,0.16074300,0.00002600
1622968134839000,1,3693.00000000,0.00002597
1622968182385000,1,50.66378300,0.00002597
1622968182385000,1,107.33621700,0.00002597
1622968182389000,1,0.66378300,0.00002597
1622968338566000,1,4.00000000,0.00002595
1622968338566000,1,2880.00000000,0.00002595
1622968420951000,0,92.84360700,0.00002595
1622969098918000,0,585.71000000,0.00002596
1622969105239000,0,100.38000000,0.00002597
1622969478909000,1,114.00000000,0.00002593
1622969478921000,1,114.00000000,0.00002593
1622969478926000,1,114.00000000,0.00002593
1622969790945000,1,1210.00000000,0.00002592
1622969917790000,1,100.00000000,0.00002590
1622969918145000,1,2880.00000000,0.00002589
1622969918145000,1,4182.63132300,0.00002588
1622969927929000,1,2880.00000000,0.00002589
1622970047029000,0,73.96849400,0.00002587
1622970050305000,1,1000.00000000,0.00002585
1622970106381000,0,729.53033600,0.00002590
1622970782019000,1,8.69600000,0.00002592
1622970890890000,1,0.00065315,0.00002592
1622970942493000,0,49.47992300,0.00002589
1622971085332000,0,74.14896500,0.00002592
1622971085893000,0,17.03280000,0.00002592
1622971199211000,0,87.47395700,0.00002590
1622971269437000,0,23.97828400,0.00002591
1622971391517000,1,629.12000000,0.00002590
1622971496332000,0,24.77285400,0.00002592
1622971516624000,0,8.67312800,0.00002592
1622971671700000,1,13.19860500,0.00002592
1622971671700000,1,12.40960100,0.00002592
1622971671700000,1,894.39179400,0.00002591
1622971844170000,0,13.56959700,0.00002590
1622971866215000,0,166.43000000,0.00002591
1622971949501000,1,118.12737900,0.00002588
1622972273841000,0,12.21439900,0.00002590
1622972820849000,1,74.12800000,0.00002592
1622972820889000,1,0.00083400,0.00002592
1622972848686000,1,1604.66253656,0.00002591
1622973004963000,0,215.54362300,0.00002591
1622973025408000,0,267.74302100,0.00002591
1622973121519000,0,18.53668029,0.00002592
1622973288066000,0,297.06469300,0.00002588
1622973507296000,1,12.26744100,0.00002589
1622973886690000,1,100.00000000,0.00002594
1622974567412000,0,13500.00000000,0.00002595
1622974567412000,0,2880.00000000,0.00002595
1622974567491000,1,10308.64000000,0.00002595
1622974570323000,1,5336.00000000,0.00002594
1622974767146000,1,14.95200500,0.00002595
1622974772457000,1,0.85502717,0.00002594
1622974772457000,1,13.00514283,0.00002594
1622974834740000,1,5346.89594939,0.00002594
1622974834740000,1,23239.01000000,0.00002594
1622974834867000,0,82.82400000,0.00002594
1622974895732000,1,1932.00000000,0.00002591
1622975947327000,1,100.00000000,0.00002585
1622975947429000,1,5372.00248390,0.00002584
1622975948516000,1,1326.70397892,0.00002581
1622975948847000,1,282.21224656,0.00002581
1622975949158000,0,2880.00000000,0.00002583
1622975949158000,0,7725.35322467,0.00002584
1622976147266000,0,77.42369400,0.00002586
1622976318367000,0,262.84973200,0.00002586
1622976541598000,1,299.00000000,0.00002585
1622976591546000,0,9.00000000,0.00002587
1622976606858000,0,45.52904700,0.00002586
1622976647687000,0,146.67428500,0.00002585
1622976673102000,0,224.25655400,0.00002587
1622976801845000,1,11.75500000,0.00002586
1622976862097000,1,0.00060700,0.00002586
1622976906774000,0,23.57413000,0.00002586
1622977057423000,1,36.64025100,0.00002586
1622977057423000,1,5368.35974900,0.00002586
1622977181666000,0,116.86177606,0.00002590
1622977233898000,1,2880.00000000,0.00002587
1622977233898000,1,5360.96510441,0.00002587
1622977233898000,1,27129.72000000,0.00002587
1622977437688000,0,146.75078600,0.00002590
1622978044634000,1,20.41910000,0.00002591
1622978119204000,0,11.75500000,0.00002591
1622978120208000,0,8.64660000,0.00002591
1622979107322000,1,100.00000000,0.00002593
1622979157988000,0,116.06484100,0.00002592
1622979701066000,0,1549.51805500,0.00002591
1622979922881000,0,86.58204600,0.00002592
1622980020989000,0,3856.37152900,0.00002592
1622980117098000,0,99.17945305,0.00002590
1622980130294000,0,14.44901995,0.00002590
1622980708933000,1,10.04436400,0.00002593
1622980801477000,1,5732.67448780,0.00002594
1622980835732000,0,2880.00000000,0.00002595
1622980835732000,0,5367.86772343,0.00002596
1622980835732000,0,11749.75190857,0.00002596
1622980920463000,1,86.00000000,0.00002592
1622981239386000,1,8.00000000,0.00002596
1622981245779000,1,396.21254700,0.00002596
1622981296734000,1,100.00000000,0.00002598
1622981301864000,1,100.00000000,0.00002598
1622981307002000,1,100.00000000,0.00002598
1622981312143000,1,100.00000000,0.00002598
1622981317273000,1,100.00000000,0.00002598
1622981322396000,1,100.00000000,0.00002598
1622981327530000,1,100.00000000,0.00002598
1622981460460000,1,346.04807000,0.00002597
1622981533853000,1,11749.75190857,0.00002598
1622981594640000,0,2880.00000000,0.00002600
1622981598353000,1,7500.00000000,0.00002598
1622981659941000,1,5340.35609344,0.00002595
1622981659941000,1,2879.64390656,0.00002595
1622981689490000,0,1436.00000000,0.00002597
1622981689578000,0,11916.67788088,0.00002597
1622981703659000,0,5331.00000000,0.00002598
1622981706959000,0,0.24649815,0.00002598
1622982122985000,1,3798.45798000,0.00002594
1622982439365000,0,72.93122800,0.00002596
1622982588240000,1,63.75000000,0.00002596
1622982588294000,1,0.00070800,0.00002596
1622984827514000,1,2880.00000000,0.00002601
1622984873763000,1,13352.67788088,0.00002600
1622984873763000,1,2880.00000000,0.00002600
1622985157729000,0,10.04487100,0.00002599
1622985267374000,1,29.20700000,0.00002599
1622985267459000,1,0.00044300,0.00002599
1622985415527000,0,2880.00000000,0.00002602
1622985417375000,0,2880.00000000,0.00002602
1622985507701000,0,13342.00000000,0.00002602
1622985546749000,1,100.00000000,0.00002603
1622985569993000,1,8220.00000000,0.00002602
1622985581922000,1,5132.00000000,0.00002602
1622985637465000,0,2880.00000000,0.00002605
1622985638579000,0,2880.00000000,0.00002605
1622985903689000,0,2880.00000000,0.00002604
1622986062913000,0,2880.00000000,0.00002604
1622986161485000,0,2880.00000000,0.00002604
1622986168440000,0,2880.00000000,0.00002604
1622986169468000,0,2880.00000000,0.00002604
1622986175754000,0,2880.00000000,0.00002604
1622986177385000,0,2880.00000000,0.00002604
1622986177645000,0,2241.42017200,0.00002604
1622986180713000,0,638.00000000,0.00002604
1622986581647000,0,13352.00000000,0.00002605
1622986909228000,1,11.51969407,0.00002603
1622986963038000,0,2880.00000000,0.00002607
1622987192332000,0,2880.00000000,0.00002609
1622987206465000,1,14.01926200,0.00002607
1622987222070000,1,100.00000000,0.00002607
1622987461658000,1,2880.00000000,0.00002607
1622987599048000,1,2880.00000000,0.00002606
1622987603456000,1,2880.00000000,0.00002605
1622987709312000,1,2880.00000000,0.00002603
1622987873227000,1,100.00000000,0.00002600
1622987873227000,1,2880.00000000,0.00002600
1622987947157000,1,1625.03082293,0.00002600
1622987959263000,0,47.98006000,0.00002602
1622987960973000,0,5353.41096530,0.00002602
1622987986350000,1,37.56600000,0.00002602
1622988009281000,1,0.00050200,0.00002602
1622988024264000,1,13352.04487100,0.00002596
1622988024264000,1,100.00000000,0.00002595
1622988027407000,0,2880.00000000,0.00002594
1622988180554000,1,4314.20000000,0.00002596
1622988180554000,1,2880.00000000,0.00002596
1622988294447000,1,1559.81697800,0.00002598
1622988571673000,1,2880.00000000,0.00002599
1622988848855000,1,15.08200000,0.00002599
1622988848857000,1,0.00095600,0.00002599
1622989031240000,0,13352.00000000,0.00002601
1622989759771000,1,2880.00000000,0.00002599
1622989842053000,0,1257.46365400,0.00002599
1622989884728000,0,2241.30585500,0.00002601
1622990095763000,1,2950.00000000,0.00002598
1622990514921000,1,2880.00000000,0.00002598
1622990514921000,1,4145.50000000,0.00002598
1622990514921000,1,13352.00000000,0.00002598
1622990556803000,0,12.56900400,0.00002600
1622990564387000,1,2880.00000000,0.00002597
1622990570899000,1,2880.00000000,0.00002597
1622990578445000,0,87.98416200,0.00002599
1622990591637000,1,2880.00000000,0.00002596
1622990595363000,1,2880.00000000,0.00002596
1622990599332000,0,42.72269100,0.00002598
1622990640333000,0,18.55766500,0.00002598
1622990640588000,0,12.56962300,0.00002598
1622990656329000,0,73.34627500,0.00002598
1622990683510000,0,12.53717000,0.00002598
1622990786193000,1,2880.00000000,0.00002597
1622990812830000,1,2880.00000000,0.00002597
1622990824006000,1,2880.00000000,0.00002596
1622990830040000,0,50.01018100,0.00002598
1622990988728000,0,93.57897800,0.00002600
1622991017940000,0,29.84653200,0.00002600
1622991031510000,1,2880.00000000,0.00002596
1622991039471000,0,88.84690700,0.00002597
1622991058053000,1,244.00000000,0.00002594
1622991058066000,1,2636.00000000,0.00002594
1622991083680000,0,250.00000000,0.00002594
1622991083680000,0,844.83175400,0.00002594
1622991083926000,0,24.99981100,0.00002594
1622991104475000,0,21.71980500,0.00002592
1622991110044000,0,41172.00000000,0.00002592
1622991110084000,0,0.54019500,0.00002592
1622991115807000,1,700.00000000,0.00002590
1622991125126000,1,10597.17200000,0.00002589
