timestamp ms,type,amount,price
1625616346329000,1,3760.00000000,0.00001939
1625616441616000,0,1776.00000000,0.00001942
1625616441683000,0,0.95136816,0.00001942
1625616488565000,1,3760.00000000,0.00001941
1625616595642000,1,13582.00000000,0.00001939
1625616598210000,1,3760.00000000,0.00001938
1625616618861000,0,1777.46960000,0.00001939
1625616618934000,0,0.00000721,0.00001939
1625616668348000,0,4956.00000000,0.00001939
1625616670946000,0,232.00000000,0.00001939
1625617045442000,0,6958.23531828,0.00001941
1625617239092000,0,70.05096100,0.00001942
1625617815269000,0,1365.00000000,0.00001941
1625618226740000,1,7643.00000000,0.00001940
1625618226848000,1,5939.09451968,0.00001940
1625618779791000,1,3760.00000000,0.00001940
1625619069869000,0,4462.13711558,0.00001942
1625619069869000,0,2279.10620490,0.00001942
1625619069869000,0,1784.91093881,0.00001942
1625619070012000,0,125.14670000,0.00001942
1625619070194000,0,202.57650000,0.00001943
1625619070214000,0,138.44430000,0.00001943
1625619070214000,0,790.90720000,0.00001943
1625619070253000,0,87.02810000,0.00001943
1625619070272000,0,15.16510000,0.00001943
1625619072116000,1,3760.00000000,0.00001943
1625619486197000,0,13457.00000000,0.00001945
1625619520597000,1,656.32748900,0.00001944
1625619724940000,0,213.22000000,0.00001947
1625620204968000,0,141.86000000,0.00001948
1625620266035000,0,358.67000000,0.00001948
1625620553702000,0,3760.00000000,0.00001943
1625620558217000,0,3760.00000000,0.00001943
1625620564831000,0,2810.00000000,0.00001944
1625620590074000,0,2077.34916000,0.00001945
1625620709472000,1,50.66200000,0.00001944
1625620710538000,1,0.00033100,0.00001944
1625621002584000,0,1774.00000000,0.00001945
1625621288688000,1,173.97192700,0.00001945
1625621299156000,1,252.40675600,0.00001945
1625621464007000,0,2485.00000000,0.00001946
1625621464142000,0,1275.00000000,0.00001946
1625621835824000,0,2260.00000000,0.00001946
1625621837006000,0,1500.00000000,0.00001946
1625621847729000,0,3760.00000000,0.00001947
1625621847729000,0,1774.00000000,0.00001947
1625621991060000,0,1779.93590180,0.00001947
1625621991119000,0,7538.06183643,0.00001948
1625621991222000,1,4449.83975451,0.00001948
1625621991301000,1,11036.59840906,0.00001948
1625622185129000,0,156.50000000,0.00001951
1625622219248000,1,3760.00000000,0.00001947
1625622221182000,1,3760.00000000,0.00001947
1625622230008000,1,89.00000000,0.00001946
1625622455923000,0,1996.00000000,0.00001945
1625622455958000,0,3319.00000000,0.00001945
1625623159468000,1,3760.00000000,0.00001943
1625623159509000,1,1060.00000000,0.00001943
1625623162065000,1,12522.14670000,0.00001943
1625623175997000,0,412.24885000,0.00001944
1625623314984000,0,7026.00000000,0.00001943
1625623315068000,0,6556.80824040,0.00001943
1625623973039000,0,2591.00000000,0.00001944
1625624143351000,1,7543.87762497,0.00001942
1625624143351000,1,3759.12237503,0.00001942
1625624144485000,1,7543.87762497,0.00001942
1625624595292000,0,7561.00000000,0.00001944
1625624662285000,1,2389.00000000,0.00001943
1625624694207000,0,0.61886709,0.00001944
1625624694207000,0,340.72929491,0.00001945
1625624705831000,0,178.15000000,0.00001946
1625624765574000,0,142.29000000,0.00001946
1625625096954000,1,71.12292837,0.00001942
1625625851276000,0,110.31959800,0.00001943
1625625872506000,0,53.96445700,0.00001943
1625626339293000,0,76.03715700,0.00001943
1625626380290000,0,54.88581400,0.00001943
1625626400763000,0,50.82346800,0.00001943
1625626441960000,0,56.17853900,0.00001943
1625626563788000,0,50.86635700,0.00001943
1625626706232000,0,15.23848400,0.00001942
1625626776899000,1,3760.00000000,0.00001938
1625626917861000,0,2873.00000000,0.00001938
1625626920976000,0,4644.00000000,0.00001938
1625626948784000,0,0.24703081,0.00001938
1625626948784000,0,171.98306819,0.00001939
1625626982380000,0,3588.01693181,0.00001939
1625626982380000,0,1497.98306819,0.00001939
1625627010016000,0,50.81960500,0.00001939
1625627150957000,0,1776.00000000,0.00001942
1625627163746000,0,1775.15990134,0.00001943
1625627163746000,0,3775.84009866,0.00001943
1625627207076000,0,5781.00000000,0.00001942
1625627886418000,0,284.68000000,0.00001942
1625627952931000,0,55.55084600,0.00001942
1625627956156000,0,7456.51700807,0.00001942
1625627973237000,1,54.78900000,0.00001942
1625627973363000,1,0.00038200,0.00001942
1625627989294000,0,7514.99675320,0.00001942
1625627989294000,0,1349.00324680,0.00001942
1625628074576000,0,12.56749100,0.00001942
1625628174816000,0,50.77865000,0.00001939
1625628175017000,0,165.81311900,0.00001939
1625628195505000,1,6292.00000000,0.00001939
1625628195505000,1,7290.80824040,0.00001939
1625628275528000,0,17.67030500,0.00001939
1625628357295000,0,70.75416100,0.00001938
1625628377363000,0,10607.58072100,0.00001939
1625628440491000,0,3760.00000000,0.00001940
1625628440491000,0,454.50193500,0.00001940
1625628547268000,1,1772.80119477,0.00001941
1625628596454000,1,7494.00000000,0.00001941
1625628624170000,0,353.03255100,0.00001942
1625628680694000,1,8834.00000000,0.00001940
1625628714747000,1,3760.00000000,0.00001937
1625628736495000,0,35.32139200,0.00001938
1625628746443000,1,15.07024400,0.00001937
1625628765152000,0,9156.00000000,0.00001937
1625628765154000,0,945.00000000,0.00001937
1625628766491000,0,50.74009900,0.00001937
1625628766723000,0,921.00000000,0.00001937
1625628767485000,0,253.00000000,0.00001937
1625628767589000,0,487.00000000,0.00001937
1625628767726000,0,1204.00000000,0.00001937
1625628768226000,0,550.00000000,0.00001937
1625629503762000,0,1057.32541300,0.00001941
1625629540922000,1,92.14900000,0.00001942
1625629544251000,1,1668.00000000,0.00001942
1625629544745000,1,0.85693600,0.00001942
1625630001478000,1,3760.00000000,0.00001945
1625630092205000,1,18.41090800,0.00001945
1625630646778000,0,704.53000000,0.00001943
1625630650410000,0,193.63981300,0.00001943
1625630674948000,0,2861.00000000,0.00001943
1625631020442000,0,50.54017400,0.00001942
1625631182377000,0,3760.00000000,0.00001942
1625631182377000,0,1720.35934200,0.00001942
1625631252668000,1,0.61460000,0.00001940
1625631429923000,0,54.59587200,0.00001941
1625631430603000,0,51.57842600,0.00001941
1625631450957000,0,351.57405500,0.00001941
1625631541944000,0,64.05279100,0.00001940
1625631725366000,1,391.00000000,0.00001938
1625631805530000,1,3760.00000000,0.00001939
1625631809832000,1,3760.00000000,0.00001938
1625631810395000,1,3760.00000000,0.00001938
1625631810909000,1,3760.00000000,0.00001938
1625631938311000,0,4404.81433380,0.00001940
1625631964906000,0,706.28000000,0.00001941
1625632092845000,0,107.63665900,0.00001941
1625632193173000,0,34.10556300,0.00001940
1625632231183000,1,621.00000000,0.00001940
1625632236946000,1,0.89604500,0.00001940
1625632236946000,1,3760.00000000,0.00001940
1625632240532000,1,13582.00000000,0.00001940
1625632258662000,0,101.38598400,0.00001940
1625632285067000,1,3760.00000000,0.00001938
1625632900301000,1,0.54000000,0.00001940
1625633001084000,1,3760.00000000,0.00001938
1625633004908000,0,34.55450200,0.00001939
1625633112988000,0,197.60000000,0.00001938
1625633126978000,1,1675.00000000,0.00001936
1625633142165000,0,50.58783000,0.00001937
1625633204541000,0,14.67197100,0.00001938
1625633224685000,0,112.40110000,0.00001938
1625633265041000,0,67.28080200,0.00001938
1625633285268000,0,50.53572500,0.00001938
1625633327119000,0,0.28310200,0.00001938
1625633389709000,1,1359.26790000,0.00001939
1625633389874000,0,3907.70393800,0.00001940
1625633405560000,1,420.00000000,0.00001939
1625633480426000,1,1594.00000000,0.00001939
1625633599746000,0,3760.00000000,0.00001938
1625633600923000,0,13582.21837117,0.00001938
1625633600923000,0,3331.78162883,0.00001938
1625633600998000,0,428.21837117,0.00001938
1625633610585000,0,400.00000000,0.00001937
1625633611127000,0,1120.00000000,0.00001937
1625633611184000,0,2240.00000000,0.00001937
1625633636596000,0,3760.00000000,0.00001937
1625633746460000,1,1768.00000000,0.00001936
1625633746466000,1,1755.77739577,0.00001936
1625633746677000,1,13582.80824040,0.00001936
1625633805572000,1,1754.00000000,0.00001936
1625633805665000,1,0.79437945,0.00001936
1625634039252000,0,773.02248800,0.00001938
1625634127972000,0,1756.00000000,0.00001938
1625634206293000,1,101.73600000,0.00001937
1625634227013000,1,0.00040800,0.00001937
1625634244922000,0,448.81000000,0.00001937
1625634247446000,0,119.44343200,0.00001937
1625634289894000,0,50.33911300,0.00001936
1625634290236000,0,35.14834900,0.00001936
1625634436280000,0,575.68766400,0.00001936
1625634511170000,0,3760.00000000,0.00001937
1625634511170000,0,1755.05804589,0.00001937
1625634511170000,0,4388.94195411,0.00001937
1625634514405000,0,3760.00000000,0.00001937
1625634519296000,0,3760.00000000,0.00001937
1625634519296000,0,1760.32507267,0.00001937
1625634519296000,0,13582.67492733,0.00001937
1625634527272000,0,610.00000000,0.00001937
1625634533173000,0,1760.00000000,0.00001937
1625634540621000,0,3760.00000000,0.00001938
1625634540621000,0,1336.00000000,0.00001938
1625634541847000,0,1191.00000000,0.00001938
1625634545279000,0,2569.00000000,0.00001938
1625634549183000,0,3389.00000000,0.00001939
1625634587355000,1,2055.00000000,0.00001935
1625634587406000,1,2783.00000000,0.00001935
1625634592528000,1,5347.00000000,0.00001935
1625634592562000,1,2965.67492733,0.00001935
1625634714185000,0,2814.85093100,0.00001938
1625634844667000,0,1762.00000000,0.00001936
1625635011653000,0,30.00000000,0.00001936
1625635032469000,0,179.17274300,0.00001935
1625635099902000,1,1574.00000000,0.00001932
1625635114921000,0,14.73881500,0.00001933
1625635124221000,1,0.49275362,0.00001932
1625635124221000,1,50.24076118,0.00001931
1625635124221000,1,4414.00000000,0.00001931
1625635124221000,1,7418.94084520,0.00001931
1625635124387000,1,3760.00000000,0.00001932
1625635168174000,0,69.73013800,0.00001932
1625635254416000,1,7396.42740000,0.00001930
1625635404331000,1,50.59534600,0.00001929
1625635404331000,1,54.63273300,0.00001929
1625635425628000,0,3760.00000000,0.00001929
1625635425828000,1,1763.90392663,0.00001929
1625635425927000,1,6942.80302013,0.00001929
1625635444454000,0,40.95170700,0.00001929
1625635449805000,0,54.63273300,0.00001929
1625635450644000,0,50.59534600,0.00001929
1625635492728000,0,25.50289500,0.00001930
1625635596059000,0,54.98624100,0.00001930
1625635597870000,0,101.73600000,0.00001930
1625635598107000,0,1605.15341624,0.00001930
1625635637888000,0,53.63572600,0.00001930
1625635701098000,0,423.31860200,0.00001929
1625635727293000,0,53.91310000,0.00001929
1625635773537000,0,54.68138500,0.00001929
1625635795266000,0,54.68087700,0.00001929
1625635879136000,1,50.62100000,0.00001929
1625635883496000,1,0.00057500,0.00001929
1625636058995000,0,3760.00000000,0.00001928
1625636058995000,0,5573.00000000,0.00001928
1625636090744000,0,758.05507200,0.00001929
1625636132442000,1,865.61766400,0.00001927
1625636135823000,0,12.55547500,0.00001929
1625636608270000,0,3760.00000000,0.00001926
1625636883014000,0,2087.86929800,0.00001927
1625637100259000,1,80.00000000,0.00001925
1625637100744000,1,2146.44268167,0.00001923
1625637182918000,0,1767.86492386,0.00001925
1625637182918000,0,4419.13507614,0.00001925
1625637199058000,1,3760.00000000,0.00001924
1625637346086000,1,50.78900000,0.00001924
1625637375356000,1,0.00091500,0.00001924
1625637387178000,1,3760.00000000,0.00001922
1625637603014000,1,3760.00000000,0.00001925
1625637708365000,1,3760.00000000,0.00001925
1625637756360000,1,3760.00000000,0.00001925
1625638667403000,0,3760.00000000,0.00001930
1625638752529000,1,105.79294900,0.00001930
1625638752529000,1,15.20705100,0.00001930
1625638803743000,1,0.36137300,0.00001930
1625638810270000,1,3760.00000000,0.00001928
1625638810891000,1,3760.00000000,0.00001928
1625638812707000,1,3760.00000000,0.00001928
1625638814114000,1,3760.00000000,0.00001928
1625638839011000,0,35.25908500,0.00001929
1625638896856000,0,25.03786300,0.00001929
1625638951126000,1,3760.00000000,0.00001927
1625639004528000,0,70.59077600,0.00001929
1625639024496000,0,70.59179200,0.00001929
1625639024736000,0,109.27484400,0.00001929
1625639043341000,1,35.31300000,0.00001928
1625639093676000,0,1482.59854700,0.00001928
1625639172350000,0,10.59413300,0.00001927
1625639220942000,0,310.73750500,0.00001927
1625639237010000,0,10.59963100,0.00001927
1625639326321000,1,353.00000000,0.00001928
1625639401434000,1,0.13644100,0.00001928
1625639902106000,1,1000.00000000,0.00001927
1625640206263000,0,54.66664600,0.00001929
1625640206459000,0,10.42905400,0.00001929
1625640228897000,0,17.64807500,0.00001929
1625640272191000,0,281.60065500,0.00001929
1625640313486000,0,35.29564200,0.00001928
1625640357467000,0,50.64325500,0.00001928
1625640357559000,0,54.69500000,0.00001928
1625640404958000,1,70.21702800,0.00001928
1625640404958000,1,49.78297200,0.00001928
1625640404963000,1,0.34815300,0.00001928
1625640751817000,0,3760.00000000,0.00001931
1625640851797000,0,3684.80000000,0.00001930
1625642444378000,0,3130.00000000,0.00001932
1625642703189000,0,1758.87947421,0.00001933
1625642703189000,0,4398.83284114,0.00001933
1625642886463000,1,18.41938300,0.00001931
1625643617387000,1,219.66432400,0.00001930
1625644186777000,1,156.00000000,0.00001929
1625644186844000,1,0.91660337,0.00001929
1625644237558000,1,3760.00000000,0.00001928
1625644393950000,0,392.00000000,0.00001928
1625644393998000,0,0.37600000,0.00001928
1625644507055000,1,60.87700000,0.00001929
1625644520446000,0,111.00000000,0.00001928
1625644521512000,0,3649.00000000,0.00001928
1625644522190000,0,2680.00000000,0.00001928
1625644527196000,0,1080.00000000,0.00001928
1625644575493000,1,32.35274535,0.00001927
1625644587106000,1,3760.00000000,0.00001923
1625644612209000,0,13582.00000000,0.00001924
1625644618209000,0,50.72930900,0.00001925
1625644640660000,0,3760.00000000,0.00001926
1625644640695000,0,3760.00000000,0.00001927
1625644640695000,0,4430.14139626,0.00001927
1625644640695000,0,1772.30225149,0.00001927
1625644676908000,1,3760.00000000,0.00001925
1625644708056000,1,53.84674100,0.00001926
1625644709032000,1,3760.00000000,0.00001925
1625644709695000,1,1252.00000000,0.00001925
1625644711732000,1,2508.00000000,0.00001925
1625644712096000,1,3760.00000000,0.00001925
1625644726539000,0,53.27408200,0.00001926
1625644740564000,1,287.00000000,0.00001923
1625644743704000,1,3473.00000000,0.00001923
1625644942941000,1,3760.00000000,0.00001927
1625644942941000,1,4416.92298601,0.00001927
1625644942941000,1,1766.07701399,0.00001927
1625644968092000,1,1765.37687614,0.00001926
1625644968092000,1,3760.00000000,0.00001926
1625644968092000,1,4412.62312386,0.00001926
1625644971293000,1,3760.00000000,0.00001926
1625645070543000,1,1762.62806396,0.00001926
1625645203948000,1,3760.00000000,0.00001924
1625645248187000,1,12.54708271,0.00001924
1625645282413000,0,39.42796928,0.00001924
1625645282413000,0,11.33957472,0.00001925
1625645497540000,0,88.03707500,0.00001924
1625645509869000,1,906.32348400,0.00001921
1625645519135000,0,58.43575400,0.00001924
1625645519345000,0,54.77100400,0.00001924
1625645541336000,0,54.02500900,0.00001924
1625645541436000,0,35.21513500,0.00001924
1625645669903000,0,109.00569100,0.00001924
1625645705322000,0,500.00000000,0.00001925
1625645848214000,0,3592.93597800,0.00001924
1625645937885000,1,3760.00000000,0.00001922
1625645953574000,0,35.19786000,0.00001923
1625646349328000,1,153.60585200,0.00001919
1625646502070000,0,228.60822060,0.00001922
1625646737775000,0,10.93878125,0.00001920
1625646997733000,0,50.88495500,0.00001921
1625647008369000,0,58.05340200,0.00001921
1625647315968000,0,3760.00000000,0.00001919
1625647358064000,0,2906.00000000,0.00001919
1625647358074000,0,11584.00000000,0.00001919
1625647358105000,0,12151.00000000,0.00001919
1625647697138000,0,50.91145800,0.00001920
1625647697233000,0,59.94526000,0.00001920
1625647718176000,0,54.98672300,0.00001920
1625647739623000,0,50.91145800,0.00001920
1625647739761000,0,32.42493700,0.00001920
1625647823154000,0,146.52165000,0.00001920
1625647908053000,0,105.99724200,0.00001920
1625647928736000,0,54.98672300,0.00001920
1625647949558000,0,50.91145800,0.00001919
1625647971828000,0,16.02481600,0.00001919
1625648028321000,0,19302.00000000,0.00001920
1625648051979000,0,3160.00000000,0.00001920
1625648369523000,1,18.37385500,0.00001920
1625648405165000,1,411.04273500,0.00001920
1625648904945000,1,730.05550300,0.00001920
1625648930851000,1,29.36041600,0.00001920
1625648996324000,1,275.78209000,0.00001920
1625649010258000,1,147.49992300,0.00001919
1625649172107000,1,164.31455100,0.00001918
1625649272246000,1,14.66249300,0.00001917
1625649556157000,1,40.39593400,0.00001918
1625649683287000,1,27.69000000,0.00001918
1625649786101000,1,19.55218500,0.00001918
1625649807226000,1,23.30274100,0.00001918
1625649827124000,1,30.70414200,0.00001918
1625649845561000,1,18.35549500,0.00001918
1625649910873000,1,188.65524000,0.00001919
1625649976683000,1,43.83000000,0.00001920
1625650052055000,1,171.27508800,0.00001920
1625650165344000,1,210.83702200,0.00001920
1625650198145000,0,106.63995837,0.00001922
1625650506635000,1,6018.01914300,0.00001920
1625650617498000,0,1528.16481335,0.00001923
1625650657403000,0,197.60000000,0.00001922
1625650659618000,0,35.40000000,0.00001922
1625650888550000,1,1189.82837100,0.00001920
1625650947684000,0,1704.83619200,0.00001923
1625651157749000,0,1704.13059600,0.00001922
1625651272909000,1,1300.09545400,0.00001921
1625651383136000,0,1048.61656500,0.00001923
1625651421178000,1,439.68062300,0.00001921
1625651488563000,0,1704.17750000,0.00001923
1625651649434000,1,1771.00164025,0.00001921
1625651649488000,0,2878.47754275,0.00001921
1625651670686000,0,2822.70298600,0.00001922
1625651679045000,0,937.29701400,0.00001922
1625651878227000,0,3760.00000000,0.00001923
1625651878227000,0,19517.00000000,0.00001923
1625652069943000,1,30.26836400,0.00001921
1625652363288000,1,471.03780500,0.00001922
1625652534110000,1,100.00000000,0.00001924
1625652536131000,0,4442.03877839,0.00001925
1625652536518000,0,1186.20203538,0.00001925
1625652545818000,0,1106.06765582,0.00001925
1625652558017000,1,109.81698100,0.00001925
1625652590545000,0,3760.00000000,0.00001925
1625652596192000,0,3760.00000000,0.00001926
1625652617246000,0,1781.41340660,0.00001925
1625652617246000,0,4453.53351651,0.00001925
1625652620529000,0,499.00000000,0.00001925
1625652637359000,0,1781.41340660,0.00001925
1625652637359000,0,4453.53351651,0.00001925
1625652646247000,0,499.81997587,0.00001926
1625652708313000,0,3760.00000000,0.00001929
1625652775532000,0,2718.85579482,0.00001929
1625652775532000,0,1780.14420518,0.00001929
1625652784159000,0,28550.00000000,0.00001929
1625652804346000,0,1780.22969050,0.00001927
1625652804346000,0,1162.48998790,0.00001927
1625652807202000,0,126.00000000,0.00001928
1625652889818000,0,1776.93092883,0.00001925
1625652889818000,0,4442.32732206,0.00001925
1625653073310000,1,450.00000000,0.00001925
1625653073310000,1,858.25969400,0.00001925
1625653085666000,0,4442.08433542,0.00001926
1625653085666000,0,919.21707782,0.00001926
1625653085666000,0,1776.83373417,0.00001926
1625653085728000,1,363.18184593,0.00001926
1625653086769000,0,227.61537068,0.00001926
1625653086769000,0,1030.91893257,0.00001926
1625653144782000,0,1417.13000000,0.00001927
1625653382132000,0,275.36618500,0.00001926
1625653454924000,0,65.63917724,0.00001926
1625653791101000,0,1776.92485385,0.00001926
1625653791101000,0,1740.05366313,0.00001926
1625653815891000,1,23.70751000,0.00001926
1625653923733000,1,107.47329000,0.00001926
1625653954243000,1,461.99760500,0.00001926
1625653966730000,1,31.40975100,0.00001926
1625654503419000,0,3760.00000000,0.00001927
1625655125105000,1,192.92535000,0.00001924
1625655607387000,0,157.22214994,0.00001925
1625655657694000,0,515.46034191,0.00001925
1625655658936000,0,871.17057785,0.00001925
1625655659901000,0,355.71023594,0.00001925
1625655738624000,0,1775.78956274,0.00001925
1625655738624000,0,2060.35984017,0.00001925
1625656108090000,0,3760.00000000,0.00001928
1625656108090000,0,2706.45643154,0.00001928
1625656118007000,0,76.99535698,0.00001926
1625656696294000,1,3615.93674400,0.00001921
1625656869735000,1,53.97795300,0.00001921
1625656891555000,0,1047.78291500,0.00001921
1625657447473000,0,2087.86822000,0.00001922
1625658129302000,0,20.54459000,0.00001922
1625658195044000,0,16.92457200,0.00001924
1625658322598000,1,49.40672400,0.00001922
1625658422527000,1,251.63075200,0.00001922
1625658501408000,1,390.63467700,0.00001922
1625658520847000,1,2984.19302200,0.00001922
1625658632184000,1,7465.63308862,0.00001922
1625658632184000,1,3759.36691138,0.00001922
1625658633060000,1,7465.63308862,0.00001922
1625658633540000,1,4148.00000000,0.00001922
1625658964992000,0,422.64000000,0.00001924
1625659144954000,0,566.25000000,0.00001924
1625659151903000,1,152.37122600,0.00001922
1625659370477000,1,1310.00000000,0.00001922
1625659371390000,1,2450.00000000,0.00001922
1625659373918000,1,3760.00000000,0.00001922
1625659651801000,1,3760.00000000,0.00001921
1625659764057000,0,3193.43055600,0.00001922
1625659877346000,0,1028.00000000,0.00001925
1625659877346000,0,7436.18460000,0.00001925
1625659877346000,0,3882.40000000,0.00001925
1625659877346000,0,3760.00000000,0.00001925
1625659877510000,1,3157.96964300,0.00001925
1625660114507000,0,7373.13060000,0.00001926
1625660114507000,0,37280.00000000,0.00001926
1625660114507000,0,7440.49332048,0.00001926
1625660114507000,0,2248.73540347,0.00001926
1625660114507000,0,1028.00000000,0.00001926
1625660114507000,0,450.00000000,0.00001926
1625660114507000,0,986.42070105,0.00001926
1625660115819000,1,5692.00000000,0.00001924
1625660262460000,1,4341.10000000,0.00001923
1625660367953000,1,731.04908100,0.00001922
1625660389282000,1,46.61717500,0.00001922
1625660431280000,0,1738.00000000,0.00001924
1625660499344000,0,2022.00000000,0.00001924
1625660568104000,1,13582.00000000,0.00001923
1625661263294000,0,101.20256000,0.00001922
1625661291006000,1,3760.00000000,0.00001920
1625661615809000,1,1984.48328000,0.00001920
1625661659439000,1,3760.00000000,0.00001918
1625661711167000,0,3760.00000000,0.00001921
1625661721075000,0,3760.00000000,0.00001921
1625661725154000,0,3133.00000000,0.00001921
1625661728179000,0,627.00000000,0.00001921
1625661743967000,0,3760.00000000,0.00001922
1625661749321000,0,3760.00000000,0.00001922
1625661755552000,1,1764.81640138,0.00001921
1625661755666000,0,1077.10409862,0.00001921
1625661755985000,0,3760.00000000,0.00001921
1625661760784000,1,4412.04100346,0.00001921
1625661760784000,1,1763.95899654,0.00001921
1625661760808000,1,0.85740484,0.00001921
1625661779176000,1,1764.81640138,0.00001921
1625661779176000,1,2826.18359862,0.00001921
1625661781363000,1,1764.81640138,0.00001921
1625661781363000,1,4411.18359862,0.00001921
1625661782351000,1,0.85740484,0.00001921
1625661946654000,0,7320.16340000,0.00001923
1625661946654000,0,1375.52042700,0.00001924
1625661958366000,0,3645.25905135,0.00001923
1625661986487000,0,3760.00000000,0.00001923
1625662006963000,0,3760.00000000,0.00001924
1625662111918000,0,13582.00000000,0.00001925
1625662446820000,0,162.56109406,0.00001925
1625662865964000,1,361.98658500,0.00001921
1625663161019000,1,450.00000000,0.00001924
1625663161019000,1,1049.94930000,0.00001924
1625663164337000,1,1499.94930000,0.00001924
1625663167745000,1,1210.10140000,0.00001924
1625663167745000,1,289.84790000,0.00001924
1625663170905000,1,662.53590000,0.00001924
1625663229960000,0,3760.00000000,0.00001926
1625663234225000,0,3760.00000000,0.00001926
1625663237259000,0,3760.00000000,0.00001926
1625663250151000,1,52.98277900,0.00001924
1625663284516000,1,13.54219500,0.00001926
1625663541730000,0,190.84205075,0.00001931
1625663553595000,0,1028.00000000,0.00001930
1625663623339000,0,30.87778353,0.00001931
1625663645102000,0,211.21000000,0.00001930
1625664305277000,0,140.89000000,0.00001930
1625664451937000,1,21.38717000,0.00001928
1625664516776000,1,25.89341400,0.00001928
1625664532584000,1,503.98488000,0.00001928
1625664664731000,0,977.10208000,0.00001927
1625664664731000,0,43.89792000,0.00001927
1625664676732000,0,18.02308804,0.00001927
1625664716551000,1,1028.00000000,0.00001928
1625664772207000,1,955.83100500,0.00001927
1625664798394000,1,25.58632200,0.00001927
1625664846876000,1,231.76655000,0.00001927
1625665024518000,0,1765.31901295,0.00001926
1625665024518000,0,2649.74383844,0.00001926
1625665050874000,1,3399.00000000,0.00001926
1625665083213000,1,418.87036900,0.00001926
1625665155566000,1,102.33612200,0.00001926
1625665438045000,0,1753.00000000,0.00001926
1625665807953000,1,425.78068688,0.00001925
1625665850081000,0,1028.00000000,0.00001926
1625665899107000,1,356.00000000,0.00001925
1625665946581000,1,373.07573000,0.00001924
1625665962015000,1,525.85855300,0.00001924
1625666069090000,1,115.93046400,0.00001925
1625666099616000,0,2546.59460126,0.00001925
1625666099616000,0,1763.40539874,0.00001925
1625666227417000,0,1411.17000000,0.00001926
1625666358312000,0,60.90400000,0.00001924
1625666358312000,0,1810.09600000,0.00001924
1625666442828000,0,297.75324599,0.00001929
1625666491076000,1,153.83469300,0.00001926
1625666554814000,1,41.28392400,0.00001926
1625666612437000,1,24.09957500,0.00001925
1625666666548000,1,27.23749900,0.00001925
1625666852222000,1,81.70000000,0.00001924
1625666902529000,0,1220.00000000,0.00001925
1625666906621000,0,0.09232179,0.00001925
1625666940950000,1,43.44398800,0.00001924
1625667030916000,1,210.00000000,0.00001924
1625667035136000,0,376.00000000,0.00001925
1625667035250000,0,0.76610831,0.00001925
1625667088657000,0,186.00000000,0.00001926
1625667126467000,0,562.28000000,0.00001927
1625667564956000,1,2587.00000000,0.00001924
1625667789402000,1,10995.00000000,0.00001923
1625667832114000,1,1760.19876193,0.00001922
1625667832114000,1,3827.80123807,0.00001922
1625667832121000,1,572.69566674,0.00001922
1625668291986000,1,1763.94837548,0.00001922
1625668291986000,1,873.05162452,0.00001922
1625668292059000,1,3536.81931417,0.00001922
1625668496467000,0,7492.00000000,0.00001924
1625669224855000,0,919.73000000,0.00001925
1625669710612000,1,1639.42130658,0.00001922
1625669713166000,1,1283.60232500,0.00001922
1625669740189000,1,533.01303800,0.00001922
1625669906817000,1,1771.77941149,0.00001922
1625669906817000,1,4429.22058851,0.00001922
1625669936823000,1,215.62333631,0.00001922
1625669937484000,1,3544.37666369,0.00001922
1625670192186000,1,197.60000000,0.00001921
1625670192501000,1,1770.00000000,0.00001921
1625670192503000,1,0.34384433,0.00001921
1625670196079000,1,4425.00000000,0.00001921
1625670196280000,1,1770.34384433,0.00001921
1625670196280000,1,4425.85961081,0.00001921
1625670209582000,1,1770.14497871,0.00001921
1625670217233000,1,465.00000000,0.00001921
1625670217624000,1,7066.48529972,0.00001921
1625670217624000,1,1770.14497871,0.00001921
1625670217624000,1,4424.36972157,0.00001921
1625670218253000,1,433.02868679,0.00001921
1625670218409000,1,1337.11629192,0.00001921
1625670222108000,1,2331.00000000,0.00001921
1625670223021000,1,1770.14497871,0.00001921
1625670223021000,1,4425.36244679,0.00001921
1625670231362000,1,378.00000000,0.00001921
1625670231473000,1,378.00000000,0.00001921
1625670233088000,1,1770.14497871,0.00001921
1625670233088000,1,4425.36244679,0.00001921
1625670233088000,1,4073.49257450,0.00001921
1625670235052000,1,2651.00000000,0.00001921
1625670236969000,1,881.00000000,0.00001921
1625670242281000,1,4425.36244679,0.00001921
1625670245892000,1,11505.94236165,0.00001921
1625670245892000,1,4425.36244679,0.00001921
1625670247134000,1,3760.00000000,0.00001920
1625670247134000,1,7334.39750000,0.00001920
1625670475158000,1,4420.42700324,0.00001921
1625670475158000,1,1768.17080130,0.00001921
1625670475553000,1,2769.00000000,0.00001920
1625670475605000,1,2040.00000000,0.00001920
1625670478311000,1,124.00000000,0.00001920
1625670478362000,1,0.12559025,0.00001920
1625670478770000,1,1768.17080130,0.00001920
1625670478770000,1,2457.82919870,0.00001920
1625670478794000,1,1962.59780454,0.00001920
1625670484418000,1,1204.65476693,0.00001921
1625670486314000,1,4420.00000000,0.00001921
1625670486366000,1,0.42700324,0.00001921
1625670491206000,1,1768.17080130,0.00001921
1625670491206000,1,1375.82919870,0.00001921
1625670491219000,1,0.69177011,0.00001921
1625670493086000,1,2634.00000000,0.00001920
1625670496304000,1,1200.00000000,0.00001920
1625670496360000,1,4420.42700324,0.00001921
1625670496465000,1,3220.42700324,0.00001920
1625670497004000,1,1768.00000000,0.00001920
1625670502016000,1,3760.00000000,0.00001919
1625670502016000,1,5595.61574284,0.00001919
1625670502302000,1,8354.00000000,0.00001920
1625670502443000,1,0.34181051,0.00001920
1625670502443000,1,1768.17080130,0.00001920
1625670502443000,1,4420.42700324,0.00001920
1625670502680000,1,3760.00000000,0.00001920
1625670505464000,1,319.41173447,0.00001919
1625670535855000,1,4881.98202187,0.00001921
1625670535855000,1,1768.14675314,0.00001921
1625670535855000,1,859.91568852,0.00001921
1625670537069000,1,1768.14675314,0.00001921
1625670556856000,1,1703.00000000,0.00001921
1625670557182000,1,1201.00000000,0.00001921
1625670557370000,1,1768.14675314,0.00001921
1625670557370000,1,3339.85324686,0.00001921
1625670557586000,1,1452.00000000,0.00001921
1625670558368000,1,2221.14722012,0.00001921
1625670558368000,1,3082.85277988,0.00001921
1625670566427000,1,1768.14675314,0.00001921
1625670566427000,1,3989.85324686,0.00001921
1625670582126000,1,1547.24160632,0.00001921
1625670582126000,1,1768.75839368,0.00001921
1625670589605000,1,1459.00000000,0.00001921
1625670599357000,1,1641.00000000,0.00001921
1625670603146000,1,570.00000000,0.00001921
1625670603169000,1,0.41707899,0.00001921
1625670619135000,1,7010.60990629,0.00001921
1625670619135000,1,4423.20935941,0.00001921
1625670619135000,1,1769.18073430,0.00001921
1625670634040000,1,622.36904793,0.00001921
1625670637630000,1,3760.00000000,0.00001921
1625670641031000,1,10.82237890,0.00001921
1625670655316000,1,3465.74929258,0.00001921
1625670655316000,1,4424.77503329,0.00001921
1625670655316000,1,1769.91001331,0.00001921
1625670667331000,1,1534.00000000,0.00001921
1625670667439000,1,235.55603131,0.00001921
1625670671105000,1,1164.00000000,0.00001921
1625670673992000,1,1112.00000000,0.00001921
1625670674321000,1,657.00000000,0.00001921
1625670676604000,1,1206.70460214,0.00001920
1625670682005000,1,3837.38818184,0.00001921
1625670682005000,1,1769.61181816,0.00001921
1625670682055000,1,0.29819515,0.00001921
1625670685634000,1,2553.29539786,0.00001920
1625670685634000,1,7486.48170000,0.00001920
1625670689138000,1,7286.00939635,0.00001920
1625670693668000,1,3266.63440765,0.00001921
1625670693668000,1,628.36559235,0.00001921
1625670693672000,1,5219.32859614,0.00001921
1625670697103000,1,229.15622910,0.00001920
1625670697103000,1,227.38647816,0.00001920
1625670700171000,1,1170.06583093,0.00001921
1625670700171000,1,4424.93416907,0.00001921
1625670700229000,1,0.42827772,0.00001921
1625670701809000,1,1066.00000000,0.00001921
1625670705454000,1,355.53361897,0.00001921
1625670705454000,1,1770.14497871,0.00001921
1625670713205000,1,4425.36244679,0.00001921
1625670713205000,1,1770.14497871,0.00001921
1625670716864000,1,1770.00000000,0.00001922
1625670716992000,1,0.14497871,0.00001922
1625670718108000,1,7464.35760000,0.00001921
1625670718108000,1,2338.02545587,0.00001921
1625670719204000,1,820.00000000,0.00001922
1625670720636000,1,0.01966139,0.00001922
1625670720636000,1,818.98033861,0.00001922
1625670720638000,1,0.77380103,0.00001922
1625670720700000,1,1421.97454413,0.00001921
1625670721742000,1,4425.00000000,0.00001922
1625670722871000,1,0.36244679,0.00001922
1625670722871000,1,1769.63755321,0.00001922
1625670722973000,1,0.50742550,0.00001922
1625670724088000,1,2807.96389700,0.00001921
1625670724634000,1,952.03610300,0.00001921
1625670724634000,1,5242.96389700,0.00001921
1625670736569000,1,3002.00000000,0.00001921
1625670736666000,1,3492.00000000,0.00001921
1625670745972000,1,1770.00000000,0.00001922
1625670746197000,1,0.14497871,0.00001922
1625670746197000,1,4424.85502129,0.00001922
1625670746210000,1,0.50742550,0.00001922
1625670750238000,1,548.00000000,0.00001922
1625670750316000,1,0.30240716,0.00001922
1625670750639000,1,3760.00000000,0.00001921
1625670750639000,1,7134.16417060,0.00001921
1625670753135000,1,278.28622940,0.00001921
1625670753660000,1,4425.36244679,0.00001922
1625670759187000,1,428.81923038,0.00001921
1625670762710000,1,3331.18076962,0.00001921
1625670918310000,1,3345.00000000,0.00001921
1625670918328000,1,941.00000000,0.00001921
1625670956559000,1,264.00000000,0.00001921
1625670956877000,1,2831.00000000,0.00001921
1625670961872000,1,7457.35040000,0.00001921
1625670994568000,1,1079.87759225,0.00001922
1625670994568000,1,4425.09131349,0.00001922
1625670999014000,1,4572.88936336,0.00001920
1625671017664000,1,1770.00000000,0.00001922
1625671017830000,1,0.03652539,0.00001922
1625671018386000,1,4425.00000000,0.00001922
1625671026684000,1,7267.83978900,0.00001921
1625671036984000,1,172.65831100,0.00001921
1625671036984000,1,6022.56084137,0.00001921
1625671037448000,1,1497.72624311,0.00001921
1625671037448000,1,3713.71536050,0.00001921
1625671040962000,1,46.28463950,0.00001921
1625671040962000,1,4992.57840288,0.00001921
1625671041516000,1,2527.70868160,0.00001921
1625671041516000,1,5221.43490027,0.00001921
1625671047058000,1,603.00000000,0.00001922
1625671048357000,1,1776.00000000,0.00001922
1625671061160000,1,1773.00000000,0.00001922
1625671062615000,1,0.47129762,0.00001922
1625671062615000,1,4433.52870238,0.00001922
1625671106888000,1,0.14954168,0.00001922
1625671106888000,1,7021.43888799,0.00001921
1625671109889000,1,1773.47129762,0.00001922
1625671109962000,1,6207.00000000,0.00001921
1625671110302000,1,1522.00000000,0.00001921
1625671111442000,1,3798.56343456,0.00001921
1625671111442000,1,2408.43656544,0.00001921
1625671113656000,1,3187.00000000,0.00001921
1625671113763000,1,1988.87598212,0.00001921
1625671113763000,1,647.12401788,0.00001921
1625671114106000,1,3786.00000000,0.00001921
1625671115608000,1,2254.33980124,0.00001920
1625671116063000,1,220.00000000,0.00001921
1625671116116000,1,695.00000000,0.00001921
1625671116688000,1,858.35034147,0.00001921
1625671116688000,1,1177.64965853,0.00001921
1625671116863000,1,0.74164337,0.00001921
1625671119108000,1,1505.66019876,0.00001920
1625671119108000,1,7465.71680000,0.00001920
1625671121577000,1,318.68713020,0.00001920
1625671122069000,1,2183.00000000,0.00001921
1625671122129000,1,0.43760793,0.00001921
1625671124500000,1,2673.94631238,0.00001921
1625671151220000,1,5644.20216918,0.00001921
1625671151220000,1,1773.35034147,0.00001921
1625671151220000,1,102.56550632,0.00001921
1625671157527000,1,1773.00000000,0.00001921
1625671160207000,1,0.35034147,0.00001921
1625671161587000,1,5110.23601260,0.00001920
1625671171548000,1,60.16627300,0.00001921
1625671171548000,1,2095.56809851,0.00001921
1625671171548000,1,1773.35034147,0.00001921
1625671182209000,1,1771.00000000,0.00001921
1625671183316000,1,0.55608227,0.00001921
1625671183371000,1,4428.89020566,0.00001921
1625671216836000,1,6819.74428491,0.00001920
1625671246698000,1,4816.61031610,0.00001920
1625671264165000,1,3758.25038004,0.00001920
1625671268858000,1,1771.45952490,0.00001921
1625671268858000,1,4428.54047510,0.00001921
1625671268860000,1,0.10833715,0.00001921
1625671270106000,1,7036.00000000,0.00001921
1625671270161000,1,0.50295183,0.00001921
1625671271672000,1,1.74961996,0.00001920
1625671271672000,1,7034.75333187,0.00001920
1625671272323000,1,9538.00000000,0.00001921
1625671272363000,1,0.60095778,0.00001921
1625671273695000,1,3760.00000000,0.00001920
1625671276316000,1,1080.78753670,0.00001920
1625671278690000,1,1926.46223333,0.00001920
1625671283706000,1,1771.45952490,0.00001921
1625671283706000,1,4428.64881225,0.00001921
1625671286714000,1,752.75022997,0.00001920
1625671286714000,1,1974.80922948,0.00001920
1625671290010000,1,1771.45952490,0.00001921
1625671290010000,1,863.54047510,0.00001921
1625671290068000,1,2085.00000000,0.00001921
1625671292330000,1,1183.00000000,0.00001921
1625671295104000,1,1771.00000000,0.00001921
1625671297304000,1,0.27247495,0.00001921
1625671297304000,1,1296.72752505,0.00001921
1625671299482000,1,0.81812648,0.00001921
1625671299482000,1,1723.18187352,0.00001921
1625671302103000,1,0.11993751,0.00001921
1625671304688000,1,1771.00000000,0.00001921
1625671305301000,1,0.27247495,0.00001921
1625671306298000,1,1627.79940448,0.00001921
1625671307409000,1,1627.00000000,0.00001921
1625671322137000,1,1771.27247495,0.00001921
1625671322137000,1,2973.72752505,0.00001921
1625671322699000,1,0.23896040,0.00001921
1625671322699000,1,4579.76103960,0.00001921
1625671323225000,1,165.00000000,0.00001921
1625671323709000,1,3146.00000000,0.00001921
1625671324739000,1,1001.00000000,0.00001921
1625671325808000,1,684.00000000,0.00001921
1625671327265000,1,0.15399345,0.00001921
1625671328764000,1,5574.18729041,0.00001920
1625671342506000,1,587.15303234,0.00001921
1625671342506000,1,1770.84696766,0.00001921
1625671342711000,1,0.42550729,0.00001921
1625671342711000,1,815.57449271,0.00001921
1625671343503000,1,1542.00000000,0.00001921
1625671344888000,1,816.00000000,0.00001921
1625671345304000,1,955.00000000,0.00001921
1625671346347000,1,816.00000000,0.00001921
1625671356430000,1,493.05137776,0.00001921
1625671370528000,1,1771.97260651,0.00001921
1625671370528000,1,4429.02739349,0.00001921
1625671387415000,1,1152.49098327,0.00001921
1625671387415000,1,1280.78179998,0.00001921
1625671387415000,1,2454.72721675,0.00001921
1625671389911000,1,3760.00000000,0.00001920
1625671389911000,1,7374.88210000,0.00001920
1625671427025000,1,1771.85789189,0.00001921
1625671427025000,1,4429.14210811,0.00001921
1625671437613000,1,1771.85789189,0.00001921
1625671437613000,1,2416.37120006,0.00001921
1625671437613000,1,10186.77090805,0.00001921
1625671455077000,1,3913.33492929,0.00001920
1625671466355000,0,3760.00000000,0.00001918
1625671476658000,0,3760.00000000,0.00001919
1625671483602000,0,29.74893300,0.00001920
1625671589810000,1,1129.00000000,0.00001917
1625671589908000,1,1218.00000000,0.00001917
1625671607924000,0,11.08915400,0.00001919
1625671608974000,0,51.12898200,0.00001919
1625671628661000,0,51.05344900,0.00001919
1625671651142000,1,7539.63526840,0.00001917
1625671674488000,0,125.52289200,0.00001919
1625671756001000,0,52.50836200,0.00001919
1625671936329000,0,3760.00000000,0.00001919
1625671978998000,0,2004.00000000,0.00001918
1625672044946000,0,782.27000000,0.00001920
1625672071788000,1,1776.07585191,0.00001920
1625672071788000,1,3212.92414809,0.00001920
1625672072063000,1,1227.00000000,0.00001920
1625672072170000,1,0.26548168,0.00001920
1625672075056000,1,1776.00000000,0.00001920
1625672075710000,1,1550.75360277,0.00001920
1625672075710000,1,3876.24639723,0.00001920
1625672079336000,1,1439.00000000,0.00001920
1625672080773000,1,0.45301775,0.00001920
1625672080773000,1,2841.54698225,0.00001920
1625672080907000,1,519.69274815,0.00001920
1625672084746000,1,3760.00000000,0.00001919
1625672090246000,1,3760.00000000,0.00001919
1625672092654000,1,1529.75634360,0.00001920
1625672093106000,1,3123.00000000,0.00001920
1625672093193000,1,701.39085901,0.00001920
1625672093588000,1,3760.00000000,0.00001919
1625672093588000,1,1226.32028099,0.00001919
1625672098839000,1,1561.98100917,0.00001920
1625672098839000,1,8551.76792613,0.00001920
1625672098839000,1,145.25106470,0.00001919
1625672098899000,1,3759.70145821,0.00001919
1625672099182000,1,3904.00000000,0.00001920
1625672101574000,1,1397.00000000,0.00001920
1625672101677000,1,0.44633385,0.00001920
1625672101780000,1,338.00000000,0.00001919
1625672102666000,1,3760.00000000,0.00001918
1625672102666000,1,7545.07854009,0.00001918
1625672102666000,1,7394.98140000,0.00001918
1625672360249000,0,17.44720000,0.00001917
1625672584427000,1,40.69150000,0.00001916
1625672650148000,0,54.31131000,0.00001916
1625672653281000,0,805.00000000,0.00001916
1625672744839000,1,60.31486600,0.00001916
1625672750893000,1,2776.01031974,0.00001916
1625672750893000,1,3638.72016137,0.00001916
1625672770632000,0,20.36053400,0.00001916
1625673065525000,0,51.13279500,0.00001917
1625673066073000,0,14.67826500,0.00001917
1625673067481000,0,35.57335200,0.00001917
1625673085294000,0,51.14097800,0.00001917
1625673109240000,0,11.11571300,0.00001917
1625673216528000,0,35.67307900,0.00001917
1625673279829000,0,51.14200000,0.00001917
1625673280262000,0,55.24307700,0.00001917
1625673328405000,1,85.00000000,0.00001917
1625673335043000,1,0.55545200,0.00001917
1625673335043000,1,15.70775600,0.00001917
1625673426736000,1,2433.07572397,0.00001916
1625673426736000,1,6325.99688231,0.00001916
1625673426736000,1,972.92739372,0.00001916
1625673448579000,1,102.23067200,0.00001917
1625673616588000,0,1028.00000000,0.00001918
1625673616588000,0,3160.00000000,0.00001918
1625673616588000,0,3760.00000000,0.00001918
1625673623185000,0,4081.60000000,0.00001919
1625673641453000,1,880.11477964,0.00001917
1625673641453000,1,2132.88522036,0.00001917
1625673646291000,1,2462.42715573,0.00001917
1625673655404000,1,2510.57244296,0.00001917
1625673655404000,1,1004.22897718,0.00001917
1625673655404000,1,3873.19857986,0.00001917
1625674000950000,0,3760.00000000,0.00001918
1625674002259000,0,3684.80000000,0.00001918
1625674007264000,0,73.69600000,0.00001918
1625674071682000,1,995.67217336,0.00001917
1625674071682000,1,2489.18043340,0.00001917
1625674071682000,1,4591.14739324,0.00001917
1625674081448000,1,190.00000000,0.00001917
1625674188177000,1,160.10000000,0.00001916
1625674188188000,1,902.57144598,0.00001916
1625674188188000,1,202.32939777,0.00001916
1625674188194000,1,2326.30000000,0.00001916
1625674188197000,1,128.04921719,0.00001916
1625674188197000,1,6907.36439889,0.00001916
1625674188197000,1,2400.28610895,0.00001916
1625674188201000,1,1303.36019720,0.00001916
1625674230158000,0,3760.00000000,0.00001917
1625674253759000,1,988.50692960,0.00001916
1625674253759000,1,2471.26732401,0.00001916
1625674253759000,1,6762.37570057,0.00001916
1625674253897000,1,3760.00000000,0.00001916
1625674264179000,1,2433.08494540,0.00001915
1625674264179000,1,6326.02085803,0.00001915
1625674264179000,1,943.89419657,0.00001915
1625674266706000,1,0.57538611,0.00001915
1625674266706000,1,132.42461389,0.00001915
1625674268903000,1,193.00000000,0.00001915
1625674268921000,1,0.08032356,0.00001915
1625674275388000,1,2047.49255485,0.00001914
1625674275388000,1,3760.00000000,0.00001914
1625674275388000,1,2220.69864226,0.00001914
1625674275388000,1,2219.80880289,0.00001914
1625674385015000,0,285.62000000,0.00001917
1625674950647000,0,3760.00000000,0.00001918
1625675285179000,0,142.12000000,0.00001920
1625675422915000,1,260.65756695,0.00001917
1625675424610000,1,1651.17060257,0.00001917
1625675424610000,1,195.82939743,0.00001917
1625675450949000,1,5534.41940376,0.00001917
1625675450949000,1,901.05517453,0.00001917
1625675450949000,1,2010.52542171,0.00001917
1625675451404000,1,242.00000000,0.00001917
1625675458612000,1,537.00000000,0.00001917
1625675460944000,1,2091.00000000,0.00001917
1625675461082000,1,0.95796119,0.00001917
1625675529513000,0,213.38000000,0.00001919
1625675893332000,0,129.66805000,0.00001919
1625676376447000,1,191.00000000,0.00001916
1625676376593000,1,4239.29382605,0.00001916
1625676376593000,1,1523.70617395,0.00001916
1625676376955000,1,2194.00000000,0.00001916
1625676377947000,1,465.00000000,0.00001916
1625676378248000,1,1986.00000000,0.00001916
1625676378969000,1,713.00000000,0.00001916
1625676380323000,1,928.00000000,0.00001916
1625676380357000,1,0.83968742,0.00001916
1625676392629000,1,11524.00000000,0.00001915
1625676392688000,1,0.06560070,0.00001915
1625676545950000,0,1991.28000000,0.00001917
1625676946304000,0,3760.00000000,0.00001919
1625676948432000,1,1343.00000000,0.00001919
1625676948676000,1,6190.38374419,0.00001919
1625677638152000,1,902.00000000,0.00001919
1625677638248000,1,1316.00000000,0.00001919
1625678046945000,0,1422.53000000,0.00001919
1625678058134000,0,3760.00000000,0.00001919
1625678058134000,0,1779.96420036,0.00001919
1625678058134000,0,4449.91050091,0.00001919
1625678377093000,0,3760.00000000,0.00001921
1625678446902000,1,211.48182200,0.00001920
1625678476789000,1,72.49845100,0.00001920
1625678646345000,1,40.56865300,0.00001921
1625678941856000,1,22.85611500,0.00001920
1625679004843000,1,31.52810300,0.00001920
1625679005354000,0,142.33000000,0.00001922
1625679077561000,1,30067.00000000,0.00001920
1625679079778000,1,5150.00000000,0.00001920
1625679083248000,1,16378.00000000,0.00001920
1625679087734000,1,505.00000000,0.00001920
1625679373955000,1,77.46276700,0.00001920
1625679423324000,1,3760.00000000,0.00001920
1625679744638000,0,1780.59633286,0.00001919
1625680015564000,1,3760.00000000,0.00001918
1625680015564000,1,7539.13858279,0.00001918
1625680085031000,1,3760.00000000,0.00001918
1625680125523000,1,3760.00000000,0.00001917
1625680125523000,1,7530.24890119,0.00001917
1625680133231000,1,86.00000000,0.00001917
1625680137021000,1,912.00000000,0.00001917
1625680137182000,1,2762.00000000,0.00001917
1625680140673000,1,2671.00000000,0.00001917
1625680141320000,1,1089.00000000,0.00001917
1625680827085000,0,3760.00000000,0.00001920
1625680827085000,0,13582.00000000,0.00001920
1625680872092000,1,579.00000000,0.00001919
1625680881108000,1,100.13660000,0.00001919
1625680940842000,1,70.81023800,0.00001919
1625681045339000,1,3760.00000000,0.00001919
1625681210474000,0,7503.00000000,0.00001917
1625681210518000,0,0.58396549,0.00001917
1625681302781000,1,50.90854700,0.00001917
1625681374671000,1,18.36317000,0.00001918
1625681530131000,1,16.21325000,0.00001918
1625681647861000,0,507.30027700,0.00001919
1625681658388000,0,1500.00000000,0.00001921
1625681676424000,1,13.22950000,0.00001919
1625681809654000,1,66.20807800,0.00001920
1625681857656000,0,3114.00000000,0.00001923
1625681953717000,0,3760.00000000,0.00001926
1625681953717000,0,3114.00000000,0.00001926
1625681996032000,1,12.06140100,0.00001925
1625681996605000,1,56.35970800,0.00001925
1625682149302000,1,285.02435700,0.00001925
1625682191524000,1,30.01594300,0.00001925
1625682300113000,1,73.32172500,0.00001924
1625682320661000,1,300.00000000,0.00001923
1625682365430000,0,705.66000000,0.00001926
1625682469798000,1,132.96796500,0.00001924
1625682490094000,1,73.31064500,0.00001924
1625682684307000,1,3760.00000000,0.00001924
1625682802551000,1,20.98528400,0.00001925
1625682909754000,1,16.12066300,0.00001924
1625682931305000,1,13.32531000,0.00001924
1625683015703000,1,34.44923000,0.00001924
1625683077594000,1,34.29784100,0.00001924
1625683153390000,1,16.89163700,0.00001924
1625683322544000,1,18.57282800,0.00001925
1625683369070000,1,135.15504200,0.00001925
1625683502648000,1,46.98672900,0.00001926
1625683523629000,1,41.55815000,0.00001926
1625683625472000,1,359.00054600,0.00001925
1625683710770000,1,13.26170300,0.00001925
1625683857586000,0,3760.00000000,0.00001925
1625683863325000,1,7482.00000000,0.00001925
1625683880176000,1,0.41362018,0.00001925
1625683880176000,1,29.58637982,0.00001925
1625684005709000,1,111.97115600,0.00001926
1625684026699000,1,67.16528300,0.00001925
1625684094134000,1,24.46039500,0.00001925
1625684139595000,0,7439.25930000,0.00001927
1625684238461000,1,23.04790600,0.00001926
1625684262265000,0,3114.00000000,0.00001928
1625684345682000,0,141.16000000,0.00001929
1625684407513000,1,13255.00000000,0.00001928
1625684407522000,1,327.31531312,0.00001928
1625684423260000,1,1764.68266934,0.00001927
1625684467648000,1,671.00000000,0.00001926
1625684682086000,1,60.23591100,0.00001926
1625685102712000,1,180.61610400,0.00001924
1625685154572000,0,3760.00000000,0.00001925
1625685168039000,0,214.00000000,0.00001926
1625685269042000,1,40.50070000,0.00001924
1625685395079000,0,485.00000000,0.00001926
1625685395154000,0,997.00000000,0.00001926
1625685395321000,0,2278.00000000,0.00001926
1625685430145000,0,7495.40919440,0.00001927
1625685430145000,0,3759.59080560,0.00001927
1625685454345000,0,3760.00000000,0.00001926
1625685484724000,0,1979.84000000,0.00001926
1625685768448000,1,25.30925100,0.00001925
1625685979796000,1,42.07085500,0.00001927
1625686144052000,0,15.68958000,0.00001928
1625686211048000,0,3760.00000000,0.00001929
1625686274591000,0,3760.00000000,0.00001929
1625686685077000,0,202.30000000,0.00001929
1625686852817000,1,13.46759700,0.00001927
1625686906819000,1,42.96439100,0.00001927
1625687489316000,0,7491.00000000,0.00001925
1625687663542000,0,0.93321653,0.00001925
1625687663542000,0,7489.43179474,0.00001925
1625687663542000,0,3759.63498873,0.00001925
1625687981112000,1,269.13946800,0.00001926
1625688244774000,0,2827.59000000,0.00001927
1625688278663000,1,222.26646400,0.00001925
1625688406266000,0,3760.00000000,0.00001926
1625689018375000,0,51.12463000,0.00001925
1625689130295000,0,1772.86397143,0.00001924
1625689222847000,0,1770.00000000,0.00001927
1625689222881000,0,0.46132511,0.00001927
1625689389171000,0,3760.00000000,0.00001927
1625689543008000,1,418.84822500,0.00001926
1625689824806000,1,356.00000000,0.00001926
1625689824898000,1,29277.00000000,0.00001926
1625689824921000,1,11361.00000000,0.00001926
1625689824921000,1,3655.80000000,0.00001926
1625690455647000,1,1017.18859881,0.00001926
1625691034188000,1,10.72988400,0.00001928
1625691303367000,1,141.20000000,0.00001927
1625691468897000,0,3760.00000000,0.00001927
1625691471597000,0,2941.00000000,0.00001928
1625691471740000,0,819.00000000,0.00001928
1625692651245000,0,3760.00000000,0.00001926
1625692850285000,0,1775.51051556,0.00001925
1625692850285000,0,1806.08634047,0.00001925
1625692850351000,0,2632.68994842,0.00001925
1625692850732000,0,1776.29618502,0.00001924
1625692850732000,0,4440.43830141,0.00001924
1625692850931000,0,5326.00000000,0.00001925
1625692884983000,1,8526.15420000,0.00001932
1625693070907000,1,1778.36532028,0.00001930
1625693070907000,1,4444.44207408,0.00001930
1625693105528000,1,3760.00000000,0.00001928
1625693127157000,1,208.00000000,0.00001926
1625693127446000,1,1201.00000000,0.00001926
1625693127525000,1,583.95149957,0.00001926
1625693166404000,0,236.22000000,0.00001927
1625693181199000,0,5054.00000000,0.00001928
1625693181406000,0,8528.00000000,0.00001928
1625693369499000,0,3885.00000000,0.00001931
1625693501362000,1,10368.00000000,0.00001930
1625693713755000,0,3346.00000000,0.00001932
1625693929609000,0,23971.00000000,0.00001934
1625693930971000,0,1508.00000000,0.00001934
1625693932680000,0,10368.00000000,0.00001934
1625694065712000,0,1783.00000000,0.00001934
1625694091912000,1,11.80220000,0.00001932
1625694112861000,1,18.68790000,0.00001932
1625694171637000,0,1785.74405763,0.00001932
1625694264991000,0,926.00000000,0.00001932
1625694265001000,0,860.55229803,0.00001932
1625694329200000,1,4399.00000000,0.00001931
1625694381566000,0,2870.00000000,0.00001932
1625694848708000,1,12053.00000000,0.00001931
1625695687978000,1,1784.93017533,0.00001926
1625695687978000,1,4460.88044544,0.00001926
1625695828223000,0,3381.00000000,0.00001928
1625696127704000,0,7233.00000000,0.00001929
1625696181999000,1,1787.13978500,0.00001929
1625696181999000,1,2733.86021500,0.00001929
1625696427482000,0,88.66615100,0.00001931
1625696483602000,0,88.66615100,0.00001932
1625696976647000,0,1320.00000000,0.00001932
1625696981114000,0,1559.00000000,0.00001932
1625696981171000,0,0.33384900,0.00001932
1625697171616000,0,1783.48575657,0.00001931
1625697171616000,0,4458.71439141,0.00001931
1625697665319000,0,416.74000000,0.00001929
1625698621228000,1,101.91908700,0.00001927
1625698923503000,1,1950.00000000,0.00001924
1625698986847000,0,911.00000000,0.00001926
1625698986891000,0,4767.00000000,0.00001926
1625698986950000,0,1937.88458533,0.00001926
1625699001529000,0,1796.00000000,0.00001926
1625699002262000,0,2665.00000000,0.00001927
1625699193485000,0,1794.25985514,0.00001930
1625699193485000,0,2340.74014486,0.00001930
1625699246639000,1,3840.00000000,0.00001929
1625699270520000,0,3840.00000000,0.00001930
1625699370164000,1,3840.00000000,0.00001928
1625699561477000,1,3840.00000000,0.00001928
1625699567924000,0,102.47054700,0.00001929
1625699638252000,0,7641.65232857,0.00001928
1625699638636000,0,3840.00000000,0.00001928
1625699639023000,1,4506.36362260,0.00001928
1625699639024000,1,1802.78483416,0.00001928
1625699733569000,1,41.01620000,0.00001927
1625699733724000,1,0.00009200,0.00001927
1625699767252000,1,3840.00000000,0.00001926
1625699801283000,1,3840.00000000,0.00001925
1625699819845000,1,3840.00000000,0.00001925
1625699821823000,1,368.49758389,0.00001925
1625699822903000,1,3471.50241611,0.00001925
1625699822903000,1,5323.49758389,0.00001925
1625699967672000,1,3413.00000000,0.00001925
1625700108401000,1,20.31393400,0.00001926
1625700244146000,0,55.55351900,0.00001926
1625700264439000,0,96.22350400,0.00001925
1625700317112000,0,3552.00000000,0.00001925
1625700331033000,0,3780.00000000,0.00001924
1625700331371000,0,60.00000000,0.00001924
1625700349047000,0,3840.00000000,0.00001924
1625700350933000,0,51.49732600,0.00001925
1625700397470000,0,3788.00000000,0.00001925
1625700424421000,0,950.00000000,0.00001924
1625700424487000,0,10452.00000000,0.00001924
1625700437914000,0,52.50544600,0.00001925
1625700650242000,0,103.96085700,0.00001924
1625700660879000,0,2220.00000000,0.00001925
1625700662042000,0,1567.00000000,0.00001925
1625700745723000,1,781.34791290,0.00001923
1625700745779000,1,2158.73185150,0.00001923
1625700782818000,0,51.36816600,0.00001924
1625700808185000,0,35.77463200,0.00001923
1625700833467000,0,178.97127600,0.00001924
1625700889817000,1,60.00000000,0.00001921
1625701032366000,0,1148.00000000,0.00001924
1625701032467000,0,2692.00000000,0.00001924
1625701073815000,0,3840.00000000,0.00001925
1625701076299000,0,3840.00000000,0.00001925
1625701470728000,0,322.00000000,0.00001926
1625701604851000,0,287.00000000,0.00001927
1625701633128000,1,21.43468300,0.00001926
1625701930865000,1,491.94355900,0.00001926
1625702003290000,1,11911.00000000,0.00001926
1625702120479000,0,3840.00000000,0.00001926
1625702121581000,1,2065.00000000,0.00001924
1625702121601000,1,2452.20619650,0.00001924
