timestamp ms,type,amount,price
1628640156091000,0,1378.05594117,0.00001864
1628640156944000,0,145.59000000,0.00001865
1628640156962000,0,197.60000000,0.00001865
1628640156989000,0,1034.23100199,0.00001865
1628640157363000,0,54.46028100,0.00001866
1628640247151000,1,17.00000000,0.00001870
1628640329217000,0,15.50470000,0.00001870
1628640335165000,1,22.70145800,0.00001870
1628640351830000,1,26.81312700,0.00001871
1628640436783000,1,98.15751000,0.00001872
1628640459032000,1,285.97670800,0.00001872
1628640544578000,1,58.06902000,0.00001872
1628640650165000,1,120.49632200,0.00001873
1628640825969000,0,25683.00000000,0.00001877
1628640825987000,0,18775.90000000,0.00001877
1628640901375000,1,20.98674000,0.00001877
1628640945922000,1,142.24052400,0.00001874
1628641072368000,1,59.11917900,0.00001875
1628641120985000,1,17.98457600,0.00001876
1628641134480000,0,1359.04414359,0.00001885
1628641135479000,1,85.86172969,0.00001882
1628641135528000,1,1359.04414359,0.00001883
1628641146619000,0,33.84590000,0.00001887
1628641146629000,0,61.89180000,0.00001887
1628641146649000,0,870.00000000,0.00001887
1628641146663000,0,2428.92412903,0.00001887
1628641146663000,0,1357.63318511,0.00001887
1628641203020000,1,21.95571300,0.00001889
1628641223127000,1,642.34691719,0.00001892
1628641224314000,1,219.84600000,0.00001893
1628641228365000,1,72.99574219,0.00001894
1628641229430000,0,13.64030797,0.00001896
1628641229430000,0,150.86109203,0.00001897
1628641229534000,1,57.51439922,0.00001895
1628641229550000,0,13.64030797,0.00001899
1628641233824000,1,5726.38840000,0.00001894
1628641246874000,0,30.21570000,0.00001899
1628641246888000,0,50.90860000,0.00001899
1628641246889000,0,27.17990000,0.00001899
1628641246927000,0,3270.49563328,0.00001899
1628641246927000,0,1351.54663386,0.00001899
1628641255718000,1,90.03068438,0.00001898
1628641261461000,0,89.32400000,0.00001900
1628641261461000,0,1350.68971736,0.00001900
1628641261461000,0,3287.46327264,0.00001900
1628641267038000,1,67.39029375,0.00001900
1628641268786000,1,55.64851875,0.00001900
1628641280271000,1,1349.96034491,0.00001899
1628641280271000,1,3374.03965509,0.00001899
1628641280299000,1,0.86120720,0.00001899
1628641281239000,1,5743.00240000,0.00001897
1628641284926000,1,109.92300000,0.00001895
1628641297689000,1,5636.84170000,0.00001897
1628641326519000,0,15.03910000,0.00001898
1628641327026000,0,31.74490000,0.00001898
1628641328003000,0,0.00001100,0.00001898
1628641331120000,1,364.08127400,0.00001898
1628641362192000,1,78.11791300,0.00001902
1628641373581000,1,156.10806400,0.00001903
1628641416574000,1,108.00000000,0.00001904
1628641418350000,1,676.70410500,0.00001904
1628641456699000,1,53.37409500,0.00001904
1628641464462000,0,1350.76323816,0.00001908
1628641469606000,0,10000.00000000,0.00001910
1628641470327000,1,1029.27900000,0.00001908
1628641474261000,1,2389.84348000,0.00001909
1628641474402000,1,60.95730000,0.00001908
1628641476544000,1,45.39007969,0.00001908
1628641479460000,1,702.79821500,0.00001908
1628641484290000,0,1348.63972836,0.00001911
1628641484290000,0,3371.36027164,0.00001911
1628641488399000,1,788.44770000,0.00001909
1628641502112000,1,1347.72171000,0.00001911
1628641508398000,1,1348.96602000,0.00001909
1628641523990000,1,5303.31227000,0.00001908
1628641531120000,0,870.00000000,0.00001909
1628641531209000,0,283.85040000,0.00001909
1628641531378000,0,190.62764900,0.00001910
1628641533703000,1,5714.84720000,0.00001908
1628641533703000,1,785.15280000,0.00001908
1628641533763000,1,563.87186291,0.00001908
1628641533763000,1,3372.95236709,0.00001908
1628641541397000,1,17.57225100,0.00001908
1628641568943000,0,12.68198900,0.00001908
1628641577837000,1,80.82564105,0.00001908
1628641589404000,1,80.93549297,0.00001909
1628641605666000,1,13.78550400,0.00001908
1628641634886000,1,563.17577000,0.00001908
1628641648715000,1,335.20703700,0.00001907
1628641669170000,1,11.20544600,0.00001908
1628641723624000,1,232.30452600,0.00001909
1628641750312000,1,13.52399000,0.00001911
1628641766560000,1,14.42665800,0.00001911
1628641792016000,1,1344.63072346,0.00001909
1628641809810000,1,71.07289800,0.00001909
1628641823265000,0,5662.79260000,0.00001911
1628641973445000,0,1343.92150830,0.00001906
1628641973445000,0,3359.60636974,0.00001906
1628641974302000,1,1343.55542286,0.00001905
1628641974302000,1,5692.61349714,0.00001905
1628642003677000,1,1342.34361619,0.00001906
1628642003677000,1,3355.85904048,0.00001906
1628642072716000,1,42.60294500,0.00001902
1628642344322000,1,28.11050900,0.00001902
1628642359853000,1,5600.28239000,0.00001902
1628642367749000,0,11.22084900,0.00001901
1628642368027000,0,1348.94218072,0.00001903
1628642368701000,0,196.12320900,0.00001904
1628642407988000,1,135.13457400,0.00001901
1628642575716000,1,16.14602900,0.00001904
1628642598074000,0,5000.00000000,0.00001904
1628642598236000,1,28.40496600,0.00001903
1628642618467000,1,153.85258000,0.00001903
1628642659902000,1,44.64893300,0.00001905
1628642672397000,0,5603.08640000,0.00001908
1628642676942000,0,2000.00000000,0.00001909
1628642681645000,1,20.97321500,0.00001908
1628642726557000,1,1342.09385995,0.00001908
1628642736812000,0,13.73680000,0.00001910
1628642736827000,0,0.00005600,0.00001910
1628642744543000,1,73.78306000,0.00001911
1628642756694000,0,1335.94932875,0.00001918
1628642756694000,0,1335.28726043,0.00001918
1628642757450000,0,96.00000000,0.00001918
1628642757463000,0,0.62740400,0.00001918
1628642764363000,1,3336.27617616,0.00001915
1628642764363000,1,1334.31276384,0.00001915
1628642765277000,1,3336.27617616,0.00001914
1628642765277000,1,470.76904384,0.00001914
1628642766673000,0,104.35940000,0.00001914
1628642766901000,0,0.00001700,0.00001914
1628642778696000,1,1337.82339868,0.00001913
1628642784385000,0,1339.00000000,0.00001914
1628642813963000,1,55.38375200,0.00001913
1628642831615000,1,1827.20018200,0.00001915
1628642838153000,1,1335.94932875,0.00001915
1628643020221000,1,16.22300000,0.00001905
1628643215575000,1,29.39576200,0.00001901
1628643278253000,1,250.91328700,0.00001901
1628643382402000,1,1346.14754373,0.00001903
1628643382402000,1,357.25674527,0.00001902
1628643445471000,1,22.00493700,0.00001902
1628643454961000,1,32.39933300,0.00001902
1628643497811000,0,15.56009500,0.00001902
1628643560011000,1,11.06356900,0.00001900
1628643595302000,1,226.49813600,0.00001900
1628643640527000,1,140.05781100,0.00001901
1628643732531000,0,15.92323700,0.00001900
1628643746817000,1,246.41317900,0.00001899
1628643801323000,1,10.97527600,0.00001898
1628643960776000,1,1750.14793400,0.00001900
1628644128654000,1,5711.04531400,0.00001898
1628644227354000,0,1350.71514351,0.00001900
1628644227354000,0,3377.28485649,0.00001900
1628644255163000,1,23.78223500,0.00001899
1628644276224000,1,37.62399200,0.00001899
1628644381175000,1,33.44532500,0.00001902
1628644402024000,1,28.15189300,0.00001902
1628644423419000,1,61.40772900,0.00001903
1628644429160000,1,128.69380900,0.00001903
1628644444289000,1,18.29564700,0.00001903
1628644514779000,0,1341.87656763,0.00001912
1628644515259000,0,3353.92617290,0.00001913
1628644515259000,0,1341.17474934,0.00001913
1628644527860000,1,19.46030600,0.00001912
1628644562503000,0,1183.00000000,0.00001917
1628644580589000,0,0.17570600,0.00001917
1628644583230000,0,5667.96310000,0.00001919
1628644583230000,0,3346.66767114,0.00001919
1628644583230000,0,1338.56575886,0.00001919
1628644594261000,1,38.99837300,0.00001916
1628644660167000,1,14.14655000,0.00001917
1628644679696000,1,17.57862200,0.00001916
1628644895356000,1,1754.30407000,0.00001913
1628645285441000,0,107.75000000,0.00001913
1628645307871000,1,20.58219600,0.00001910
1628645308291000,1,16.95460000,0.00001910
1628645330930000,1,16.88858300,0.00001910
1628645374087000,0,16.22300000,0.00001914
1628645374430000,0,14.05419500,0.00001914
1628645408253000,0,1337.14239918,0.00001913
1628645456556000,0,1334.00000000,0.00001916
1628645456557000,0,0.25626508,0.00001916
1628645506767000,1,65.07694600,0.00001913
1628645556454000,1,862.05150000,0.00001910
1628645556648000,1,280.00000000,0.00001910
1628645556664000,1,349.13360000,0.00001910
1628645556672000,1,128.32220000,0.00001910
1628645556674000,1,128.58130000,0.00001910
1628645556683000,1,14.59240000,0.00001910
1628645556690000,1,144.24990000,0.00001910
1628645556746000,1,197.60000000,0.00001910
1628645556792000,1,1234.52627185,0.00001910
1628645556792000,1,1336.09315676,0.00001910
1628645603324000,0,213.00000000,0.00001913
1628645603366000,0,0.49648100,0.00001913
1628645708824000,1,5600.16550000,0.00001909
1628645708824000,1,5718.02960272,0.00001909
1628645708908000,0,2751.80489728,0.00001909
1628645985341000,0,1346.64399893,0.00001904
1628645985341000,0,3366.60999733,0.00001904
1628645985341000,0,350.00000000,0.00001904
1628645985341000,0,5751.84661618,0.00001904
1628645985473000,0,671.71200000,0.00001905
1628645985484000,0,32.65670000,0.00001905
1628645985484000,0,198.18850000,0.00001905
1628645985484000,0,17.38340000,0.00001905
1628645985612000,0,197.60000000,0.00001905
1628645985642000,0,7635.64539305,0.00001905
1628645986931000,0,1709.62746341,0.00001909
1628646615715000,0,1377.00000000,0.00001904
1628646615771000,0,1991.28297642,0.00001904
1628646615771000,0,1347.30258301,0.00001904
1628646832998000,0,2186.00000000,0.00001909
1628646943803000,0,412.00000000,0.00001913
1628647361021000,1,5710.22766364,0.00001906
1628647728852000,0,286.64383800,0.00001907
1628647862529000,0,16.06999500,0.00001906
1628647930278000,0,1341.27237000,0.00001908
1628647930359000,0,0.00000819,0.00001908
1628648079419000,0,3333.35047034,0.00001918
1628648079419000,0,1333.21850966,0.00001918
1628648079473000,0,0.00000689,0.00001918
1628648113782000,1,1332.74531909,0.00001918
1628648113782000,1,243.55938991,0.00001918
1628648117344000,0,1151.00000000,0.00001923
1628648117388000,0,179.45771630,0.00001923
1628648117388000,0,3326.11015419,0.00001923
1628648149962000,0,1332.08762892,0.00001919
1628648176024000,1,581.48610800,0.00001918
1628648255136000,0,1338.20134000,0.00001912
1628648459007000,1,197.60000000,0.00001908
1628648557212000,0,79.39042000,0.00001908
1628648640862000,0,79.48101700,0.00001905
1628648662571000,1,79.00000000,0.00001904
1628648662585000,1,0.48153800,0.00001904
1628648825048000,0,225.02000000,0.00001907
1628649186720000,1,22.43587500,0.00001907
1628649299659000,0,312.00000000,0.00001907
1628649361258000,0,0.51549600,0.00001907
1628649711475000,0,1350.08883585,0.00001910
1628649711475000,0,3374.91116415,0.00001910
1628649822769000,1,1728.00000000,0.00001909
1628649822931000,1,0.18874021,0.00001909
1628649844973000,0,216.79000000,0.00001911
1628650126036000,0,55.74452200,0.00001911
1628650207567000,0,147.50300000,0.00001916
1628650207569000,0,0.00007200,0.00001916
1628650212782000,1,101.77393000,0.00001916
1628650291524000,0,14.72716300,0.00001916
1628650297452000,1,328.86509200,0.00001916
1628650318363000,1,141.79922600,0.00001916
1628650369845000,0,1341.84718735,0.00001924
1628650369845000,0,3354.61796837,0.00001924
1628650390282000,0,13.26069400,0.00001923
1628650956029000,1,11.62022300,0.00001921
1628651164676000,0,107.77000000,0.00001917
1628651786713000,0,949.74844398,0.00001928
1628651950358000,1,50.00000000,0.00001923
1628652739700000,1,11.07062967,0.00001922
1628652922254000,0,79.15865100,0.00001920
1628652969941000,1,96.41100900,0.00001920
1628652969941000,1,79.24110800,0.00001920
1628652977151000,0,108.46662500,0.00001920
1628653005158000,0,148.42963700,0.00001920
1628653026146000,0,15.70350900,0.00001920
1628653040754000,0,74.34221500,0.00001920
1628653104057000,0,53.38420100,0.00001918
1628653151979000,0,26.06882100,0.00001918
1628653154395000,1,128.44505000,0.00001917
1628653154395000,1,10.81597700,0.00001917
1628653215555000,1,157.08689100,0.00001917
1628653215555000,1,99.73202200,0.00001917
1628653235453000,0,237.63241500,0.00001916
1628653256105000,0,24.83106600,0.00001916
1628653268753000,0,1344.12033000,0.00001914
1628653276726000,0,350.00000000,0.00001915
1628653276726000,0,1343.41808270,0.00001915
1628653276845000,1,1567.02053000,0.00001915
1628653278150000,1,0.00000830,0.00001915
1628653317405000,0,1343.36972377,0.00001915
1628653317405000,0,5736.57012693,0.00001915
1628653317405000,0,3358.42430942,0.00001915
1628653317405000,0,350.00000000,0.00001915
1628653317405000,0,4739.64095788,0.00001916
1628653588011000,1,29.33923400,0.00001912
1628653794505000,0,158.78144700,0.00001914
1628654062221000,1,79.25156600,0.00001914
1628654070048000,0,1342.49791504,0.00001914
1628654070048000,0,3356.24477496,0.00001914
1628654165239000,0,1079.73000000,0.00001918
1628654265228000,1,38.07219300,0.00001920
1628654477165000,1,11.44572000,0.00001922
1628654575845000,0,3352.05966496,0.00001919
1628654575845000,0,1340.82296511,0.00001919
1628654645323000,0,107.41000000,0.00001922
1628655118804000,1,1750.90293100,0.00001918
1628655301262000,0,1333.55452000,0.00001925
1628655369893000,0,1330.69393562,0.00001928
1628655381775000,1,1329.11858179,0.00001928
1628655410848000,1,476.72230200,0.00001929
1628655471330000,1,66.71393800,0.00001931
1628655495344000,1,512.03074000,0.00001932
1628655605016000,0,300.02000000,0.00001934
1628655847770000,1,455.82738300,0.00001930
1628656077004000,0,769.77129000,0.00001931
1628656181336000,1,2022.33317300,0.00001929
1628656202723000,1,120.05592000,0.00001930
1628656357020000,1,989.21316000,0.00001928
1628656374391000,1,0.00000400,0.00001928
1628656408519000,0,11.69075300,0.00001928
1628656440711000,0,14.27511600,0.00001927
1628656462907000,1,73.93620000,0.00001927
1628656462930000,1,0.00001300,0.00001927
1628656482137000,0,247.01608700,0.00001926
1628656482336000,0,1086.69170702,0.00001926
1628656482336000,0,1576.12413898,0.00001926
1628656491750000,0,29.61000800,0.00001927
1628656504038000,0,407.81362800,0.00001927
1628656512672000,0,5254.43114145,0.00001927
1628656512672000,0,1333.09699322,0.00001927
1628656512672000,0,187.44261033,0.00001927
1628656572349000,0,5710.44885432,0.00001924
1628656572349000,0,1335.53379621,0.00001924
1628656572349000,0,1335.69355155,0.00001924
1628656572617000,0,237.35450000,0.00001925
1628656572689000,0,4600.00000000,0.00001925
1628656572831000,0,350.00000000,0.00001924
1628656572869000,0,8331.49184244,0.00001924
1628656599775000,0,3342.15246522,0.00001925
1628656599775000,0,1336.61992478,0.00001925
1628656682191000,0,81.31607500,0.00001927
1628656722379000,0,591.93809200,0.00001927
1628656734713000,1,100.00000000,0.00001927
1628656734819000,1,306.16108000,0.00001927
1628656907304000,0,78.64796400,0.00001930
1628657176461000,0,19.06662100,0.00001930
1628657237176000,1,367.46986500,0.00001930
1628657291134000,1,36.75700000,0.00001931
1628657291193000,1,0.00008600,0.00001931
1628657307928000,1,51.43780000,0.00001930
1628657311434000,1,0.00004000,0.00001930
1628657370121000,1,880.49979100,0.00001930
1628657446526000,0,865.52532900,0.00001930
1628657460080000,0,1102.57714600,0.00001930
1628657522136000,0,275.82224500,0.00001928
1628657529240000,0,78.43660800,0.00001928
1628657570981000,0,49.42162400,0.00001927
1628657592012000,0,13.23249500,0.00001926
1628657592218000,0,15.50219600,0.00001926
1628657609143000,0,159.27885300,0.00001925
1628657609744000,0,74.59209000,0.00001925
1628657633256000,0,661.75277100,0.00001925
1628657738974000,0,78.55878400,0.00001927
1628657757813000,0,74.55340100,0.00001927
1628657762198000,0,219.76791000,0.00001927
1628657799408000,0,30.15130000,0.00001927
1628657799838000,0,25.62196600,0.00001927
1628657812477000,0,148.33887800,0.00001927
1628657820704000,0,74.59209000,0.00001927
1628657884321000,1,1333.13196198,0.00001925
1628657884639000,1,1333.33417000,0.00001924
1628657884689000,0,78.47729100,0.00001926
1628658240803000,1,350.00000000,0.00001927
1628658240803000,1,242.70170200,0.00001927
1628658318869000,0,78.35536900,0.00001931
1628658401710000,0,605.98388100,0.00001928
1628658423543000,0,17.81690200,0.00001929
1628658445079000,0,592.28042700,0.00001929
1628658450877000,1,825.15086800,0.00001928
1628658452053000,0,707.84094600,0.00001928
1628658480370000,1,288.90538300,0.00001928
1628658480370000,1,32.70731700,0.00001928
1628658480421000,1,0.00012500,0.00001928
1628658550574000,0,78.43660800,0.00001930
1628658557176000,1,355.84828300,0.00001929
1628658557176000,1,660.42244700,0.00001929
1628658584937000,0,80.04724100,0.00001929
1628658615642000,0,238.47993100,0.00001929
1628658619164000,0,159.94171700,0.00001929
1628658638003000,0,156.87321600,0.00001929
1628658651493000,0,39.61194000,0.00001929
1628658659114000,0,828.12524200,0.00001929
1628658669554000,0,736.69453600,0.00001929
1628658680485000,0,74.46947200,0.00001929
1628658700299000,0,23.19100800,0.00001929
1628658720925000,0,29.52357600,0.00001929
1628658765356000,1,12.73626300,0.00001929
1628658765356000,1,14.90414994,0.00001929
1628658782708000,0,26.13837200,0.00001930
1628658782830000,0,156.77751200,0.00001930
1628658794470000,1,0.56409006,0.00001929
1628658803684000,0,14.62653600,0.00001929
1628658824776000,0,15.49009400,0.00001929
1628658845831000,1,78.00000000,0.00001929
1628658853140000,1,0.38875600,0.00001929
1628658853140000,1,1087.61124400,0.00001929
1628658861725000,1,0.13303100,0.00001929
1628658861725000,1,10.84377700,0.00001929
1628658886872000,1,642.00000000,0.00001929
1628658886917000,1,0.50356300,0.00001929
1628658907220000,0,214.94272100,0.00001929
1628658927833000,0,18.41958100,0.00001928
1628658948314000,0,515.75285300,0.00001927
1628658969014000,0,74.54676300,0.00001927
1628659024346000,0,738.25972700,0.00001925
1628659031203000,0,700.23553800,0.00001925
1628659055767000,1,221.00000000,0.00001925
1628659055925000,1,0.51263400,0.00001925
1628659065481000,0,81.98851600,0.00001925
1628659065886000,0,77.20193500,0.00001926
1628659092597000,0,15.04489600,0.00001925
1628659093055000,0,78.51085700,0.00001925
1628659093157000,0,118.76372200,0.00001925
1628659113996000,0,379.92207700,0.00001925
1628659131722000,0,626.23223800,0.00001925
1628659177372000,0,36.95900100,0.00001924
1628659219516000,1,128.00000000,0.00001923
1628659386123000,0,78.55164100,0.00001925
1628659635791000,0,41.88052400,0.00001929
1628659679247000,0,74.46947200,0.00001929
1628659699831000,0,244.81609200,0.00001928
1628659708843000,0,73.61276200,0.00001928
1628659718618000,1,100.00000000,0.00001925
1628659720825000,0,39.33613700,0.00001928
1628659730802000,0,36.80663500,0.00001928
1628659741952000,0,479.34606200,0.00001928
1628659742380000,0,78.42941400,0.00001928
1628659783693000,0,26.42584000,0.00001928
1628659783896000,0,287.17659200,0.00001928
1628659784093000,0,24.55129800,0.00001928
1628659804479000,1,78.00000000,0.00001928
1628659804533000,1,0.42941400,0.00001928
1628659866457000,0,78.38875600,0.00001929
1628659934290000,0,1329.10977336,0.00001930
1628659934290000,0,3322.77442664,0.00001930
1628659935336000,0,5607.07130000,0.00001931
1628660033126000,0,78.00556200,0.00001936
1628660053623000,0,22.88794900,0.00001934
1628660072673000,1,81.00000000,0.00001936
1628660078219000,1,0.39060700,0.00001936
1628660078219000,1,510.60939300,0.00001936
1628660078250000,1,0.88995800,0.00001936
1628660094712000,0,78.00556200,0.00001937
1628660144039000,1,219.00000000,0.00001936
1628660149730000,0,197.60000000,0.00001937
1628660157767000,1,1321.42172779,0.00001938
1628660157767000,1,3302.57827221,0.00001938
1628660157768000,1,0.97604725,0.00001938
1628660161132000,1,1322.10357594,0.00001937
1628660188180000,0,5625.05340000,0.00001942
1628660188180000,0,22631.58638000,0.00001942
1628660198876000,1,3294.11221030,0.00001942
1628660198876000,1,349.99999970,0.00001942
1628660198898000,1,967.64488442,0.00001942
1628660217719000,1,1318.74044267,0.00001941
1628660217719000,1,3297.50075733,0.00001941
1628660251322000,0,129.03574300,0.00001942
1628660260946000,0,15.54663400,0.00001942
1628660261056000,0,131.08458400,0.00001942
1628660261720000,0,70.32907800,0.00001942
1628660278470000,0,2945.64007700,0.00001942
1628660281850000,0,64.95817100,0.00001942
1628660281969000,0,77.73368100,0.00001942
1628660282079000,0,391.34192600,0.00001942
1628660313552000,0,57.68804500,0.00001944
1628660317590000,1,171.69322800,0.00001942
1628660317590000,1,275.38490800,0.00001942
1628660317590000,1,1317.91019077,0.00001942
1628660317590000,1,3294.93826562,0.00001942
1628660321423000,0,250.63000000,0.00001943
1628660335444000,0,387.07888600,0.00001944
1628660345283000,1,77.00000000,0.00001943
1628660345301000,1,0.65370800,0.00001943
1628660365459000,0,153.07368500,0.00001941
1628660405663000,0,533.52000000,0.00001944
1628660408870000,0,964.26787000,0.00001944
1628660439712000,1,10.83830300,0.00001942
1628660439712000,1,77.73368100,0.00001942
1628660439712000,1,100.42801600,0.00001942
1628660451821000,1,0.43450700,0.00001942
1628660452191000,0,216.90555300,0.00001943
1628660461206000,1,197.60000000,0.00001939
1628660461240000,1,5304.14630000,0.00001939
1628660473948000,1,77.65370800,0.00001940
1628660473948000,1,298.34629200,0.00001940
1628660474048000,1,0.36226000,0.00001940
1628660474669000,0,563.63360000,0.00001941
1628660474680000,0,306.88680000,0.00001941
1628660474682000,0,154.33100000,0.00001941
1628660474685000,0,50.95860000,0.00001941
1628660474687000,0,13.69760000,0.00001941
1628660474689000,0,2209.89015774,0.00001941
1628660474689000,0,1319.75221123,0.00001941
1628660484855000,1,4760.63100100,0.00001941
1628660503478000,0,197.60000000,0.00001945
1628660503556000,0,1091.00000000,0.00001945
1628660522588000,0,1316.07730000,0.00001945
1628660522591000,0,0.00000672,0.00001945
1628660522591000,0,3290.19326679,0.00001946
1628660522591000,0,8553.16491626,0.00001946
1628660528979000,1,350.00000000,0.00001947
1628660545454000,1,77.69367400,0.00001943
1628660545454000,1,410.78463600,0.00001943
1628660568491000,0,677.62648900,0.00001942
1628660569489000,0,77.69418500,0.00001942
1628660577641000,0,561.67545927,0.00001942
1628660577641000,0,563.74704773,0.00001942
1628660589269000,1,365.00000000,0.00001938
1628660589325000,1,953.35456146,0.00001938
1628660597796000,0,1319.03482000,0.00001939
1628660599561000,1,127.84900000,0.00001941
1628660599725000,1,0.00018100,0.00001941
1628660615232000,0,220.88545800,0.00001941
1628660615420000,0,394.52041600,0.00001941
1628660620696000,0,311.13654100,0.00001942
1628660634744000,0,110.56367500,0.00001942
1628660634844000,0,704.53746800,0.00001942
1628660662928000,0,36.12255400,0.00001942
1628660683719000,0,42.88622100,0.00001939
1628660745459000,0,131.32959300,0.00001939
1628660786419000,0,12.58725200,0.00001938
1628660788269000,0,3730.83889200,0.00001938
1628660848500000,0,77.93536000,0.00001936
1628660848702000,0,681.87996300,0.00001936
1628660849117000,0,93.79271100,0.00001936
1628660870721000,0,77.93536000,0.00001935
1628660870818000,0,26.31664200,0.00001935
1628660871034000,0,12.83114100,0.00001935
1628660871481000,0,73.10020500,0.00001935
1628660876800000,0,159.81665200,0.00001935
1628660876800000,0,5641.35303863,0.00001935
1628660876800000,0,2788.61104937,0.00001936
1628660891721000,0,74.07665600,0.00001936
1628660933592000,1,77.00000000,0.00001936
1628660933776000,1,0.97510400,0.00001936
1628660936673000,0,3439.16807300,0.00001937
1628660953792000,0,104.32574500,0.00001935
1628660953895000,0,11.48912200,0.00001935
1628660974446000,0,72.59406500,0.00001935
1628660988424000,0,201.44806200,0.00001933
1628660995119000,0,189.82266700,0.00001933
1628661016933000,1,74.00000000,0.00001933
1628661016974000,1,0.66556400,0.00001933
1628661057806000,0,78.05574000,0.00001934
1628661078238000,0,129.97641700,0.00001934
1628661099015000,0,78.05574000,0.00001934
1628661099213000,0,526.87764800,0.00001934
1628661109755000,0,1270.75749741,0.00001934
1628661119916000,0,78.05574000,0.00001932
1628661120022000,0,155.83256500,0.00001932
1628661132975000,0,528.00707600,0.00001932
1628661134297000,0,1941.00000000,0.00001932
1628661138718000,1,361.00000000,0.00001932
1628661139354000,1,0.92882500,0.00001932
1628661140465000,0,78.13654300,0.00001932
1628661140578000,0,271.86345700,0.00001932
1628661140630000,1,69.75100000,0.00001932
1628661140822000,1,372.36503400,0.00001932
1628661159352000,0,73.32034200,0.00001932
1628661161502000,0,46.13414900,0.00001932
1628661182546000,0,78.13654300,0.00001931
1628661185818000,0,271.86345700,0.00001931
1628661185818000,0,1323.23602826,0.00001931
1628661185818000,0,439.12500474,0.00001931
1628661207521000,0,57.59651600,0.00001931
1628661207974000,0,155.97014100,0.00001931
1628661227677000,0,51.33579000,0.00001932
1628661243630000,0,711.91694000,0.00001931
1628661250170000,0,30.97753000,0.00001931
1628661266451000,1,203.00000000,0.00001931
1628661266488000,1,0.19537300,0.00001931
1628661266488000,1,202.80462700,0.00001931
1628661266539000,1,616.46995300,0.00001931
1628661287357000,0,78.17700700,0.00001933
1628661287573000,0,105.52238500,0.00001933
1628661298111000,0,344.71776100,0.00001933
1628661308179000,0,16.65439800,0.00001933
1628661308291000,0,24.95788100,0.00001933
1628661319425000,0,1281.82017535,0.00001933
1628661319425000,0,455.41105465,0.00001933
1628661349072000,0,1159.26288800,0.00001935
1628661370358000,1,53.42020700,0.00001935
1628661370358000,1,10.57979300,0.00001935
1628661370532000,1,0.90794900,0.00001935
1628661388796000,0,3295.39900704,0.00001941
1628661388796000,0,1317.79625296,0.00001941
1628661495228000,1,77.00000000,0.00001945
1628661495231000,1,0.57440900,0.00001945
1628661495623000,1,72.00000000,0.00001945
1628661495799000,1,0.87783100,0.00001945
1628661513455000,0,58.87722400,0.00001946
1628661525092000,0,603.30095500,0.00001946
1628661536326000,0,247.36132600,0.00001945
1628661552038000,0,734.54848700,0.00001946
1628661557592000,0,156.75696200,0.00001944
1628661578275000,0,155.14881800,0.00001943
1628661583069000,0,317.94309200,0.00001943
1628661599053000,0,569.49077200,0.00001943
1628661613670000,0,382.81556334,0.00001943
1628661619325000,0,114.33359200,0.00001943
1628661620852000,0,1317.25070000,0.00001943
1628661636580000,1,1315.42130542,0.00001943
1628661636580000,1,5606.46674532,0.00001943
1628661641079000,0,43.39436200,0.00001942
1628661661505000,0,77.61429300,0.00001941
1628661661612000,0,183.42338100,0.00001941
1628661663607000,0,4238.96232600,0.00001941
1628661663607000,0,350.00000000,0.00001941
1628661663607000,0,1317.43886331,0.00001941
1628661663607000,0,3294.12854791,0.00001941
1628661663607000,0,5616.94123886,0.00001941
1628661663716000,1,1607.32062000,0.00001941
1628661663733000,1,0.00000618,0.00001941
1628661664283000,1,5595.78640000,0.00001939
1628661668921000,0,1318.33097121,0.00001940
1628661668921000,0,3295.82742803,0.00001940
1628661669112000,0,1430.00000000,0.00001941
1628661669671000,0,1316.97256733,0.00001942
1628661669671000,0,3292.02743267,0.00001942
1628661670254000,1,350.00000000,0.00001942
1628661687242000,1,275.00000000,0.00001941
1628661691172000,0,728.65680100,0.00001942
1628661702758000,0,519.74435300,0.00001943
1628661744523000,0,40.86470200,0.00001942
1628661764426000,0,26.71694700,0.00001940
1628661764536000,0,15.36216800,0.00001940
1628661808232000,0,275.21430800,0.00001942
1628661828995000,0,77.73419200,0.00001942
1628661849894000,0,130.99159300,0.00001943
1628661850058000,0,130.05803500,0.00001943
1628661872140000,0,67.67937000,0.00001943
1628661872379000,0,56.90534100,0.00001943
1628661893468000,0,45.87977400,0.00001942
1628661914513000,0,18.46976500,0.00001942
1628661914635000,0,41.70957600,0.00001942
1628661929097000,0,165.77192200,0.00001941
1628661934968000,0,68.15038000,0.00001941
1628661976746000,1,471.00000000,0.00001940
1628661976926000,1,0.67469500,0.00001940
1628661976926000,1,30.81643700,0.00001940
1628662016597000,0,145.99252000,0.00001940
1628662072766000,1,1573.82419761,0.00001939
1628662072767000,1,1130.61761939,0.00001939
1628662122972000,0,189.14645200,0.00001938
1628662143793000,0,131.19314700,0.00001938
1628662143996000,0,15.40500600,0.00001938
1628662146527000,0,37.77946200,0.00001938
1628662164395000,0,281.57338200,0.00001937
1628662184874000,0,132.53859700,0.00001937
1628662192546000,0,333.13893200,0.00001937
1628662206204000,0,193.76923000,0.00001937
1628662227244000,0,154.56335300,0.00001939
1628662499674000,0,5451.95350000,0.00001949
1628662501907000,0,83.00000000,0.00001950
1628662502376000,0,1309.74388000,0.00001951
1628662503802000,0,1308.39388057,0.00001953
1628662515188000,1,5443.29410000,0.00001949
1628662526210000,1,35.60872924,0.00001947
1628662557568000,1,0.72670876,0.00001947
1628662563830000,0,231.22933700,0.00001947
1628662606856000,0,47.74867300,0.00001951
1628662606979000,1,77.00000000,0.00001950
1628662606979000,1,0.41629600,0.00001950
1628662626497000,0,26.52187000,0.00001950
1628662629843000,0,103.78283900,0.00001950
1628662630530000,0,75.24271800,0.00001950
1628662669173000,1,77.00000000,0.00001950
1628662669224000,1,0.29719400,0.00001950
1628662675649000,0,51.41141300,0.00001950
1628662694821000,0,5399.59362000,0.00001951
1628662696795000,0,1309.25771618,0.00001952
1628662697067000,1,237.00000000,0.00001952
1628662704593000,1,0.63761882,0.00001952
1628662704593000,1,72.36238118,0.00001952
1628662704641000,1,0.13942682,0.00001952
1628662762698000,0,4337.40357700,0.00001956
1628662774669000,1,77.00000000,0.00001956
1628662774737000,1,0.06008600,0.00001956
1628662805690000,0,831.70736500,0.00001956
1628662828930000,0,271.02535900,0.00001955
1628662838475000,1,58.58913502,0.00001953
1628662849285000,1,30.36158300,0.00001955
1628662874125000,0,1308.14490379,0.00001954
1628662874125000,0,672.63180021,0.00001955
1628662895114000,0,809.49040500,0.00001955
1628662922485000,1,116.00000000,0.00001955
1628662925338000,1,0.98464000,0.00001955
1628662925338000,1,21.91475600,0.00001954
1628662943447000,0,154.15958900,0.00001956
1628662948683000,0,69.56747400,0.00001956
1628662966676000,0,39.99859600,0.00001956
1628662966782000,0,835.51840800,0.00001956
1628662986264000,0,650.00000000,0.00001957
1628662986264000,0,442.14348500,0.00001957
1628662988085000,0,216.08409200,0.00001957
1628663003968000,0,532.78058600,0.00001956
1628663008224000,0,719.96403000,0.00001956
1628663009012000,0,52.83456709,0.00001956
1628663009012000,0,2394.05390391,0.00001956
1628663009114000,0,863.68388800,0.00001956
1628663027987000,0,1305.61658183,0.00001956
1628663027987000,0,2454.30274017,0.00001956
1628663030871000,1,93.00000000,0.00001956
1628663030890000,1,0.58384400,0.00001956
1628663030890000,1,11.10431600,0.00001956
1628663046695000,0,765.04671300,0.00001957
1628663051415000,0,1264.92370300,0.00001957
1628663072822000,0,77.02070900,0.00001955
1628663072943000,0,25.95809900,0.00001955
1628663082286000,1,124.44216100,0.00001953
1628663094712000,0,12.86018000,0.00001954
1628663094960000,0,78.63892400,0.00001954
1628663101041000,1,5527.42500000,0.00001952
1628663101041000,1,350.00000000,0.00001952
1628663101041000,1,5564.26834989,0.00001952
1628663101041000,1,4708.30665011,0.00001952
1628663135764000,0,35.29228700,0.00001955
1628663135964000,0,285.56208100,0.00001954
1628663136165000,0,23.44101200,0.00001954
1628663177808000,0,76.05264200,0.00001952
1628663200179000,0,32.78980800,0.00001953
1628663201807000,0,442.81529100,0.00001953
1628663221933000,0,23.69879300,0.00001953
1628663222193000,0,77.29686800,0.00001953
1628663241610000,1,71.32148700,0.00001952
1628663242953000,0,350.00000000,0.00001953
1628663242953000,0,199.57745500,0.00001953
1628663243772000,0,37.43812900,0.00001953
1628663255321000,0,1303.39215799,0.00001952
1628663255321000,0,350.00000000,0.00001953
1628663255321000,0,5468.26221989,0.00001953
1628663263435000,0,93.04236342,0.00001953
1628663263435000,0,350.00000000,0.00001953
1628663263435000,0,1690.71346247,0.00001953
1628663263435000,0,3257.11948276,0.00001953
1628663263546000,1,23.76490000,0.00001953
1628663263948000,1,1259.86209549,0.00001953
1628663263948000,1,23.76480451,0.00001953
1628663264101000,1,0.00012049,0.00001953
1628663265718000,0,72.11289100,0.00001953
1628663276655000,0,1302.72443000,0.00001953
1628663276705000,0,0.00000660,0.00001953
1628663284842000,0,350.00000000,0.00001955
1628663284842000,0,46.02326800,0.00001955
1628663305561000,0,260.17849500,0.00001954
1628663308325000,0,70.33906100,0.00001954
1628663317082000,0,1540.00085700,0.00001954
1628663326827000,0,259.01599900,0.00001954
1628663347707000,0,881.90632300,0.00001954
1628663353593000,0,5163.16508600,0.00001955
1628663369799000,1,463.00000000,0.00001954
1628663369977000,1,0.62680000,0.00001954
1628663371786000,1,1261.90619000,0.00001954
1628663389538000,0,1376.44037700,0.00001956
1628663396448000,0,414.43732200,0.00001956
1628663411360000,0,1302.63985907,0.00001956
1628663411360000,0,9.28758393,0.00001956
1628663414542000,0,3025.25251600,0.00001956
1628663414907000,0,35.71477100,0.00001956
1628663419121000,1,3845.03385000,0.00001955
1628663432983000,0,43.68542700,0.00001956
1628663437230000,1,0.00000700,0.00001955
1628663445145000,0,179.85985800,0.00001955
1628663453114000,1,0.00000200,0.00001954
1628663456530000,0,78.42408900,0.00001954
1628663456743000,0,1102.23585900,0.00001954
1628663482493000,0,1783.47546400,0.00001954
1628663497133000,0,46.50433800,0.00001953
1628663506445000,0,28.23835000,0.00001953
1628663518499000,0,149.75428500,0.00001952
1628663518606000,0,205.05614700,0.00001952
1628663527633000,0,350.00000000,0.00001953
1628663527633000,0,1116.87444000,0.00001953
1628663561116000,0,76.81711200,0.00001953
1628663572796000,0,3424.97259200,0.00001953
1628663583806000,0,73.67332200,0.00001953
1628663593296000,1,1911.83420000,0.00001953
1628663605754000,0,153.63422400,0.00001954
1628663612674000,0,248.06230500,0.00001954
1628663626651000,0,72.93863000,0.00001954
1628663626765000,0,12.99847400,0.00001954
1628663626965000,0,12.91033900,0.00001954
1628663634714000,0,487.32275500,0.00001954
1628663636215000,1,0.00000700,0.00001953
1628663654002000,1,240.55983700,0.00001954
1628663654002000,1,69.02930800,0.00001954
1628663659027000,0,1299.93202200,0.00001956
1628663659027000,0,3249.83005501,0.00001956
1628663659027000,0,1572.70484280,0.00001957
1628663660250000,0,1300.59728916,0.00001955
1628663660250000,0,1797.80046384,0.00001955
1628663661052000,0,1453.69275906,0.00001955
1628663661052000,0,350.00000000,0.00001955
1628663661052000,0,2347.11253894,0.00001956
1628663690565000,0,287.79799300,0.00001955
1628663704273000,0,1299.98609584,0.00001956
1628663704273000,0,2144.35388371,0.00001956
1628663717153000,1,830.67747500,0.00001955
1628663717153000,1,144.32252500,0.00001955
1628663717169000,1,0.39655200,0.00001955
1628663726834000,1,1301.89678237,0.00001951
1628663726834000,1,3254.74195593,0.00001951
1628663727236000,0,69.04830000,0.00001951
1628663729525000,0,381.12906200,0.00001952
1628663733053000,0,14.44875400,0.00001953
1628663734070000,0,106.92713100,0.00001953
1628663747769000,0,2587.22273425,0.00001953
1628663752993000,1,1779.74959200,0.00001953
1628663754946000,0,569.94170700,0.00001953
1628663777644000,0,103.06057200,0.00001953
1628663779925000,0,50.72934200,0.00001952
1628663796400000,0,313.60490200,0.00001947
1628663818378000,0,38.36441800,0.00001947
1628663822142000,0,130.19731800,0.00001947
1628663822344000,0,1134.98715291,0.00001947
1628663822344000,0,795.30962509,0.00001947
1628663839029000,0,350.00000000,0.00001947
1628663839029000,0,156.08859500,0.00001947
1628663847651000,0,1156.65008300,0.00001945
1628663868352000,1,3064.62095000,0.00001945
1628663868434000,1,0.00000300,0.00001945
1628663881583000,0,622.57789700,0.00001944
1628663903306000,0,238.22819600,0.00001943
1628663908428000,0,1306.74076134,0.00001941
1628663908428000,0,193.24853866,0.00001941
1628663910783000,0,350.00000000,0.00001941
1628663910783000,0,96.19796787,0.00001942
1628663924798000,0,71.93105500,0.00001942
1628663931793000,0,350.00000000,0.00001942
1628663931793000,0,480.86955200,0.00001942
1628663945731000,0,77.08918400,0.00001942
1628663945971000,0,24.03980100,0.00001942
1628663995487000,1,38.56445000,0.00001941
1628663995487000,1,60.43555000,0.00001941
1628663995595000,1,0.73828700,0.00001941
1628664012136000,0,1304.56939951,0.00001943
1628664012443000,1,4175.00000000,0.00001943
1628664028272000,1,0.51933649,0.00001943
1628664053749000,0,1305.15210280,0.00001942
1628664053749000,0,1570.58217320,0.00001942
1628664099388000,0,1299.82715100,0.00001942
1628664163473000,1,61.00000000,0.00001941
1628664163555000,1,0.78143800,0.00001941
1628664173424000,0,153.37669993,0.00001941
1628664174611000,0,76.09040000,0.00001942
1628664176219000,1,1312.00000000,0.00001940
1628664177038000,0,37.84285992,0.00001942
1628664197491000,1,681.64334806,0.00001940
1628664200292000,1,77.00000000,0.00001942
1628664207295000,1,0.20520400,0.00001942
1628664207295000,1,55.39346900,0.00001942
1628664207295000,1,1311.40132700,0.00001941
1628664228341000,0,816.75572200,0.00001942
1628664250004000,0,446.37476800,0.00001942
1628664270723000,0,77.31974100,0.00001942
1628664270833000,0,311.66633100,0.00001942
1628664325073000,1,1312.71922247,0.00001941
1628664332350000,0,123.06800800,0.00001943
1628664333672000,0,64.26192900,0.00001943
1628664361039000,1,1297.00000000,0.00001942
1628664361198000,1,0.02272100,0.00001942
1628664366359000,0,104.94000000,0.00001943
1628664379215000,1,1313.00000000,0.00001941
1628664380826000,0,136.28258300,0.00001943
1628664404586000,0,325.01053600,0.00001942
1628664428822000,1,1314.00000000,0.00001940
1628664436331000,1,1314.44919962,0.00001939
1628664436742000,1,396.00000000,0.00001938
1628664512759000,0,181.58193300,0.00001940
1628664523209000,0,3288.54409992,0.00001941
1628664523209000,0,1315.57246008,0.00001941
1628664609357000,0,2217.06722200,0.00001941
1628664653866000,0,77.41117300,0.00001945
1628664763466000,0,530.99628700,0.00001948
1628664845983000,0,105.31000000,0.00001949
1628664917920000,1,1305.21097913,0.00001944
1628664918516000,1,8488.09016246,0.00001943
1628664918516000,1,3264.90983754,0.00001943
1628664918602000,1,0.07307064,0.00001943
1628664919329000,1,1307.67109418,0.00001942
1628664931007000,1,1307.03720429,0.00001942
1628664945634000,1,76.96740000,0.00001940
1628664945800000,1,0.00000500,0.00001940
1628664945808000,1,1307.85839197,0.00001939
1628664945808000,1,2104.79250803,0.00001939
1628664945810000,1,75.20630000,0.00001939
1628664945815000,1,350.75070000,0.00001939
1628664945824000,1,648.46010000,0.00001939
1628664945837000,1,18.38690000,0.00001939
1628664945839000,1,72.74610000,0.00001939
1628664945982000,1,0.00001055,0.00001939
1628664949599000,1,1310.18224329,0.00001935
1628664949599000,1,1307.97836575,0.00001935
1628664949599000,1,350.00000000,0.00001935
1628664955296000,1,1310.35405752,0.00001936
1628664978719000,0,232.01390500,0.00001937
1628664978823000,0,26.09821000,0.00001937
1628664992559000,0,48.41743900,0.00001938
1628665000158000,0,13.75938300,0.00001937
1628665023072000,1,77.00000000,0.00001937
1628665035467000,0,72.39997600,0.00001938
1628665042675000,1,0.75174300,0.00001937
1628665088699000,0,263.12862700,0.00001937
1628665091077000,1,1311.76180177,0.00001935
1628665106072000,1,740.00000000,0.00001937
1628665106085000,1,0.58378000,0.00001937
1628665131317000,0,77.40449400,0.00001937
1628665131569000,0,23.75338700,0.00001937
1628665131851000,0,36.18745300,0.00001937
1628665175075000,1,180.63854700,0.00001937
1628665175075000,1,193.36145300,0.00001937
1628665175119000,1,0.15055200,0.00001937
1628665196778000,1,77.00000000,0.00001937
1628665219584000,1,730.99350000,0.00001938
1628665219691000,1,0.00000200,0.00001938
1628665233256000,1,0.40449400,0.00001937
1628665233256000,1,77.59550600,0.00001937
1628665244982000,1,0.95987000,0.00001937
1628665276362000,0,73.39291300,0.00001942
1628665278078000,1,5000.00000000,0.00001939
1628665394321000,1,16.30078800,0.00001940
1628665410660000,0,6000.00000000,0.00001938
1628665412768000,1,166.00000000,0.00001938
1628665412840000,1,0.83186800,0.00001938
1628665413963000,0,5500.00000000,0.00001938
1628665438565000,1,195.17722500,0.00001938
1628665438565000,1,385.82277500,0.00001938
1628665438759000,0,227.96235900,0.00001939
1628665438823000,1,64.64970300,0.00001938
1628665452190000,1,252.74108000,0.00001940
1628665455644000,1,0.00000900,0.00001940
1628665455644000,1,128.99999100,0.00001939
1628665455645000,1,0.70754600,0.00001939
1628665461609000,1,74.00000000,0.00001939
1628665464125000,1,0.67486800,0.00001939
1628665464125000,1,3152.04555200,0.00001939
1628665468453000,1,0.00001529,0.00001939
1628665482934000,0,89.36532700,0.00001939
1628665503978000,0,77.06223900,0.00001940
1628665504235000,0,79.43450500,0.00001940
1628665506162000,0,976.64000000,0.00001940
1628665556027000,0,180.00000000,0.00001937
1628665570289000,1,5429.35030000,0.00001936
1628665570289000,1,1303.62711739,0.00001936
1628665570289000,1,1384.42783461,0.00001936
1628665570404000,0,757.34405700,0.00001938
1628665570604000,0,54.54563800,0.00001938
1628665587376000,1,1301.00000000,0.00001938
1628665702149000,0,180.73961600,0.00001941
1628665723655000,0,24.54190400,0.00001941
1628665725492000,0,88.92546000,0.00001941
1628665747385000,0,586.91294000,0.00001941
1628665766820000,0,3660.72237000,0.00001941
1628665767184000,0,25.22529300,0.00001941
1628665767693000,0,76.89674100,0.00001941
1628665767794000,0,19.30000000,0.00001941
1628665780980000,0,1302.38813554,0.00001942
1628665780980000,0,3186.81783768,0.00001942
1628665789096000,1,217.71649100,0.00001942
1628665789096000,1,826.28350900,0.00001942
1628665789161000,1,0.43421400,0.00001942
1628665817055000,1,1233.90179200,0.00001942
1628665817055000,1,1300.09820800,0.00001942
1628665844901000,1,5223.84149000,0.00001941
1628665844952000,1,264.99681000,0.00001941
1628665844952000,1,1300.50101467,0.00001941
1628665871745000,0,3470.37003300,0.00001941
1628665874926000,0,139.15715500,0.00001940
1628665882607000,0,649.41007567,0.00001940
1628665902774000,1,76.93637900,0.00001940
1628665902774000,1,24.93110600,0.00001940
1628665902774000,1,25.34320700,0.00001940
1628665918704000,0,11.54025200,0.00001941
1628665918825000,0,533.49437500,0.00001941
1628665919243000,0,233.77080000,0.00001941
1628665939872000,0,17.27398400,0.00001940
1628665944117000,0,285.19950000,0.00001940
1628665961669000,0,30.12395000,0.00001940
1628665962152000,0,76.85714500,0.00001940
1628665962353000,0,185.53158200,0.00001940
1628665982684000,0,426.17496700,0.00001940
1628665983206000,0,1804.99035200,0.00001940
1628665984143000,0,22.33023000,0.00001940
1628665989162000,1,3255.72567336,0.00001938
1628665989162000,1,1301.27432664,0.00001938
1628666004173000,0,11.51960700,0.00001939
1628666028107000,0,10.32471800,0.00001938
1628666072243000,1,98.00000000,0.00001940
1628666072270000,1,0.78892600,0.00001940
1628666072558000,0,12.20229000,0.00001940
1628666092193000,0,202.43081600,0.00001939
1628666114606000,1,528.00000000,0.00001939
1628666114690000,1,0.47357900,0.00001939
1628666114989000,1,76.96172400,0.00001938
1628666114989000,1,10.56083000,0.00001938
1628666133723000,0,133.24752900,0.00001939
1628666152693000,0,751.91570100,0.00001939
1628666153297000,0,320.42256800,0.00001939
1628666157028000,0,76.96172400,0.00001939
1628666157224000,0,752.80560300,0.00001939
1628666162659000,0,1964.17329600,0.00001939
1628666162659000,0,1301.49817772,0.00001939
1628666162659000,0,3253.74544430,0.00001939
1628666162659000,0,5557.85743430,0.00001939
1628666162659000,0,350.00000000,0.00001939
1628666162749000,1,435.07737000,0.00001939
1628666162752000,1,0.00000537,0.00001939
1628666181521000,1,42.89295300,0.00001939
1628666181521000,1,43.10704700,0.00001939
1628666188139000,1,4681.88239100,0.00001938
1628666204025000,1,75.00000000,0.00001940
1628666204200000,1,0.41427900,0.00001940
1628666223574000,0,76.91386700,0.00001940
1628666223775000,0,253.86826500,0.00001940
1628666224606000,0,1333.46021655,0.00001940
1628666224606000,0,350.00000000,0.00001940
1628666224606000,0,1994.80081745,0.00001940
1628666244977000,0,76.87424100,0.00001939
1628666245109000,0,273.12575900,0.00001939
1628666245109000,0,56.57845600,0.00001939
1628666253352000,0,92.06440000,0.00001939
1628666263235000,0,813.56910000,0.00001939
1628666274607000,0,1654.00000000,0.00001938
1628666274771000,0,0.22259983,0.00001938
1628666274945000,0,920.64335594,0.00001939
1628666284377000,0,72.62823600,0.00001939
1628666289668000,1,1667.99711425,0.00001938
1628666290708000,0,350.00000000,0.00001939
1628666290708000,0,425.04834500,0.00001939
1628666293035000,1,5509.13460000,0.00001937
1628666308273000,0,201.72465900,0.00001939
1628666348910000,0,43.03010000,0.00001938
1628666355075000,0,350.00000000,0.00001938
1628666355075000,0,484.78421200,0.00001938
1628666356358000,0,142.80422400,0.00001938
1628666370591000,0,34.24963500,0.00001939
1628666371317000,0,29.60762200,0.00001939
1628666377640000,0,58.54650100,0.00001939
1628666391784000,0,152.89474900,0.00001939
1628666400086000,0,76.95302200,0.00001938
1628666400187000,0,54.73409500,0.00001938
1628666442281000,0,13.06992600,0.00001939
1628666463662000,0,36.10612900,0.00001938
1628666483032000,0,336.93007400,0.00001939
1628666483032000,0,310.42777400,0.00001939
1628666485212000,0,230.19481200,0.00001939
1628666506260000,0,76.95199800,0.00001939
1628666549033000,1,341.00000000,0.00001940
1628666564133000,1,0.62340800,0.00001940
1628666566253000,0,360.54566700,0.00001940
1628666570651000,0,221.37444100,0.00001940
1628666592382000,0,108.00542300,0.00001940
1628666594774000,0,76.87270700,0.00001940
1628666615998000,0,76.91233200,0.00001939
1628666634584000,0,350.00000000,0.00001938
1628666634584000,0,1150.00000000,0.00001939
1628666636677000,0,344.04826357,0.00001938
1628666637799000,0,5.95173643,0.00001938
1628666637799000,0,721.92266357,0.00001938
1628666656475000,0,350.00000000,0.00001938
1628666656475000,0,204.06215100,0.00001939
1628666660449000,0,21.65357100,0.00001938
1628666681464000,0,1307.08576842,0.00001937
1628666681464000,0,350.00000000,0.00001937
1628666681464000,0,1013.07145758,0.00001938
1628666702938000,0,57.77332600,0.00001938
1628666703544000,0,50.99321600,0.00001938
1628666716687000,0,242.93685418,0.00001938
1628666725032000,0,154.11107400,0.00001937
1628666769012000,0,13.09971800,0.00001937
1628666769453000,0,141.42686200,0.00001937
1628666789980000,0,350.00000000,0.00001935
1628666789980000,0,695.24307100,0.00001936
1628666859177000,1,154.66840794,0.00001939
1628666860656000,1,7500.00000000,0.00001939
1628666865626000,1,389.00000000,0.00001939
1628666866185000,1,604.00000000,0.00001939
1628666866222000,1,604.00000000,0.00001939
1628666874041000,1,3183.00000000,0.00001939
1628666874055000,1,3188.00000000,0.00001939
1628666874110000,1,3192.00000000,0.00001939
1628666874761000,1,3360.88259000,0.00001939
1628666893243000,0,17.61923500,0.00001940
1628666901663000,0,1304.25500612,0.00001941
1628666901663000,0,3260.56859482,0.00001941
1628666912430000,0,2468.25430544,0.00001942
1628666958651000,0,77.05553700,0.00001944
1628666958853000,0,379.81283400,0.00001944
1628666967236000,0,76.75407600,0.00001944
1628666967589000,0,17.74398700,0.00001944
1628667007473000,0,43.97855500,0.00001947
1628667010950000,0,143.36435200,0.00001945
1628667012150000,1,77.09533800,0.00001944
1628667030355000,0,202.11720200,0.00001945
1628667033086000,0,13.75370200,0.00001945
1628667038669000,1,1301.00000000,0.00001943
1628667048462000,0,76.83312300,0.00001944
1628667054638000,0,76.71461400,0.00001944
1628667055180000,0,18.97629200,0.00001944
1628667076194000,0,76.71461400,0.00001943
1628667093853000,0,215.23591900,0.00001942
1628667094736000,0,47.25810200,0.00001942
1628667116436000,0,1302.90720159,0.00001940
1628667116436000,0,736.12606341,0.00001941
1628667118703000,0,11.38759300,0.00001939
1628667139800000,0,56.41554300,0.00001938
1628667140150000,0,77.22224300,0.00001938
1628667141044000,0,398.84020600,0.00001938
1628667163058000,0,76.91130900,0.00001939
1628667163163000,0,20.34168900,0.00001939
1628667165001000,0,36.38696700,0.00001939
1628667177059000,1,701.00000000,0.00001939
1628667182290000,0,277.71215900,0.00001940
1628667182697000,1,0.27830400,0.00001939
1628667182697000,1,131.72169600,0.00001939
1628667182797000,1,0.69289400,0.00001939
1628667184370000,1,394.00000000,0.00001939
1628667188800000,0,24.97173900,0.00001940
1628667210170000,0,32.15518100,0.00001940
1628667227891000,0,1280.37898100,0.00001940
1628667228009000,0,45.09805200,0.00001940
1628667230522000,0,92.04871500,0.00001940
1628667250078000,0,51.07014800,0.00001940
1628667271339000,0,3896.14588400,0.00001940
1628667271339000,0,3263.09531118,0.00001940
1628667271339000,0,350.00000000,0.00001940
1628667271339000,0,1304.66724840,0.00001940
1628667271339000,0,5118.05930342,0.00001940
1628667296714000,0,86.07720800,0.00001940
1628667304975000,0,945.48000000,0.00001941
1628667361339000,0,394.17730500,0.00001940
1628667379760000,0,462.19861300,0.00001940
1628667386213000,0,60.99057900,0.00001940
1628667401263000,0,76.90465800,0.00001940
1628667401377000,0,46.31754500,0.00001940
1628667409707000,0,373.76322800,0.00001940
1628667445266000,0,115.35238200,0.00001940
1628667467332000,0,91.83199400,0.00001940
1628667509940000,0,150.64034600,0.00001938
1628667530504000,0,35.75247600,0.00001937
1628667535314000,0,142.40466900,0.00001937
1628667577331000,0,77.02069200,0.00001936
1628667580917000,0,1229.83444932,0.00001936
1628667580917000,0,65.98558068,0.00001936
1628667599831000,0,77.02018000,0.00001936
1628667603944000,0,27.38568700,0.00001935
1628667620564000,0,77.05996300,0.00001936
1628667620681000,0,12.51523300,0.00001936
1628667625586000,0,144.10122900,0.00001936
1628667638923000,1,2277.47892353,0.00001933
1628667641609000,0,77.05996300,0.00001935
1628667641729000,0,228.33042400,0.00001935
1628667644120000,0,108.15609300,0.00001935
1628667667117000,0,78.18406800,0.00001934
1628667685190000,0,77.13965300,0.00001933
1628667706522000,0,77.13965300,0.00001934
1628667727764000,0,34.32695500,0.00001934
1628667727862000,0,20.04683900,0.00001934
1628667742519000,0,200.00000000,0.00001934
1628667748459000,0,101.04984000,0.00001934
1628667752668000,0,1006.99537437,0.00001934
1628667752668000,0,3270.11303592,0.00001934
1628667752668000,0,5536.26960000,0.00001934
1628667752668000,0,350.00000000,0.00001934
1628667752668000,0,5588.27464488,0.00001935
1628667752668000,0,8501.12071870,0.00001935
1628667752668000,0,423.68754613,0.00001936
1628667771791000,0,721.61881200,0.00001934
1628667780280000,0,411.47915600,0.00001934
1628667813255000,0,1386.95965000,0.00001934
1628667933263000,0,1499.99530000,0.00001935
1628667939394000,0,995.98970000,0.00001935
1628667940605000,0,49.79940000,0.00001935
1628667968173000,0,350.00000000,0.00001933
1628667968173000,0,9200.00000000,0.00001934
1628667968173000,0,936.90615600,0.00001934
1628667987563000,0,77.17955900,0.00001932
1628667992767000,0,350.00000000,0.00001932
1628667992767000,0,1308.75472075,0.00001932
1628667992767000,0,964.53491525,0.00001933
1628667993363000,0,150.17151500,0.00001933
1628668012813000,0,1002.94764900,0.00001933
1628668032365000,1,437.53013400,0.00001933
1628668035815000,0,1307.11651482,0.00001934
1628668035815000,0,350.00000000,0.00001934
1628668035815000,0,3267.79128706,0.00001934
1628668035815000,0,5518.98057022,0.00001934
1628668115681000,0,234.49377400,0.00001933
1628668122184000,0,1306.07707213,0.00001933
1628668122184000,0,192.97152787,0.00001934
1628668123408000,0,350.00000000,0.00001933
1628668123408000,0,1081.00079932,0.00001933
1628668141126000,0,525.31241800,0.00001933
1628668174605000,0,72.05040000,0.00001933
1628668184337000,0,38.31693600,0.00001933
1628668184535000,0,253.59341800,0.00001933
1628668203171000,0,446.76381600,0.00001932
1628668205010000,0,140.02000000,0.00001932
1628668205997000,0,11.90562100,0.00001932
1628668227396000,0,170.00000000,0.00001931
1628668248638000,0,38.62456500,0.00001931
1628668248770000,0,77.21950700,0.00001931
1628668249285000,0,27.36405400,0.00001931
1628668269928000,0,81.55854300,0.00001930
1628668270496000,0,1802.87219300,0.00001931
1628668293255000,0,12.66696100,0.00001929
1628668334931000,0,217.41631800,0.00001930
1628668336316000,0,132.58368200,0.00001930
1628668336316000,0,74.16797700,0.00001931
1628668357757000,0,195.20181100,0.00001931
1628668358142000,0,2108.78952200,0.00001931
1628668373991000,0,104.82716100,0.00001930
1628668405155000,0,5606.37746588,0.00001930
1628668405155000,0,350.00000000,0.00001930
1628668405155000,0,1312.09764526,0.00001930
1628668405155000,0,56.14924119,0.00001930
1628668422007000,0,2678.58095300,0.00001930
1628668443612000,0,50.11698000,0.00001931
1628668446296000,0,29.17773700,0.00001931
1628668464525000,0,29.88060300,0.00001930
1628668469485000,0,36.18510600,0.00001930
1628668485301000,0,12.27268100,0.00001931
1628668499525000,0,125.08741900,0.00001931
1628668517319000,1,444.16447000,0.00001931
1628668534160000,0,350.00000000,0.00001932
1628668534160000,0,7000.00000000,0.00001932
1628668534160000,0,5592.42241138,0.00001933
1628668534160000,0,8756.42906262,0.00001933
1628668551339000,0,11.44738500,0.00001932
1628668563314000,0,78.51307100,0.00001932
1628668565068000,0,260.03954400,0.00001932
1628668565068000,0,11500.00000000,0.00001932
1628668565068000,0,5585.68446629,0.00001932
1628668565068000,0,9200.00000000,0.00001932
1628668565068000,0,3271.37422093,0.00001932
1628668565068000,0,1663.42618297,0.00001932
1628668565068000,0,1309.22769339,0.00001932
1628668565068000,0,1688.62895608,0.00001933
1628668565068000,0,5591.91945943,0.00001933
1628668565068000,0,25655.84420122,0.00001933
1628668602773000,0,227.66088200,0.00001932
1628668617863000,0,23.28460300,0.00001932
1628668641537000,0,135.41290400,0.00001932
1628668662948000,1,0.00000500,0.00001931
1628668686588000,0,79.51579100,0.00001932
1628668694117000,1,72.00000000,0.00001931
1628668694144000,1,0.14407500,0.00001931
1628668713166000,0,350.00000000,0.00001931
1628668713166000,0,30.81626600,0.00001931
1628668731560000,0,13.69250500,0.00001931
1628668733540000,0,67.82806500,0.00001931
1628668753475000,0,77.21950700,0.00001932
1628668753662000,0,583.05220600,0.00001932
1628668760844000,0,244.34092300,0.00001932
1628668766891000,0,36.92539600,0.00001931
1628668775042000,0,667.67588200,0.00001932
1628668822067000,1,52.34258300,0.00001931
1628668839211000,0,24.86806300,0.00001931
1628668858451000,1,2608.00000000,0.00001928
1628668860762000,0,63.14199600,0.00001930
1628668860880000,0,330.00188200,0.00001930
1628668881882000,0,28.23061800,0.00001927
1628668887775000,0,1669.97798400,0.00001927
1628668910622000,0,35.30947400,0.00001927
1628668917409000,0,5000.00000000,0.00001927
1628668928038000,1,77.00000000,0.00001927
1628668956711000,1,121.18374200,0.00001929
1628668956711000,1,352.81625800,0.00001929
1628668963329000,0,1305.00000000,0.00001930
1628668963421000,0,0.35134672,0.00001930
1628668974502000,0,897.58049700,0.00001930
1628668985511000,0,757.91280000,0.00001931
1628668995733000,0,150.59755700,0.00001931
1628669145206000,0,77.19061900,0.00001931
1628669145351000,0,358.91120600,0.00001931
1628669156868000,0,51.36598800,0.00001931
1628669180720000,0,129.15943100,0.00001931
1628669218302000,0,77.20192800,0.00001931
1628669218425000,0,20.15384000,0.00001931
1628669240330000,0,77.16196800,0.00001931
1628669284186000,0,77.21375000,0.00001931
1628669287497000,0,41.57646600,0.00001931
1628669305933000,0,156.34891800,0.00001930
1628669306197000,0,11.82715400,0.00001930
1628669312668000,0,64.34430900,0.00001930
1628669327961000,0,761.03461500,0.00001930
1628669331497000,0,350.00000000,0.00001929
1628669331497000,0,1122.68058000,0.00001929
1628669349018000,1,73.00000000,0.00001928
1628669351859000,1,0.39101800,0.00001928
1628669353808000,0,350.00000000,0.00001928
1628669353808000,0,54.43106700,0.00001928
1628669379378000,0,40.46580800,0.00001927
1628669379839000,0,142.03339800,0.00001928
1628669398918000,0,74.82558300,0.00001928
1628669415360000,0,154.73363200,0.00001928
1628669479440000,0,50.72014000,0.00001927
1628669491734000,1,3280.91959986,0.00001924
1628669491734000,1,1312.08040014,0.00001924
1628669491942000,1,0.85966258,0.00001924
1628669501479000,1,101.00000000,0.00001926
1628669506910000,1,0.03177700,0.00001926
1628669516717000,0,23.09138800,0.00001926
1628669543854000,1,28.92004100,0.00001927
1628669566123000,0,73.60932000,0.00001927
1628669586854000,0,15.53415300,0.00001926
1628669699362000,1,3290.13498403,0.00001922
1628669699362000,1,1316.69934053,0.00001922
1628669805613000,0,231.15919300,0.00001924
1628669819238000,0,329.67394200,0.00001923
1628669855634000,1,1350.35297268,0.00001921
1628669875581000,0,16.86753700,0.00001923
1628669944079000,1,1422.24949500,0.00001922
1628669958312000,1,3292.80515128,0.00001921
1628669958312000,1,1316.80092872,0.00001921
1628669958314000,1,0.00000380,0.00001921
1628669960272000,1,350.00000000,0.00001920
1628669960272000,1,325.47379722,0.00001919
1628669960672000,1,2968.27724049,0.00001919
1628669960672000,1,1316.80093252,0.00001919
1628669960672000,1,350.00000000,0.00001919
1628669960672000,1,1666.29562421,0.00001919
1628669962940000,1,1317.00000000,0.00001921
1628669963138000,1,0.30933902,0.00001921
1628669971117000,0,70.00000000,0.00001922
1628669982246000,1,3303.83596069,0.00001917
1628669982246000,1,696.16403931,0.00001917
1628670003154000,1,1321.10727000,0.00001919
1628670003238000,1,0.00000814,0.00001919
1628670012255000,1,3307.93684667,0.00001915
1628670012255000,1,1323.17473867,0.00001915
1628670012429000,1,8601.28297393,0.00001914
1628670012429000,1,3307.93684667,0.00001914
1628670013021000,1,4029.28535000,0.00001913
1628670047077000,1,1325.13775913,0.00001913
1628670047077000,1,5653.38653060,0.00001913
1628670047077000,1,3312.84439784,0.00001913
1628670050994000,0,14.64140900,0.00001916
1628670072349000,0,624.01859900,0.00001916
1628670072461000,0,15.56346900,0.00001916
1628670096971000,0,203.88311600,0.00001913
1628670105562000,1,1326.39089818,0.00001910
1628670119067000,1,282.69598900,0.00001913
1628670119067000,1,60.30401100,0.00001913
1628670146711000,0,138.60793700,0.00001915
1628670151075000,0,197.60000000,0.00001915
1628670158361000,1,0.52335100,0.00001913
1628670158361000,1,210.00000000,0.00001913
1628670158361000,1,10.47664900,0.00001913
1628670158414000,1,0.34225100,0.00001913
1628670158476000,1,1329.19741000,0.00001912
1628670226787000,0,1612.17682800,0.00001915
1628670234084000,1,18.05800000,0.00001914
1628670248999000,1,0.00072100,0.00001914
1628670248999000,1,77.99927900,0.00001914
1628670268602000,0,18.05800000,0.00001915
1628670321975000,1,17.65386800,0.00001915
1628670335188000,1,11.51000100,0.00001915
1628670399463000,0,10.68009300,0.00001916
1628670478445000,1,980.69794800,0.00001918
1628670517146000,1,2266.66547800,0.00001918
1628670541363000,1,4166.20920600,0.00001917
1628670568757000,0,1312.00000000,0.00001919
1628670583059000,1,40.00000000,0.00001918
1628670662957000,0,0.12067251,0.00001919
1628670879576000,1,197.60000000,0.00001923
1628670932138000,1,614.00000000,0.00001923
1628670932139000,1,2693.00000000,0.00001923
1628670932343000,1,634.66070900,0.00001923
1628670965030000,0,350.00000000,0.00001927
1628671069632000,0,3272.13450745,0.00001940
1628671069632000,0,1308.91727748,0.00001940
1628671069632000,0,350.00000000,0.00001940
1628671069685000,1,1905.81960000,0.00001940
1628671070126000,1,0.00000907,0.00001940
1628671084799000,1,1310.63152509,0.00001936
1628671084799000,1,216.40428391,0.00001936
1628671129718000,1,20.89724800,0.00001936
1628671250537000,0,365.33943600,0.00001936
1628671265645000,1,17.35858600,0.00001936
1628671265699000,1,3275.63876528,0.00001935
1628671268589000,0,33.67201200,0.00001935
1628671290800000,0,259.41746000,0.00001934
1628671335498000,0,73.45682900,0.00001935
1628671410798000,1,5595.76410000,0.00001933
1628671410798000,1,5602.07056904,0.00001932
1628671410798000,1,3279.48372950,0.00001932
1628671410798000,1,97.73724546,0.00001932
1628671486738000,0,252.52320300,0.00001933
1628671498422000,0,228.76560200,0.00001933
1628671504935000,0,105.30000000,0.00001932
1628671533630000,0,149.39544800,0.00001933
1628671542778000,0,77.32692800,0.00001933
1628671550349000,0,1312.64797548,0.00001932
1628671550349000,0,127.73727052,0.00001933
1628671551077000,0,88.95803400,0.00001933
1628671593591000,1,15.65026300,0.00001933
1628671612682000,0,12.91842600,0.00001930
1628671612797000,0,93.92044700,0.00001930
1628671616313000,0,39.27282200,0.00001930
1628671617492000,0,203.88830500,0.00001930
1628671617492000,0,134.34829500,0.00001930
1628671618671000,0,1136.79520000,0.00001929
1628671639379000,0,63.14755700,0.00001929
1628671679792000,0,14.52952300,0.00001930
1628671687901000,0,949.87192300,0.00001930
1628671702051000,0,151.02174000,0.00001929
1628671702181000,0,198.97826000,0.00001929
1628671702181000,0,198.87774600,0.00001929
1628671711681000,0,50.58112200,0.00001929
1628671723604000,0,13.73158800,0.00001929
1628671750187000,1,71.00000000,0.00001929
1628671750333000,1,0.57686600,0.00001929
1628671768608000,0,77.48727400,0.00001929
1628671768813000,0,184.06265500,0.00001929
1628671769802000,0,31.10978900,0.00001929
1628671775491000,0,361.25799200,0.00001929
1628671791765000,0,77.48727400,0.00001929
1628671818101000,0,70.26601200,0.00001929
1628671834657000,0,456.03075800,0.00001929
1628671883472000,0,1314.85614792,0.00001929
1628671883472000,0,3287.45439130,0.00001929
1628671883472000,0,5616.91722443,0.00001929
1628671883472000,0,3565.17163435,0.00001930
1628671883746000,0,883.09293400,0.00001929
1628671907331000,0,72.35792100,0.00001926
1628671921449000,0,77.47080900,0.00001927
1628671944869000,0,77.47080900,0.00001927
1628671987755000,0,116.82184000,0.00001927
1628672009887000,0,107.88812800,0.00001927
1628672010000000,0,38.39606400,0.00001927
1628672045775000,1,21.68869600,0.00001927
1628672045775000,1,2.06130400,0.00001927
1628672056218000,0,36.95270700,0.00001928
1628672065781000,1,23.70720254,0.00001927
1628672065788000,1,0.48382046,0.00001927
1628672075512000,0,26.21176000,0.00001928
1628672098596000,0,10.48480500,0.00001927
1628672100097000,1,1682.00000000,0.00001926
1628672100220000,1,0.72075948,0.00001926
1628672101222000,0,253.77736200,0.00001927
1628672120212000,0,77.54863900,0.00001927
1628672120345000,0,68.18736800,0.00001927
1628672120490000,0,13.34435700,0.00001927
1628672128851000,0,197.60000000,0.00001927
1628672147708000,0,144.43257300,0.00001927
1628672147835000,0,316.61638300,0.00001927
1628672185078000,0,77.50841700,0.00001928
1628672199067000,0,1313.17718413,0.00001928
1628672199067000,0,1449.82281587,0.00001928
1628672199071000,0,1833.12014447,0.00001928
1628672217496000,1,162.00000000,0.00001928
1628672217542000,1,0.92816500,0.00001928
1628672297917000,0,3372.00000000,0.00001930
1628672297933000,0,2128.00000000,0.00001930
1628672337471000,0,75.77246200,0.00001931
1628672337741000,0,17.76009300,0.00001931
1628672359819000,0,22.52972600,0.00001931
1628672359824000,1,154.00000000,0.00001930
1628672374866000,1,0.70609400,0.00001930
1628672374866000,1,21.58590600,0.00001930
1628672419325000,0,696.77937500,0.00001931
1628672425197000,0,524.47185700,0.00001931
1628672477489000,0,128.00000000,0.00001936
1628672549735000,0,16.32670000,0.00001935
1628672549739000,0,1293.17114655,0.00001935
1628672549739000,0,3273.93709897,0.00001935
1628672550027000,0,0.63920000,0.00001936
1628672550027000,0,3178.81800000,0.00001936
1628672562615000,0,1305.91531738,0.00001940
1628672562615000,0,3264.78829344,0.00001940
1628672606098000,0,1304.00000000,0.00001941
1628672688637000,0,27.00000000,0.00001941
1628672734063000,0,76.93816200,0.00001940
1628672772590000,0,5500.74448359,0.00001940
1628672772842000,0,5577.68264000,0.00001940
1628672795894000,1,3263.77337896,0.00001938
1628672795894000,1,1304.97376104,0.00001938
1628672795995000,1,0.00001703,0.00001938
1628672798649000,0,30.41186500,0.00001939
1628672799011000,0,153.95564000,0.00001939
1628672961720000,0,76.19719000,0.00001940
1628672999119000,0,117.45597800,0.00001939
1628673010359000,0,62.81340600,0.00001939
1628673020471000,1,78.71000000,0.00001939
1628673020779000,0,235.36838100,0.00001940
1628673035244000,0,211.69897500,0.00001940
1628673085406000,0,76.90161000,0.00001942
1628673097801000,0,5398.26975152,0.00001942
1628673131173000,1,1306.57469084,0.00001941
1628673131173000,1,3265.51007368,0.00001941
1628673131173000,1,361.01858648,0.00001941
1628673131889000,0,75.61135600,0.00001943
1628673153594000,0,15.00000000,0.00001943
1628673159124000,0,97.96852800,0.00001943
1628673241285000,0,77.08185500,0.00001941
1628673258548000,0,128.62009200,0.00001941
1628673263065000,1,77.08100000,0.00001941
1628673269278000,1,0.00085500,0.00001941
1628673281596000,1,19.51700000,0.00001939
1628673284730000,0,77.08185500,0.00001940
1628673305250000,0,14.42504800,0.00001939
1628673366919000,1,37.48180600,0.00001938
1628673366919000,1,168.51819400,0.00001938
1628673385781000,1,0.16939400,0.00001938
1628673415704000,0,263.23402900,0.00001938
1628673472793000,1,147.84445100,0.00001939
1628673494651000,0,72.12003400,0.00001939
1628673500372000,0,154.37186400,0.00001939
1628673500993000,0,123.50810200,0.00001939
1628673500993000,0,27.36206500,0.00001939
1628673544104000,0,197.60000000,0.00001940
1628673544222000,0,1349.00769874,0.00001940
1628673647624000,0,215.37783300,0.00001945
1628673662007000,0,1447.52589400,0.00001945
1628673662366000,0,150.74730100,0.00001945
1628673751498000,0,726.21062700,0.00001944
1628673769704000,1,1306.70847221,0.00001942
1628673769704000,1,3266.77118052,0.00001942
1628673772309000,0,35.10972700,0.00001944
1628673782772000,1,197.60000000,0.00001941
1628673794905000,0,77.06994200,0.00001942
1628673795138000,0,20.72957300,0.00001942
1628673843737000,1,486.30685425,0.00001945
1628673844636000,1,0.00000475,0.00001945
1628673844636000,1,1806.19676525,0.00001945
1628673847276000,1,0.00000975,0.00001945
1628673904601000,1,76.99681600,0.00001944
1628673950757000,0,479.75535500,0.00001946
1628673988073000,1,1302.39107039,0.00001945
1628673988090000,1,3256.27436766,0.00001945
1628673988237000,1,3257.00000000,0.00001944
1628673988244000,1,0.53014027,0.00001944
1628673989021000,1,1302.46602041,0.00001942
1628674002471000,0,25.79493600,0.00001944
1628674012409000,0,76.76445100,0.00001944
1628674021666000,0,1303.00000000,0.00001943
1628674055019000,0,35.12777800,0.00001943
1628674098167000,0,76.86203100,0.00001940
1628674098470000,0,15.61462400,0.00001940
1628674123751000,0,391.67488100,0.00001938
1628674157379000,1,72.98089000,0.00001938
1628674157379000,1,14.01911000,0.00001938
1628674157461000,1,0.64209300,0.00001938
1628674164106000,1,28.85480600,0.00001939
1628674164106000,1,13.11819300,0.00001939
1628674191264000,0,1307.28506145,0.00001939
1628674191264000,0,2197.45838955,0.00001939
1628674205702000,0,10.41976300,0.00001938
1628674230678000,0,176.66135500,0.00001938
1628674277765000,0,35.95293700,0.00001939
1628674318586000,0,16.95031800,0.00001938
1628674321338000,0,42.00664200,0.00001938
1628674342929000,1,146.00000000,0.00001938
1628674363247000,0,77.05726100,0.00001939
1628674365328000,0,265.07745000,0.00001939
1628674378726000,1,0.11080700,0.00001938
1628674378870000,1,1307.21048086,0.00001936
1628674378870000,1,942.78951914,0.00001936
1628674385462000,0,77.01752000,0.00001938
1628674385600000,0,130.38861700,0.00001938
1628674389889000,0,113.57936600,0.00001938
1628674431666000,0,71.89744800,0.00001936
1628674472378000,1,89.00000000,0.00001935
1628674472571000,1,0.67525100,0.00001935
1628674537573000,1,75.00000000,0.00001935
1628674537633000,1,0.63224100,0.00001935
1628674541270000,1,375.00000000,0.00001935
1628674556211000,1,0.92031400,0.00001935
1628674560208000,0,77.66659600,0.00001935
1628674565775000,0,56.55191900,0.00001935
1628674580216000,0,17.65819900,0.00001936
1628674581255000,0,21.38328400,0.00001936
1628674590541000,1,60.00000000,0.00001936
1628674590546000,1,0.76721000,0.00001936
1628674626226000,0,77.01649600,0.00001939
1628674626434000,0,131.54274300,0.00001939
1628674628114000,0,5339.25316100,0.00001939
1628674628469000,1,1849.00000000,0.00001939
1628674668461000,0,129.74764600,0.00001940
1628674723612000,0,5568.89540096,0.00001942
1628674723612000,0,4986.32535704,0.00001942
1628674895095000,1,80.00000000,0.00001943
1628674915325000,0,14.42079100,0.00001944
1628674933221000,1,0.75702000,0.00001943
1628675038368000,0,25.61843460,0.00001942
1628675057587000,0,149.79419600,0.00001942
1628675084068000,0,30.78958225,0.00001939
1628675088693000,0,76.85714500,0.00001939
1628675101206000,0,64.87271300,0.00001939
1628675112635000,1,170.00000000,0.00001939
1628675121812000,0,76.97605700,0.00001941
1628675152037000,0,874.07811600,0.00001942
1628675156024000,1,76.00000000,0.00001941
1628675156124000,1,0.97605700,0.00001941
1628675167082000,0,153.71433000,0.00001942
1628675187791000,0,1305.14706410,0.00001941
1628675187791000,0,3262.86766025,0.00001941
1628675187791000,0,3763.59586665,0.00001941
1628675188409000,0,72.97660700,0.00001941
1628675210902000,0,13.28959100,0.00001941
1628675298221000,1,76.85816700,0.00001940
1628675298221000,1,259.14183300,0.00001940
1628675299100000,1,0.59040100,0.00001940
1628675299100000,1,128.40959900,0.00001940
1628675299148000,1,0.76034900,0.00001940
1628675319242000,0,751.42165600,0.00001941
1628675343788000,0,85.63051100,0.00001941
1628675343928000,0,92.42323100,0.00001941
1628675372495000,0,187.48129900,0.00001941
1628675391569000,0,819.52905700,0.00001941
1628675414837000,1,1798.85090000,0.00001941
1628675430385000,0,26.00438400,0.00001942
1628675437232000,0,350.00000000,0.00001942
1628675437232000,0,5578.18911706,0.00001942
1628675437232000,0,527.96944994,0.00001942
1628675474868000,0,1738.93146200,0.00001942
1628675517290000,0,76.88014400,0.00001942
1628675584739000,1,21.25815200,0.00001942
1628675587090000,0,35.90018100,0.00001943
1628675621630000,1,119.39604529,0.00001939
1628675650196000,0,160.00282700,0.00001942
1628675650378000,0,76.88065500,0.00001942
1628675650623000,0,79.16994800,0.00001942
1628675745883000,1,76.00000000,0.00001942
1628675745970000,1,0.88065500,0.00001942
1628675783319000,0,78.19638200,0.00001942
1628675849180000,0,129.28260700,0.00001943
1628675874234000,1,43.12009000,0.00001942
1628675893057000,0,75.36068200,0.00001941
1628675915277000,1,79.00000000,0.00001942
1628675915390000,1,0.81063500,0.00001942
1628675983358000,0,230.00000000,0.00001941
1628676007457000,0,27.30407200,0.00001941
1628676022962000,0,12.99865600,0.00001941
1628676023711000,0,19.68815300,0.00001941
1628676045347000,1,665.66556500,0.00001941
1628676045347000,1,28.33443500,0.00001941
1628676045373000,1,0.27574100,0.00001941
1628676046824000,0,5586.76782144,0.00001942
1628676046824000,0,838.05936056,0.00001942
1628676094851000,1,399.69003000,0.00001942
1628676094851000,1,208.30997000,0.00001942
1628676094904000,1,0.54064500,0.00001942
1628676100467000,0,1000.00000000,0.00001942
1628676106716000,1,2798.00000000,0.00001942
1628676288247000,1,75.37861900,0.00001945
1628676351375000,0,76.95881700,0.00001944
1628676386423000,1,674.25461000,0.00001944
1628676387818000,1,0.00000800,0.00001944
1628676401552000,1,95.00520000,0.00001944
1628676401636000,1,0.00004400,0.00001944
1628676416427000,0,350.00000000,0.00001944
1628676416427000,0,393.92507100,0.00001944
1628676416550000,0,323.91579600,0.00001944
1628676439451000,0,76.96136900,0.00001943
1628676439597000,0,11.09497200,0.00001943
1628676552424000,0,153.92273800,0.00001943
1628676594965000,1,77.04062900,0.00001942
1628676603843000,1,1830.00000000,0.00001940
1628676609184000,0,21.31987000,0.00001942
1628676671796000,0,15.17606600,0.00001941
1628676777484000,0,30.44423500,0.00001940
1628676823385000,1,14.39138800,0.00001939
1628676840208000,0,460.00000000,0.00001940
1628677023552000,1,477.85050799,0.00001938
1628677024178000,1,970.01700495,0.00001938
1628677036540000,0,252.14109800,0.00001940
1628677044060000,1,959.88970179,0.00001938
1628677053070000,1,1307.39013488,0.00001938
1628677377703000,0,14318.20040400,0.00001943
1628677384949000,0,3584.64658400,0.00001943
1628677391219000,1,136.00000000,0.00001941
1628677391285000,1,0.38788300,0.00001941
1628677434097000,0,5562.60030967,0.00001942
1628677434097000,0,5567.18749631,0.00001943
1628677434169000,1,1264.48693302,0.00001943
1628677545722000,0,24.32664200,0.00001942
1628677545951000,0,129.66909800,0.00001942
1628677547804000,0,311.20613900,0.00001942
1628677616281000,0,75.31106800,0.00001940
1628677616375000,0,251.11558600,0.00001940
1628677639507000,0,107.71389900,0.00001940
1628677639610000,0,73.06614800,0.00001940
1628677640890000,0,800.42453026,0.00001940
1628677640890000,0,3268.57546974,0.00001940
1628677677126000,0,0.50260840,0.00001940
1628677677126000,0,76.49158460,0.00001940
1628677697708000,1,5577.71370000,0.00001937
1628677698286000,0,15.20416400,0.00001940
1628677698525000,0,135.35622800,0.00001940
1628677701088000,1,2890.95325807,0.00001937
1628677701925000,1,1785.12812708,0.00001937
1628677706168000,1,776.65741485,0.00001937
1628677720746000,0,62.81835800,0.00001939
1628677722429000,1,1311.24829303,0.00001937
1628677722429000,1,3285.75170697,0.00001937
1628677730052000,1,1314.00000000,0.00001937
1628677730069000,1,0.63916442,0.00001937
1628677731824000,1,2197.00000000,0.00001937
1628677734927000,1,5486.65660000,0.00001936
1628677743013000,0,160.86618100,0.00001938
1628677743204000,0,75.56726600,0.00001938
1628677743539000,0,272.82747100,0.00001938
1628677745445000,1,5516.22670000,0.00001935
1628677749388000,1,5492.74290000,0.00001935
1628677749388000,1,5619.15299071,0.00001935
1628677765547000,0,25.65460600,0.00001937
1628677786707000,0,23.11285800,0.00001938
1628677791715000,1,1314.00000000,0.00001937
1628677792266000,1,0.14698707,0.00001937
1628677792266000,1,3284.85301293,0.00001937
1628677799937000,1,1696.23522356,0.00001937
1628677820576000,1,703.39717483,0.00001937
1628677820576000,1,1166.60282517,0.00001937
1628677820637000,1,0.09686995,0.00001937
1628677823013000,1,1314.14698707,0.00001937
1628677823013000,1,2102.85301293,0.00001937
1628677823140000,1,1182.51445475,0.00001937
1628677828522000,1,1314.00000000,0.00001937
1628677829717000,1,5521.84520000,0.00001936
1628677837405000,1,5035.24400627,0.00001935
1628677839050000,1,1313.00000000,0.00001936
1628677839568000,1,8535.49912510,0.00001936
1628677839568000,1,2162.76416293,0.00001936
1628677839568000,1,1312.73671197,0.00001936
1628677840946000,1,0.41699958,0.00001936
1628677841452000,1,768.69281824,0.00001935
1628677841452000,1,2162.76416293,0.00001935
1628677841452000,1,8534.54301883,0.00001935
1628677841544000,1,0.95610627,0.00001935
1628677847303000,1,5554.13990000,0.00001935
1628677862225000,1,1313.00000000,0.00001937
1628677862328000,1,0.15371155,0.00001937
1628677863449000,1,3282.88427889,0.00001936
1628677863449000,1,7189.11572111,0.00001936
1628677865635000,1,3282.88427889,0.00001936
1628677865635000,1,5875.11572111,0.00001936
1628677870589000,1,1313.15371155,0.00001936
1628677870589000,1,905.84628845,0.00001936
1628677871081000,1,3986.98872069,0.00001935
1628677877313000,1,5488.87040000,0.00001933
1628677881892000,1,1313.15371155,0.00001935
1628677881892000,1,3282.88427889,0.00001935
1628677881892000,1,3431.27064829,0.00001935
1628677885219000,1,1313.15371155,0.00001935
1628677885219000,1,3282.84628845,0.00001935
1628677886869000,1,3502.09383208,0.00001935
1628677891917000,1,776.73042038,0.00001935
1628677891917000,1,1313.15371155,0.00001935
1628677891917000,1,3282.88427889,0.00001935
1628677893477000,1,1313.15371155,0.00001935
1628677893477000,1,72.55174256,0.00001935
1628677933378000,1,1717.24219444,0.00001934
1628677933378000,1,1314.75780556,0.00001934
1628677935922000,1,0.28005823,0.00001934
1628677935922000,1,1716.71994177,0.00001934
1628677936953000,1,0.52225267,0.00001934
1628677936953000,1,1972.47774733,0.00001934
1628677938719000,1,0.07904836,0.00001934
1628677938719000,1,18.93654524,0.00001934
1628677938719000,1,6556.98440640,0.00001934
1628677939954000,1,3287.59465948,0.00001934
1628677939954000,1,2539.40534052,0.00001934
1628677940026000,1,0.13003015,0.00001934
1628677945975000,1,3265.80366382,0.00001933
1628677955911000,1,8547.74611000,0.00001936
1628677955960000,1,0.00000466,0.00001936
1628677955960000,1,1315.03785534,0.00001936
1628677955966000,1,0.00000845,0.00001936
1628677955966000,1,1722.04208264,0.00001935
1628677956046000,0,350.00000000,0.00001936
1628677956101000,1,1372.04208264,0.00001936
1628677956636000,1,1311.76497873,0.00001935
1628677956636000,1,1682.66652646,0.00001935
1628677956636000,1,1685.56849481,0.00001935
1628677957023000,1,0.96773834,0.00001935
1628677967564000,1,5475.60140000,0.00001933
1628677972868000,1,504.00000000,0.00001934
1628677992929000,1,5459.52240000,0.00001933
1628678008563000,1,1686.53623000,0.00001935
1628678008766000,1,3279.41244000,0.00001935
1628678008814000,1,0.00000682,0.00001935
1628678008814000,1,1311.76496318,0.00001935
1628678016552000,1,0.00001555,0.00001935
1628678018505000,1,6396.06773000,0.00001935
1628678018646000,0,3277.41280509,0.00001935
1628678019797000,0,200.19709100,0.00001935
1628678034104000,1,1310.96512000,0.00001936
1628678034506000,1,0.00000204,0.00001936
1628678034506000,1,1694.88124796,0.00001936
1628678034938000,1,0.00001006,0.00001936
1628678037821000,1,1694.88125802,0.00001935
1628678037821000,1,1310.96512204,0.00001935
1628678037821000,1,1694.15361994,0.00001935
1628678038159000,1,1966.44768000,0.00001935
1628678039923000,1,0.00000305,0.00001935
1628678039923000,1,1310.96511695,0.00001935
1628678043130000,1,1310.96512204,0.00001936
1628678043130000,1,3106.85624271,0.00001935
1628678043130000,1,3277.41280509,0.00001935
1628678047990000,1,3357.40754000,0.00001935
1628678049475000,1,0.00000400,0.00001935
1628678063428000,1,5725.44352572,0.00001935
1628678069149000,1,1310.96512000,0.00001937
1628678069217000,1,0.00000204,0.00001937
1628678069217000,1,1966.44767796,0.00001937
1628678069312000,1,1310.96512000,0.00001937
1628678070955000,1,0.00000713,0.00001937
1628678070955000,1,91.27273500,0.00001936
1628678070955000,1,1565.72725787,0.00001936
1628678070995000,1,0.48277343,0.00001936
1628678075246000,1,1300.00000000,0.00001937
1628678075247000,1,0.21520804,0.00001937
1628678077383000,1,1309.00000000,0.00001937
1628678077476000,1,0.87356073,0.00001937
1628678078823000,1,3274.00000000,0.00001937
1628678079017000,1,0.68390184,0.00001937
1628678079832000,1,1085.00000000,0.00001937
1628678079857000,1,0.23024507,0.00001937
1628678081514000,1,3702.27964287,0.00001936
1628678086497000,1,3274.68390000,0.00001937
1628678087531000,1,1409.75141000,0.00001937
1628678090597000,1,0.00000974,0.00001937
1628678090597000,1,1308.99999026,0.00001937
1628678090626000,1,0.87357047,0.00001937
1628678091667000,1,3274.00000000,0.00001937
1628678107952000,1,190.00000000,0.00001937
1628678109729000,1,3274.68390000,0.00001937
1628678109787000,1,0.00000184,0.00001937
1628678109832000,1,8514.00000000,0.00001936
1628678109859000,1,0.17814477,0.00001936
1628678113009000,0,4000.00000000,0.00001936
1628678113009000,0,350.00000000,0.00001936
1628678131544000,1,3274.68390000,0.00001937
1628678131655000,1,1309.87356073,0.00001937
1628678137114000,1,3273.62019000,0.00001937
1628678141034000,1,3273.62019632,0.00001936
1628678141034000,1,1309.44807853,0.00001936
1628678141034000,1,416.93172515,0.00001936
1628678153426000,1,3273.62019632,0.00001937
1628678153426000,1,1309.44806368,0.00001937
1628678229040000,1,5480.07700000,0.00001938
1628678229404000,1,1309.94339281,0.00001937
1628678229404000,1,3274.85848203,0.00001937
1628678236983000,1,1309.94339000,0.00001937
1628678238328000,1,0.00000281,0.00001937
1628678238328000,1,3274.85847719,0.00001937
1628678262839000,1,1309.94339281,0.00001937
1628678262839000,1,538.05660719,0.00001937
1628678276253000,1,3277.40447835,0.00001937
1628678276253000,1,5466.71929165,0.00001937
1628678284738000,1,1650.82863574,0.00001937
1628678289726000,1,3277.40447835,0.00001937
1628678296726000,1,5404.53488680,0.00001935
1628678306131000,1,1310.00000000,0.00001936
1628678308031000,1,1310.96179134,0.00001936
1628678308031000,1,1508.03820866,0.00001936
1628678308457000,1,173.00000000,0.00001936
1628678311118000,1,1310.00000000,0.00001937
1628678311170000,1,0.96179134,0.00001937
1628678311516000,1,2337.00000000,0.00001937
1628678311526000,1,0.11713351,0.00001937
1628678312777000,1,656.00000000,0.00001937
1628678314828000,1,0.13637657,0.00001937
1628678315616000,1,3277.00000000,0.00001937
1628678316265000,1,0.40447835,0.00001937
1628678316284000,1,7174.89388400,0.00001936
1628678316796000,1,1311.57492440,0.00001936
1628678316796000,1,3276.42507560,0.00001936
1628678326212000,1,1902.99140000,0.00001936
1628678326212000,1,4519.46052586,0.00001936
1628678331424000,1,6648.83234301,0.00001936
1628678331805000,1,1311.00000000,0.00001936
1628678334181000,1,1311.00000000,0.00001936
1628678334341000,1,0.57492440,0.00001936
1628678337582000,1,3278.93731100,0.00001936
1628678337582000,1,6346.06268900,0.00001936
1628678357739000,1,594.00000000,0.00001936
1628678357768000,1,2684.93731100,0.00001936
1628678357768000,1,1311.57492440,0.00001936
1628678358275000,1,1502.00000000,0.00001936
1628678358337000,1,0.14676092,0.00001936
1628678362613000,1,8525.00000000,0.00001936
1628678362754000,1,0.23700861,0.00001936
1628678362754000,1,3278.93731100,0.00001936
1628678362754000,1,1311.57492440,0.00001936
1628678367232000,1,5466.14480000,0.00001935
1628678376626000,1,1311.00000000,0.00001936
1628678376696000,1,0.55158819,0.00001936
1628678376696000,1,1310.44841181,0.00001936
1628678376718000,1,1311.00000000,0.00001936
1628678377175000,1,1503.00000000,0.00001936
1628678377780000,1,0.82505102,0.00001936
1628678377780000,1,1311.17494898,0.00001936
1628678377833000,1,0.37663921,0.00001936
1628678381242000,1,1308.00000000,0.00001936
1628678381345000,1,3.55158819,0.00001936
1628678381345000,1,1503.82504181,0.00001936
1628678381437000,1,0.00000921,0.00001936
1628678381585000,1,1503.82505102,0.00001936
1628678381674000,1,1024.84641101,0.00001936
1628678382841000,1,1024.84641101,0.00001935
1628678382841000,1,1503.82505102,0.00001935
1628678382841000,1,1503.32853797,0.00001935
1628678388125000,1,1311.55158819,0.00001936
1628678389239000,1,3278.00000000,0.00001936
1628678390241000,1,1311.00000000,0.00001936
1628678390333000,1,0.55158819,0.00001936
1628678391779000,1,5467.85520000,0.00001935
1628678426823000,1,2702.00000000,0.00001932
1628678426827000,1,574.25586730,0.00001932
1628678426827000,1,391.30141634,0.00001932
1628678435838000,1,6380.00000000,0.00001931
1628678435847000,1,2145.08532325,0.00001931
1628678435847000,1,1311.55158819,0.00001931
1628678435847000,1,2022.74043689,0.00001931
1628678436253000,1,1311.55158819,0.00001930
1628678436253000,1,2022.74043689,0.00001930
1628678436253000,1,8525.08532325,0.00001930
1628678436884000,1,1311.33826707,0.00001929
1628678436884000,1,2022.74043689,0.00001929
1628678436884000,1,8523.69873596,0.00001929
1628678443261000,1,5501.49270000,0.00001928
1628678443261000,1,5623.64233538,0.00001928
1628678446357000,1,3194.83050000,0.00001930
1628678446357000,1,5515.04210000,0.00001930
1628678527980000,1,77.09538200,0.00001932
1628678537145000,1,490.30339300,0.00001932
1628678543910000,1,1531.70477000,0.00001935
1628678544115000,1,1531.70477000,0.00001935
1628678544267000,1,0.00000022,0.00001935
1628678544267000,1,1311.33492978,0.00001935
1628678551006000,1,0.00000470,0.00001935
1628678551006000,1,3277.99999530,0.00001935
1628678551132000,1,0.33734090,0.00001935
1628678555313000,1,1173.65801000,0.00001936
1628678555532000,1,1311.33493448,0.00001936
1628678556351000,1,1206.06559234,0.00001935
1628678558838000,1,3276.00000000,0.00001936
1628678558920000,1,0.17258731,0.00001936
1628678567087000,1,1310.46903493,0.00001936
1628678567087000,1,3276.17258731,0.00001936
1628678567087000,1,2820.35837776,0.00001936
1628678567150000,1,0.81936063,0.00001936
1628678582065000,1,109.00000000,0.00001937
1628678583095000,1,0.75178167,0.00001937
1628678583095000,1,5624.24821833,0.00001936
1628678584044000,1,50.00000000,0.00001936
1628678586147000,1,237.53439784,0.00001936
1628678586147000,1,3275.46560216,0.00001936
1628678586171000,1,0.70698515,0.00001936
1628678587616000,1,370.00000000,0.00001936
1628678592023000,1,7770.16404879,0.00001936
1628678592023000,1,3275.83595121,0.00001936
1628678592041000,1,0.33663610,0.00001936
1628678607494000,1,1310.46903000,0.00001937
1628678607548000,1,0.00000493,0.00001937
1628678607548000,1,3276.17257507,0.00001937
1628678607692000,1,0.00001224,0.00001937
1628678607746000,1,5551.21235540,0.00001936
1628678607746000,1,2448.78764460,0.00001936
1628678608753000,1,1310.46903493,0.00001936
1628678608753000,1,3275.53096507,0.00001936
1628678608953000,1,0.64162224,0.00001936
1628678610350000,1,394.45117951,0.00001936
1628678610350000,1,6483.54882049,0.00001936
1628678611975000,1,2034.00000000,0.00001936
1628678612480000,1,1310.46903493,0.00001936
1628678613961000,1,1310.46903493,0.00001935
1628678620307000,1,1259.07500000,0.00001935
1628678620307000,1,5444.92390000,0.00001935
1628678624675000,1,4371.56438784,0.00001936
1628678625018000,1,1309.00000000,0.00001936
1628678629029000,1,3274.33479728,0.00001936
1628678629029000,1,1309.66520272,0.00001936
1628678629901000,1,408.00000000,0.00001936
1628678632247000,1,0.89892948,0.00001936
1628678632247000,1,5349.10107052,0.00001936
1628678632281000,1,0.63809466,0.00001936
1628678632781000,1,3274.00000000,0.00001936
1628678632819000,1,0.33479728,0.00001936
1628678633609000,1,1309.00000000,0.00001936
1628678633649000,1,0.73391891,0.00001936
1628678638791000,1,5557.80790000,0.00001935
1628678644963000,0,264.10000000,0.00001937
1628678657267000,1,1309.00000000,0.00001937
1628678657280000,1,0.73391891,0.00001937
1628678657280000,1,1308.26608109,0.00001937
1628678657449000,1,1966.00000000,0.00001937
1628678657470000,1,0.06871619,0.00001937
1628678668391000,1,1684.00000000,0.00001937
1628678668569000,1,0.64525320,0.00001937
1628678671879000,1,3274.00000000,0.00001937
1628678730868000,1,5468.97860000,0.00001937
1628678730868000,1,3967.12557598,0.00001937
1628678801965000,1,504.19762148,0.00001937
1628678801965000,1,3276.56369559,0.00001937
1628678802293000,1,1309.87023000,0.00001937
1628678827216000,1,1309.87023558,0.00001937
1628678827216000,1,1341.12976442,0.00001937
1628678827549000,1,1933.00000000,0.00001937
1628678831028000,1,0.54582454,0.00001937
1628678831046000,1,798.49689561,0.00001937
1628678831046000,1,798.62788264,0.00001936
1628678832422000,1,798.49689561,0.00001935
1628678832422000,1,559.50310439,0.00001935
1628678833282000,1,2715.00000000,0.00001935
1628678834086000,1,0.17248457,0.00001935
1628678834086000,1,3274.67558896,0.00001935
1628678834086000,1,1309.15192647,0.00001935
1628678836202000,1,1309.00000000,0.00001936
1628678852276000,1,1309.00000000,0.00001937
1628678852319000,1,0.87023558,0.00001937
1628678860634000,1,1310.02986189,0.00001937
1628678860634000,1,2251.97013811,0.00001937
1628678860800000,1,0.95371689,0.00001937
1628678871870000,1,3275.00000000,0.00001937
1628678872318000,1,0.07465474,0.00001937
1628678872318000,1,7920.92534526,0.00001936
1628678875530000,1,593.00000000,0.00001936
1628678876182000,1,811.00000000,0.00001936
1628678876326000,1,3357.18751309,0.00001936
1628678877141000,1,831.00000000,0.00001936
1628678890802000,1,1310.00000000,0.00001937
1628678895718000,1,1310.02986189,0.00001937
1628678895718000,1,2239.97013811,0.00001937
1628678895793000,1,0.50843320,0.00001937
1628678905516000,1,1119.81352594,0.00001937
1628678905516000,1,3274.18647406,0.00001937
1628678908986000,1,0.88818068,0.00001937
1628678908986000,1,1309.11181932,0.00001937
1628678910929000,0,539.27183800,0.00001938
1628678917942000,1,1309.00000000,0.00001937
1628678923140000,1,3274.00000000,0.00001937
1628679130825000,0,500.00000000,0.00001940
1628679149624000,1,37.00000000,0.00001939
1628679215231000,0,5589.76855459,0.00001942
1628679215231000,0,2098.59638641,0.00001942
1628679482712000,1,1922.09123500,0.00001937
1628679565041000,1,1311.00000000,0.00001936
1628679565191000,1,1311.00000000,0.00001936
1628679565321000,1,1311.29827000,0.00001937
1628679565333000,1,0.00000709,0.00001937
1628679565333000,1,3278.24569271,0.00001937
1628679565333000,1,4684.38685266,0.00001936
1628679565448000,0,1311.29827709,0.00001936
1628679565457000,0,3278.24569271,0.00001936
1628679576204000,1,3278.24569271,0.00001937
1628679576204000,1,1310.75430729,0.00001937
1628679576217000,1,0.54396980,0.00001937
1628679579828000,1,235.00000000,0.00001937
1628679584229000,1,2173.00000000,0.00001937
1628679584269000,1,0.05269288,0.00001937
1628679589670000,1,3280.07953642,0.00001937
1628679589670000,1,1312.03181457,0.00001937
1628679589670000,1,5568.49180000,0.00001936
1628679589670000,1,1544.45825052,0.00001936
1628679589670000,1,5600.54608497,0.00001936
1628679589852000,0,7694.00000000,0.00001936
1628679589888000,0,0.39251352,0.00001936
1628679597680000,1,1312.03181457,0.00001937
1628679597680000,1,3279.96818543,0.00001937
1628679597693000,1,0.11135099,0.00001937
1628679603430000,1,1312.00000000,0.00001937
1628679603973000,1,0.03181457,0.00001937
1628679603973000,1,3279.96818543,0.00001937
1628679604093000,1,0.11135099,0.00001937
1628679610928000,1,5497.49640000,0.00001936
1628679620680000,1,1312.03181000,0.00001937
1628679620816000,1,0.00000457,0.00001937
1628679620816000,1,1968.04771543,0.00001937
1628679620866000,1,1312.03181000,0.00001937
1628679620892000,1,0.00001099,0.00001937
1628679621860000,1,5829.00000000,0.00001936
1628679621945000,1,0.88216485,0.00001936
1628679630422000,1,5572.08200000,0.00001936
1628679643149000,1,3281.04729854,0.00001937
1628679643149000,1,1311.95270146,0.00001937
1628679648825000,1,1788.85308140,0.00001936
1628679657952000,1,235.90730077,0.00001936
1628679657952000,1,8530.09269923,0.00001936
1628679657972000,1,0.63027697,0.00001936
1628679658667000,1,1312.00000000,0.00001936
1628679658693000,1,0.41891942,0.00001936
1628679660623000,1,8530.00000000,0.00001935
1628679660693000,1,0.72297620,0.00001935
1628679668949000,1,5473.03890000,0.00001934
1628679679208000,1,1385.00000000,0.00001935
1628679679223000,1,0.58627417,0.00001935
1628679680481000,1,1312.00000000,0.00001935
1628679682152000,0,20.53612900,0.00001937
1628679682912000,1,1312.41891000,0.00001936
1628679683009000,1,0.00000942,0.00001936
1628679686312000,1,3281.04729000,0.00001936
1628679686485000,1,0.00000854,0.00001936
1628679686485000,1,1236.30708146,0.00001936
1628679686552000,1,2668.20482475,0.00001936
1628679687047000,1,1312.41891942,0.00001936
1628679687047000,1,3280.58108058,0.00001936
1628679687186000,0,16203.61228704,0.00001937
1628679690292000,1,0.46621796,0.00001936
1628679690292000,1,5515.49560000,0.00001935
1628679690292000,1,623.59584956,0.00001935
1628679691133000,0,12798.00000000,0.00001935
1628679691135000,0,0.81844145,0.00001935
1628679695469000,1,1312.41891942,0.00001936
1628679695469000,1,3281.04729854,0.00001936
1628679697182000,1,5205.00000000,0.00001936
1628679697604000,1,0.83873083,0.00001936
1628679712291000,1,1312.73277000,0.00001936
1628679714932000,1,0.00000542,0.00001936
1628679718838000,1,1060.00000000,0.00001936
1628679719029000,1,0.62244590,0.00001936
1628679719029000,1,1060.37755410,0.00001936
1628679719086000,1,0.24489180,0.00001936
1628679724401000,1,1312.73277542,0.00001936
1628679724401000,1,5545.44269983,0.00001936
1628679724877000,1,3281.00000000,0.00001936
1628679728313000,1,3281.83193000,0.00001937
1628679728409000,1,0.00000854,0.00001937
1628679728436000,1,606.00000000,0.00001936
1628679728479000,1,0.67945216,0.00001936
1628679731410000,1,1564.00000000,0.00001936
1628679731423000,1,0.05546527,0.00001936
1628679731977000,1,1312.73277000,0.00001937
1628679731995000,1,0.00000542,0.00001937
1628679732049000,1,956.98219000,0.00001936
1628679732057000,1,0.00000328,0.00001936
1628679732304000,1,1312.73277000,0.00001936
1628679732723000,1,0.00000542,0.00001936
1628679732723000,1,8532.76303458,0.00001936
1628679733711000,1,5657.22189000,0.00001936
1628679736408000,1,1312.00000000,0.00001936
1628679736440000,1,0.73277542,0.00001936
1628679738586000,1,5458.87710000,0.00001935
1628679751133000,1,1312.73277000,0.00001937
1628679751561000,1,0.00000542,0.00001937
1628679762504000,1,320.36498000,0.00001937
1628679762560000,1,0.00000242,0.00001937
1628679762560000,1,3274.37634758,0.00001937
1628679762622000,1,0.00000586,0.00001937
1628679765352000,1,3274.37635000,0.00001936
1628679767327000,1,320.36498242,0.00001936
1628679767327000,1,6243.71179758,0.00001936
1628679787954000,1,1309.00000000,0.00001936
1628679788123000,1,0.75054138,0.00001936
1628679789938000,1,1535.81348000,0.00001936
1628679790073000,1,0.00000482,0.00001936
1628679793969000,1,1309.75054138,0.00001936
1628679794119000,1,1309.00000000,0.00001936
1628679794190000,1,1309.00000000,0.00001936
1628679794721000,1,3274.00000000,0.00001936
1628679795874000,1,0.37635344,0.00001936
1628679797925000,1,1309.75054138,0.00001936
1628679797925000,1,2740.24945862,0.00001936
1628679797966000,1,0.73098684,0.00001936
1628679815145000,1,1309.75054000,0.00001936
1628679815196000,1,0.00000138,0.00001936
1628679818600000,1,1195.86323153,0.00001936
1628679818600000,1,170.00810901,0.00001936
1628679818651000,1,1909.32804000,0.00001936
1628679818668000,1,0.00000220,0.00001936
1628679823774000,1,846.00000000,0.00001935
1628679824881000,1,2310.98068446,0.00001936
1628679831611000,1,3275.19938274,0.00001935
1628679831611000,1,1063.91576749,0.00001935
1628679831611000,1,7914.88484977,0.00001935
1628679831844000,1,600.00000000,0.00001935
1628679834828000,1,1310.07975310,0.00001935
1628679836166000,1,1012.00000000,0.00001935
1628679836285000,1,0.36412920,0.00001935
1628679848938000,1,5613.62201341,0.00001934
1628679848938000,1,2156.30016259,0.00001934
1628679849634000,1,5053.00000000,0.00001935
1628679849639000,1,33.31913741,0.00001935
1628679855520000,1,1310.07975310,0.00001935
1628679855520000,1,3274.92024690,0.00001935
1628679865648000,1,3368.76803741,0.00001934
1628679878294000,1,1309.00000000,0.00001935
1628679878349000,1,0.78046288,0.00001935
1628679885034000,1,5469.76710000,0.00001934
1628679895985000,1,1309.78046288,0.00001935
1628679906952000,1,1543.00000000,0.00001935
1628679907030000,1,1731.45115719,0.00001935
1628679907030000,1,1309.78046288,0.00001935
1628679912175000,1,1309.78046288,0.00001935
1628679912175000,1,232.21953712,0.00001935
1628679926030000,1,1309.00000000,0.00001936
1628679926036000,1,0.78046288,0.00001936
1628679927319000,1,620.00000000,0.00001936
1628679927492000,1,2231.25664567,0.00001935
1628679927946000,1,1309.78046288,0.00001935
1628679927946000,1,620.63947233,0.00001935
1628679930165000,1,1309.78046000,0.00001936
1628679930216000,1,0.00000288,0.00001936
1628679931393000,1,33.47029622,0.00001935
1628679931903000,1,791.00000000,0.00001935
1628679932263000,1,777.00000000,0.00001935
1628679934896000,1,3500.00000000,0.00001936
1628679935509000,1,3185.57465885,0.00001935
1628679938091000,1,3053.03741704,0.00001935
1628679939076000,1,1309.34839612,0.00001935
1628679939076000,1,3181.38926547,0.00001935
1628679939076000,1,6732.26233841,0.00001935
1628679939623000,1,1778.00000000,0.00001935
1628679940530000,1,170.00000000,0.00001935
1628679940938000,1,0.21529150,0.00001935
1628679940938000,1,260.78470850,0.00001935
1628679944064000,1,5490.37780000,0.00001935
1628679946611000,1,5451.06090000,0.00001935
1628679951183000,1,1309.34839612,0.00001936
1628679951183000,1,3273.37099030,0.00001936
1628679952190000,1,1309.34839612,0.00001935
1628679952190000,1,3273.37099030,0.00001935
1628679952190000,1,230.28061358,0.00001935
1628679952369000,1,0.36110640,0.00001935
1628679959820000,1,1309.34839612,0.00001936
1628679959820000,1,3272.65160388,0.00001936
1628679962200000,1,1992.00000000,0.00001936
1628679964501000,1,1309.00000000,0.00001936
1628679964532000,1,0.34839612,0.00001936
1628679969549000,1,1309.34839612,0.00001936
1628679969549000,1,1375.65160388,0.00001936
1628679969743000,1,0.47356044,0.00001936
1628679972007000,1,1226.00000000,0.00001936
1628679972099000,1,0.20477297,0.00001936
1628679985109000,1,1309.34839612,0.00001936
1628679985109000,1,1539.59731158,0.00001936
1628679985109000,1,3273.05429230,0.00001936
1628679985127000,1,0.31669800,0.00001936
1628679990451000,0,40.85166996,0.00001936
1628679992949000,1,40.85166996,0.00001936
1628679993772000,1,1309.34839612,0.00001936
1628679995124000,1,40.85166996,0.00001935
1628679995124000,1,3273.14833004,0.00001935
1628679995142000,1,0.22266026,0.00001935
1628679996466000,1,1309.00000000,0.00001935
1628679996658000,1,0.34839612,0.00001935
1628679996658000,1,1449.65160388,0.00001935
1628679996689000,1,1088.00000000,0.00001935
1628679997491000,1,5968.08402695,0.00001935
1628679997491000,1,140.91597305,0.00001935
1628679999400000,1,1308.57471244,0.00001936
1628680000170000,1,339.00000000,0.00001935
1628680000172000,1,969.57471244,0.00001935
1628680000172000,1,3804.61554767,0.00001935
1628680001670000,1,1308.57471244,0.00001935
1628680001670000,1,966.42528756,0.00001935
1628680018482000,1,1308.57471244,0.00001934
1628680020986000,1,1308.00000000,0.00001934
1628680023821000,1,0.57471244,0.00001934
1628680023821000,1,3271.42528756,0.00001934
1628680024447000,1,0.01149353,0.00001934
1628680024447000,1,4656.98850647,0.00001934
1628680039230000,1,1224.82593084,0.00001935
1628680039243000,0,3271.43678109,0.00001935
1628680044588000,1,5112.05519931,0.00001934
1628680046579000,1,177.43939200,0.00001934
1628680056036000,1,1308.57471244,0.00001935
1628680056036000,1,1534.43470780,0.00001935
1628680056036000,1,3003.99057976,0.00001935
1628680056149000,1,267.44620133,0.00001935
1628680059629000,1,1307.74891028,0.00001934
1628680059629000,1,1307.74891028,0.00001934
1628680059629000,1,1008.99367173,0.00001934
1628680070680000,1,1307.74891028,0.00001937
1628680070680000,1,2262.25108972,0.00001937
1628680070869000,1,650.00000000,0.00001937
1628680071168000,1,357.00000000,0.00001937
1628680083679000,1,1286.00000000,0.00001937
1628680083721000,1,1286.00000000,0.00001937
1628680083729000,1,697.37227571,0.00001937
1628680086036000,1,1528.00000000,0.00001937
1628680090846000,1,1716.00000000,0.00001937
1628680090890000,1,0.42044475,0.00001937
1628680093477000,1,1398.00000000,0.00001937
