timestamp ms,type,amount,price
1626307236854000,0,8069.07710878,0.00001889
1626307236854000,0,3751.92289122,0.00001889
1626307236860000,0,0.87710878,0.00001889
1626307255426000,0,24092.00000000,0.00001890
1626307255432000,0,19926.00000000,0.00001890
1626307255432000,0,3752.80000000,0.00001890
1626307255432000,0,1908.37279614,0.00001890
1626307327602000,1,690.52620000,0.00001894
1626307367963000,0,237.00000000,0.00001893
1626307418409000,1,6607.00000000,0.00001892
1626307418428000,1,101.00000000,0.00001892
1626307418521000,1,6184.28204040,0.00001892
1626307712753000,0,109.12242900,0.00001886
1626307996075000,0,10.95040200,0.00001882
1626308118569000,0,10.71491900,0.00001878
1626308264836000,0,1929.00000000,0.00001875
1626308275816000,0,379.00000000,0.00001874
1626308275866000,0,1552.33061675,0.00001874
1626308305856000,0,98.80000000,0.00001875
1626308305873000,0,203.98100000,0.00001875
1626308305881000,0,1628.94200468,0.00001875
1626308307200000,1,7580.00000000,0.00001876
1626308345983000,0,1929.00000000,0.00001876
1626308345991000,0,0.85376974,0.00001876
1626308485179000,0,2565.00000000,0.00001878
1626308485370000,0,2565.00000000,0.00001878
1626308485448000,0,4118.00000000,0.00001878
1626308485611000,0,4334.80824040,0.00001878
1626308524828000,1,1255.09190300,0.00001877
1626308677627000,1,29.36722100,0.00001880
1626308992758000,0,1919.00000000,0.00001880
1626308992758000,0,0.81608961,0.00001880
1626309099678000,1,98.80000000,0.00001881
1626309288560000,1,1916.47847904,0.00001883
1626309305585000,0,765.17000000,0.00001883
1626309370827000,1,27.68862600,0.00001883
1626309388471000,1,19.13565200,0.00001883
1626309434284000,0,1916.00000000,0.00001884
1626309581291000,1,78.53512500,0.00001883
1626309615196000,0,22.90914147,0.00001886
1626309619296000,0,12.62030707,0.00001886
1626309697701000,0,21.66315958,0.00001884
1626310142349000,1,500.00000000,0.00001887
1626310142600000,1,1902.01969189,0.00001886
1626310142600000,1,2440.98030811,0.00001886
1626310142604000,1,4343.00000000,0.00001886
1626310142647000,1,4343.00000000,0.00001886
1626310143101000,1,1902.01969189,0.00001884
1626310309293000,1,2455.34945325,0.00001882
1626310431154000,1,3787.00000000,0.00001883
1626310443328000,0,16.24736969,0.00001885
1626310534668000,0,1902.00000000,0.00001887
1626310564933000,0,4000.00000000,0.00001888
1626310599764000,0,4782.00000000,0.00001889
1626310600396000,0,8800.00000000,0.00001889
1626310696106000,0,1901.14673095,0.00001890
1626310764623000,0,8031.59533316,0.00001890
1626310767796000,0,97.00000000,0.00001891
1626310767840000,0,0.91783400,0.00001891
1626310980794000,1,29458.46000000,0.00001887
1626310980794000,1,7983.88689636,0.00001887
1626310980794000,1,4000.00000000,0.00001887
1626310980794000,1,9227.22520000,0.00001887
1626310980794000,1,500.00000000,0.00001887
1626310980794000,1,4000.00000000,0.00001886
1626310980794000,1,24830.42790364,0.00001886
1626311042704000,1,736.00000000,0.00001886
1626311083857000,1,1414.05078000,0.00001889
1626311218534000,1,2267.00000000,0.00001889
1626311220758000,1,1351.00000000,0.00001889
1626311220963000,1,3953.00000000,0.00001889
1626311221273000,1,2476.00000000,0.00001889
1626311224179000,0,3535.00000000,0.00001889
1626311243986000,0,1180.00000000,0.00001889
1626311244108000,0,0.99129600,0.00001889
1626311291869000,1,652.00000000,0.00001888
1626311291877000,1,754.00000000,0.00001888
1626311555863000,1,2424.00000000,0.00001886
1626311738436000,1,2703.00000000,0.00001885
1626311809800000,1,4330.30000000,0.00001884
1626311955474000,0,4000.00000000,0.00001885
1626311955474000,0,3894.90000000,0.00001885
1626311955474000,0,9500.00000000,0.00001886
1626311955474000,0,4000.00000000,0.00001886
1626311955474000,0,6653.01000000,0.00001886
1626311972110000,0,13582.80824040,0.00001885
1626312110327000,0,82.89393100,0.00001886
1626312405596000,1,172.00000000,0.00001885
1626312485878000,1,360.09880000,0.00001885
1626313402187000,0,2106.00000000,0.00001887
1626313402294000,0,1361.00000000,0.00001887
1626313402673000,0,533.00000000,0.00001887
1626313608093000,1,138.65487378,0.00001885
1626313671861000,0,2703.00000000,0.00001887
1626313671917000,0,1297.00000000,0.00001887
1626313725346000,1,4000.00000000,0.00001885
1626313725346000,1,3777.00000000,0.00001885
1626313725346000,1,3046.18104000,0.00001885
1626313838509000,1,470.00000000,0.00001885
1626313838654000,1,470.00000000,0.00001885
1626313839661000,1,1507.00000000,0.00001885
1626313843492000,1,130.00000000,0.00001885
1626313843497000,1,1113.00000000,0.00001885
1626313843525000,1,8569.46036528,0.00001885
1626314405751000,0,152.41000000,0.00001882
1626314474101000,0,276.00000000,0.00001882
1626314474730000,0,2058.00000000,0.00001882
1626314477894000,0,9925.00000000,0.00001882
1626314555994000,1,12259.00000000,0.00001880
1626314645414000,0,267.76000000,0.00001881
1626315071952000,0,12259.00000000,0.00001880
1626315185922000,0,51.59294248,0.00001882
1626315260971000,0,75.24120100,0.00001882
1626315352327000,0,1911.06242340,0.00001881
1626315352327000,0,4778.68020499,0.00001881
1626315352539000,0,12419.00000000,0.00001882
1626315352554000,0,0.21214419,0.00001882
1626315352554000,0,1910.69865557,0.00001882
1626315352554000,0,4776.56274365,0.00001882
1626315489146000,1,1908.00000000,0.00001884
1626315489253000,1,0.10151573,0.00001884
1626315579284000,1,113.15457386,0.00001882
1626315878916000,1,74.06774078,0.00001884
1626316019976000,1,1000.00000000,0.00001883
1626316363072000,0,8111.00000000,0.00001884
1626316363159000,0,0.99458769,0.00001884
1626316419609000,1,400.00000000,0.00001883
1626316871437000,1,7244.00000000,0.00001883
1626316890081000,1,2843.00000000,0.00001882
1626316890101000,1,1772.00000000,0.00001882
1626317106274000,0,153.02000000,0.00001884
1626317263933000,1,37.41722533,0.00001882
1626317658336000,0,2583.00000000,0.00001883
1626317785919000,0,6142.00000000,0.00001881
1626317785933000,0,126.00000000,0.00001881
1626317785979000,0,1918.48759483,0.00001881
1626317906763000,0,1919.35991300,0.00001880
1626318244263000,0,5341.00000000,0.00001883
1626318244284000,0,3327.00000000,0.00001883
1626318521718000,1,648.00000000,0.00001881
1626318521925000,1,4236.00000000,0.00001881
1626318522358000,1,2679.00000000,0.00001881
1626318523133000,1,1105.00000000,0.00001881
1626318804041000,1,371.00000000,0.00001881
1626318982524000,0,8130.96806337,0.00001882
1626318982524000,0,1920.17743523,0.00001882
1626319030147000,0,4000.00000000,0.00001883
1626319033261000,0,4423.00000000,0.00001883
1626319039354000,0,652.00000000,0.00001883
1626319039396000,0,399.00000000,0.00001883
1626319040570000,0,6785.00000000,0.00001884
1626319232914000,0,113.18760300,0.00001881
1626319251925000,0,8126.00000000,0.00001881
1626319251938000,0,0.41136416,0.00001881
1626319253809000,0,5216.00000000,0.00001881
1626319286532000,0,8119.51867852,0.00001882
1626319286532000,0,1920.42202855,0.00001882
1626319440994000,1,109.00000000,0.00001881
1626319441039000,1,0.78568800,0.00001881
1626320005506000,0,118.55351700,0.00001883
1626321281571000,1,109.72786500,0.00001881
1626321420689000,1,956.47040957,0.00001880
1626321441380000,0,219.56510300,0.00001881
1626321727629000,0,1922.99645810,0.00001883
1626321732540000,0,2879.92723295,0.00001883
1626321785838000,0,1927.50756022,0.00001885
1626321785838000,0,547.51243978,0.00001885
1626321806648000,1,10840.00000000,0.00001884
1626321806717000,1,1419.46036528,0.00001884
1626322136774000,0,109.90487400,0.00001883
1626322157314000,0,109.90487400,0.00001884
1626322174560000,0,50.98351400,0.00001883
1626322200094000,0,109.96324100,0.00001884
1626322261995000,0,40.00000000,0.00001883
1626322299499000,0,54.00903800,0.00001883
1626322311917000,0,10.80201500,0.00001883
1626322396775000,0,109.96324100,0.00001882
1626322455439000,0,2080.00000000,0.00001883
1626322455462000,0,10179.46036528,0.00001883
1626322586705000,0,110.07257900,0.00001883
1626322628501000,0,109.90487400,0.00001883
1626322655467000,1,379.00000000,0.00001883
1626322655508000,1,0.52468600,0.00001883
1626322669827000,0,10.98476400,0.00001884
1626322904113000,0,110.13367000,0.00001882
1626322965481000,0,71.57098400,0.00001882
1626323032554000,1,12259.00000000,0.00001881
1626323058622000,0,87.82375800,0.00001881
1626323102032000,0,15.28159400,0.00001881
1626323122848000,0,323.41116000,0.00001881
1626323149055000,0,110.19222100,0.00001881
1626323166800000,0,107.83062800,0.00001881
1626323193638000,1,10.78431300,0.00001881
1626323323400000,0,16.44723800,0.00001882
1626323482176000,0,537.69717200,0.00001881
1626323482556000,0,113.45773100,0.00001881
1626323523575000,0,110.19170000,0.00001881
1626323732310000,1,32.28200000,0.00001881
1626323732318000,1,0.00005600,0.00001881
1626323798964000,0,12.16073300,0.00001880
1626323954529000,0,109.96280500,0.00001882
1626323975180000,0,220.04125600,0.00001882
1626324224086000,0,113.56583000,0.00001878
1626324270149000,0,13.68635700,0.00001879
1626324283416000,0,19.26915400,0.00001879
1626324922004000,0,109.96280500,0.00001881
1626324942166000,0,110.02126500,0.00001881
1626324984787000,0,113.36220800,0.00001881
1626325026672000,0,109.87528900,0.00001881
1626325448004000,1,110.00000000,0.00001878
1626325448101000,1,0.09245600,0.00001878
1626325516642000,1,187.00000000,0.00001877
1626325516690000,1,574.00000000,0.00001877
1626325622745000,0,1935.00000000,0.00001876
1626325622762000,0,0.58937036,0.00001876
1626325653259000,0,110.20976300,0.00001877
1626325694351000,1,8185.63700373,0.00001874
1626325757620000,0,55.13399300,0.00001876
1626326587024000,0,1939.70851732,0.00001874
1626326610623000,0,4839.58076863,0.00001875
1626326610623000,0,1936.06559839,0.00001875
1626326610623000,0,12582.90873727,0.00001875
1626326614552000,0,1935.20838564,0.00001876
1626326614552000,0,4836.79161436,0.00001876
1626326614555000,0,0.20755972,0.00001876
1626326614555000,0,6771.79244028,0.00001876
1626326614561000,0,5487.20755972,0.00001876
1626326615632000,1,637.00000000,0.00001876
1626326615821000,1,5340.00000000,0.00001876
1626326617836000,1,946.00000000,0.00001876
1626326617895000,1,2596.00000000,0.00001876
1626326618499000,1,2740.00000000,0.00001876
1626326941487000,0,1932.73808235,0.00001878
1626329197365000,0,111.59015800,0.00001876
1626329345414000,0,812.00000000,0.00001877
1626329345481000,0,812.00000000,0.00001877
1626329534900000,0,1938.42120439,0.00001876
1626329653709000,0,4000.00000000,0.00001878
1626329847079000,0,1533.00000000,0.00001878
1626329847082000,0,401.00097510,0.00001878
1626329932868000,0,110.16569500,0.00001878
1626329994378000,0,110.10706500,0.00001878
1626330082199000,0,156.67950800,0.00001877
1626330082615000,0,110.15473200,0.00001877
1626330145691000,0,54.06102700,0.00001878
1626330188751000,0,110.23982500,0.00001877
1626330267009000,0,110.25653000,0.00001878
1626330376156000,0,108.07126800,0.00001878
1626330407802000,0,3781.67220200,0.00001878
1626330407802000,0,4843.77659899,0.00001878
1626330407802000,0,8188.63117477,0.00001878
1626330407802000,0,1938.57802424,0.00001878
1626330425655000,0,110.48414000,0.00001878
1626330488957000,1,596.00000000,0.00001878
1626330488987000,1,0.38069200,0.00001878
1626330489555000,1,110.00000000,0.00001878
1626330497422000,1,0.48414000,0.00001878
1626330527817000,0,75.72864100,0.00001878
1626330548385000,1,4000.00000000,0.00001876
1626330622305000,0,110.60202400,0.00001878
1626330632167000,1,103.00000000,0.00001877
1626330658006000,0,324.79744800,0.00001877
1626331280938000,1,198.00000000,0.00001876
1626331280951000,1,2939.00000000,0.00001876
1626331281344000,1,863.00000000,0.00001876
1626331313474000,0,11.08323400,0.00001876
1626331522750000,0,10.78229500,0.00001875
1626331523607000,0,110.71951100,0.00001875
1626331544390000,0,110.71951100,0.00001876
1626331555051000,0,108.42112900,0.00001876
1626331622823000,0,109.71951100,0.00001876
1626331818996000,0,110.77856200,0.00001875
1626331947593000,0,469.08733600,0.00001876
1626332566306000,0,110.75818300,0.00001876
1626332571137000,0,1595.92109000,0.00001876
1626332587114000,0,1947.00000000,0.00001875
1626332598115000,0,1946.00000000,0.00001875
1626332598237000,0,0.92900379,0.00001875
1626332604063000,0,3851.00000000,0.00001876
1626332768453000,0,489.03538800,0.00001876
1626332841738000,1,8213.00000000,0.00001875
1626333203519000,1,278.24264200,0.00001878
1626333479952000,1,0.85795369,0.00001875
1626333652903000,0,110.54705400,0.00001876
1626333730708000,1,8188.00000000,0.00001874
1626333779316000,0,110.60705800,0.00001875
1626333883563000,0,113.89167600,0.00001876
1626333960019000,0,4000.00000000,0.00001877
1626334200630000,0,110.41125300,0.00001879
1626334224774000,0,110.41125300,0.00001878
1626334225053000,0,26.31718900,0.00001878
1626334457041000,0,11.87433400,0.00001877
1626334479122000,0,110.46586800,0.00001877
1626334492882000,0,1940.12389631,0.00001877
1626334492882000,0,4850.30974078,0.00001877
1626334566399000,1,2001.00000000,0.00001875
1626334566533000,1,287.00000000,0.00001875
1626334667906000,1,0.29095579,0.00001874
1626334667906000,1,3999.70904421,0.00001874
1626334791239000,1,110.75973800,0.00001875
1626334807571000,0,747.98065300,0.00001875
1626334832920000,0,221.54145500,0.00001876
1626335147894000,0,125.58891300,0.00001877
1626335551352000,1,4000.00000000,0.00001876
1626335559024000,1,110.63501000,0.00001877
1626335682596000,0,192.84936800,0.00001878
1626336007457000,0,198.51036700,0.00001878
1626336036651000,0,111.77618400,0.00001878
1626336080782000,0,116.26782700,0.00001878
1626336102352000,1,110.00000000,0.00001877
1626336102445000,1,0.73106500,0.00001877
1626336102445000,1,49.51064900,0.00001877
1626336600932000,0,4213.00000000,0.00001880
1626336999451000,1,4213.46036528,0.00001877
1626337151283000,1,3189.00000000,0.00001877
1626337151365000,1,811.00000000,0.00001877
1626337356731000,0,12259.00000000,0.00001878
1626337388612000,1,5354.00000000,0.00001878
1626337388624000,1,5354.00000000,0.00001878
1626337388645000,1,1551.00000000,0.00001878
1626337715531000,0,1947.59529007,0.00001877
1626337715531000,0,4868.98822518,0.00001877
1626337739170000,1,110.75454100,0.00001877
1626337739170000,1,21.24545900,0.00001877
1626337739255000,1,0.78280800,0.00001877
1626337939541000,1,221.00000000,0.00001876
1626337965353000,1,0.33222000,0.00001876
1626338023360000,0,110.75454100,0.00001876
1626338151470000,0,77.48700100,0.00001876
1626338151634000,1,53.41151300,0.00001876
1626338385394000,0,1944.44608642,0.00001879
1626338385395000,0,4861.11521605,0.00001879
1626338527756000,0,8220.00000000,0.00001879
1626338528015000,0,0.09213637,0.00001879
1626338528015000,0,1729.90786363,0.00001879
1626338528126000,0,703.00000000,0.00001879
1626338528147000,0,565.00000000,0.00001879
1626338537400000,0,3225.00000000,0.00001879
1626338537518000,0,2969.00000000,0.00001879
1626338843691000,0,373.00000000,0.00001878
1626338886516000,0,5749.00000000,0.00001878
1626338886679000,0,2097.60393764,0.00001878
1626338886679000,0,1970.39606236,0.00001878
1626338953470000,0,2029.60393764,0.00001878
1626339377544000,1,307.63921700,0.00001878
1626339399292000,0,110.66274300,0.00001879
1626339420103000,0,426.06048200,0.00001879
1626339463314000,0,2698.95334300,0.00001879
1626339464767000,0,15.29338700,0.00001879
1626339777615000,0,110.89086600,0.00001877
1626339777862000,0,27.53350600,0.00001877
1626339848793000,0,4874.92588870,0.00001876
1626339848795000,0,551.43966811,0.00001876
1626340498527000,1,22.46121600,0.00001876
1626340506546000,1,231.85111500,0.00001876
1626340662574000,0,84.00000000,0.00001876
1626340663203000,0,0.11158000,0.00001876
1626340663203000,0,467.88842000,0.00001876
1626340663208000,0,0.23345900,0.00001876
1626340663482000,0,6500.00000000,0.00001877
1626340663482000,0,3820.00000000,0.00001877
1626340663494000,0,180.00000000,0.00001877
1626340690245000,1,12.17181000,0.00001876
1626340777833000,0,23.68999000,0.00001876
1626340777833000,0,370.31001000,0.00001876
1626340777909000,0,3629.68999000,0.00001876
1626340814445000,1,4320.00000000,0.00001876
1626340883156000,1,56.48129900,0.00001875
1626340988308000,0,3267.00000000,0.00001879
1626340988468000,0,1053.00000000,0.00001879
1626341032725000,1,115.52938200,0.00001880
1626341053590000,1,223.65399000,0.00001880
1626341088860000,0,291.09630000,0.00001884
1626341346634000,1,246.00000000,0.00001880
1626341461041000,1,4000.00000000,0.00001879
1626341461041000,1,12013.00000000,0.00001879
1626341461067000,1,0.46036528,0.00001879
1626341461634000,1,4000.00000000,0.00001879
1626341666477000,1,104.00000000,0.00001880
1626341818612000,0,12259.00000000,0.00001883
1626341892099000,1,62.90382500,0.00001881
1626341908858000,1,461.95444200,0.00001881
1626341955451000,1,113.15449100,0.00001881
1626342104368000,1,26.78145000,0.00001882
1626342168714000,1,287.53099200,0.00001881
1626342240995000,1,12259.00000000,0.00001882
1626342955690000,1,100.00000000,0.00001881
1626342964142000,1,3493.18004100,0.00001881
1626343148161000,0,12259.00000000,0.00001887
1626343151851000,1,221.00000000,0.00001886
1626343235878000,1,25.00000000,0.00001884
1626343246071000,1,12259.00000000,0.00001884
1626343625326000,1,55.86640900,0.00001882
1626343692392000,1,16.27195500,0.00001883
1626343839810000,0,500.00000000,0.00001887
1626343995191000,1,322.00000000,0.00001885
1626344017851000,1,16.70506900,0.00001885
1626344057923000,1,325.00000000,0.00001885
1626344162484000,1,31.68948000,0.00001887
1626344182732000,1,1149.09324200,0.00001887
1626344284128000,0,204.00000000,0.00001885
1626344284176000,0,0.44884500,0.00001885
1626344303800000,1,7939.25190000,0.00001885
1626344369919000,1,376.46461700,0.00001884
1626344511697000,0,22.42716002,0.00001887
1626344543460000,0,1876.00000000,0.00001886
1626344549746000,0,8146.86548277,0.00001887
1626344549746000,0,4215.80000000,0.00001887
1626344549746000,0,38567.00000000,0.00001887
1626344549746000,0,3999.33451723,0.00001887
1626344550530000,0,1934.10434905,0.00001888
1626344550530000,0,4665.89565095,0.00001888
1626344551204000,0,168.00000000,0.00001888
1626344551503000,0,0.99766076,0.00001888
1626344553221000,0,4000.00000000,0.00001889
1626344564193000,1,1876.00000000,0.00001888
1626344604500000,0,2407.00000000,0.00001887
1626344604587000,0,5826.09183311,0.00001887
1626344610087000,1,7500.00000000,0.00001886
1626344623977000,0,8223.42084603,0.00001887
1626344735647000,0,8246.71766526,0.00001883
1626344735647000,0,3999.28233474,0.00001883
1626344735846000,0,801.00000000,0.00001883
1626344792838000,0,1951.49491079,0.00001884
1626344849553000,0,1953.79707948,0.00001884
1626344849553000,0,4884.49269871,0.00001884
1626345014814000,0,4748.00000000,0.00001885
1626345156839000,0,1956.47423452,0.00001885
1626345156839000,0,4890.52576548,0.00001885
1626345328242000,1,57.04312200,0.00001884
1626345361438000,1,199.68434300,0.00001887
1626345367874000,1,19.41816900,0.00001887
1626345715005000,0,237.61776359,0.00001890
1626345942384000,1,19.79438300,0.00001888
1626345947767000,1,31.12297300,0.00001888
1626345947803000,0,12259.00000000,0.00001890
1626345947858000,0,0.46036528,0.00001890
1626345984793000,1,62.05123200,0.00001890
1626345990807000,1,112.61949900,0.00001890
1626346006653000,1,36.46302900,0.00001890
1626346131946000,1,12048.00000000,0.00001890
1626346241606000,1,623.50950200,0.00001889
1626346263490000,1,556.71201700,0.00001889
1626346306909000,1,214.65195400,0.00001890
1626346371319000,0,98.80000000,0.00001890
1626346455581000,1,18.67617500,0.00001889
1626346549691000,0,886.00000000,0.00001892
1626346580581000,1,358.07959354,0.00001892
1626346636040000,0,1518.30317300,0.00001891
1626346707736000,1,606.76000000,0.00001891
1626346730341000,1,106.00000000,0.00001891
1626346730548000,1,213.89355700,0.00001891
1626346824055000,1,3918.00000000,0.00001890
1626346864868000,0,156.27000000,0.00001893
1626347094988000,1,682.00000000,0.00001892
1626347395330000,1,0.46035940,0.00001892
1626347395460000,1,4232.70000000,0.00001891
1626347395460000,1,4891.31498112,0.00001891
1626347395460000,1,1957.27526879,0.00001891
1626347395511000,1,4000.00000000,0.00001891
1626347408008000,1,26581.56551900,0.00001890
1626347491425000,0,2766.36042300,0.00001891
1626347555888000,0,2300.89018100,0.00001892
1626347683884000,1,8178.29720000,0.00001890
1626347683884000,1,4000.00000000,0.00001890
1626347684143000,0,646.00000000,0.00001890
1626347964435000,0,4000.00000000,0.00001892
1626347964435000,0,8282.35589794,0.00001892
1626347964435000,0,1957.79042606,0.00001892
1626347964435000,0,4892.95443821,0.00001892
1626347964435000,0,6878.66912179,0.00001893
1626348068480000,1,36809.00000000,0.00001887
1626348068480000,1,4407.60000000,0.00001887
1626348068480000,1,2774.40000000,0.00001887
1626348116049000,1,4000.00000000,0.00001889
1626348116049000,1,1962.96863594,0.00001889
1626348116049000,1,8310.63987455,0.00001889
1626348116049000,1,500.00000000,0.00001889
1626348116049000,1,4000.00000000,0.00001888
1626348116049000,1,7269.37137351,0.00001888
1626348117117000,0,11693.00000000,0.00001891
1626348212982000,1,12259.00000000,0.00001890
1626348213027000,1,0.43304828,0.00001890
1626348275650000,1,98.80000000,0.00001888
1626348317735000,0,4000.00000000,0.00001889
1626348317922000,1,388.00000000,0.00001889
1626348317945000,1,995.77661000,0.00001889
1626348929220000,1,848.87000000,0.00001888
1626349070230000,0,932.00000000,0.00001892
1626349070498000,0,428.00000000,0.00001892
1626349070527000,0,1278.00000000,0.00001892
1626349070541000,0,1362.00000000,0.00001892
1626349078712000,1,819.97254000,0.00001891
1626349130788000,0,419.00000000,0.00001891
1626349130856000,0,0.46907011,0.00001891
1626349634383000,1,110.94190100,0.00001889
1626350366763000,0,8302.45446212,0.00001889
1626350451681000,1,4000.00000000,0.00001888
1626350736692000,0,389.55409200,0.00001885
1626350875512000,1,1876.00000000,0.00001885
1626350875539000,1,2406.10000000,0.00001885
1626350917783000,0,12259.00000000,0.00001887
1626350959481000,0,8324.64172562,0.00001888
1626350973982000,0,3019.00000000,0.00001888
1626350974515000,0,5305.00000000,0.00001888
1626350977202000,0,0.64172562,0.00001888
1626350977202000,0,846.35827438,0.00001888
1626350977256000,0,7478.28345124,0.00001888
1626350977256000,0,4000.00000000,0.00001888
1626350977333000,0,8324.64172562,0.00001888
1626350978919000,0,8324.00000000,0.00001888
1626351005957000,0,0.64172562,0.00001888
1626351005957000,0,2378.35827438,0.00001888
1626351006560000,0,1929.00000000,0.00001888
1626351006793000,0,1295.00000000,0.00001888
1626351006956000,0,1929.00000000,0.00001888
1626351030587000,1,846.00000000,0.00001888
1626351032602000,1,8169.00000000,0.00001888
1626351037789000,0,4000.00000000,0.00001889
1626351080751000,0,8316.00000000,0.00001890
1626351082100000,0,0.93054455,0.00001890
1626351082100000,0,8316.93054455,0.00001890
1626351101254000,0,38.42732400,0.00001890
1626351121925000,0,1966.00000000,0.00001891
1626351121966000,0,0.18554106,0.00001891
1626351150305000,1,1968.00000000,0.00001891
1626351163320000,0,586.00000000,0.00001892
1626351217330000,0,726.00000000,0.00001891
1626351218455000,0,0.15000000,0.00001891
1626351218455000,0,2173.85000000,0.00001892
1626351218540000,0,1826.15000000,0.00001892
1626351218540000,0,8331.57027422,0.00001892
1626351220626000,0,8109.00000000,0.00001892
1626351285324000,1,2869.34234861,0.00001892
1626351290444000,1,374.00000000,0.00001892
1626351412917000,1,1962.23311893,0.00001890
1626351412917000,1,4904.76688107,0.00001890
1626351495573000,0,112.05400100,0.00001889
1626351516572000,0,78.52064000,0.00001888
1626351555403000,0,30.37346200,0.00001889
1626351563302000,0,170.68170400,0.00001889
1626351576705000,0,52.45253800,0.00001889
1626351594373000,1,4000.00000000,0.00001886
1626351606087000,0,156.84000000,0.00001887
1626351681459000,0,52.87217500,0.00001886
1626351771514000,1,25.13772200,0.00001884
1626352003087000,0,35.40749900,0.00001884
1626352057111000,0,8352.00000000,0.00001884
1626352057229000,0,0.71242878,0.00001884
1626352417925000,0,7500.00000000,0.00001885
1626353017014000,1,1974.00000000,0.00001886
1626353314410000,0,112.60593200,0.00001888
1626353324415000,0,111.95044700,0.00001887
1626353336531000,0,112.63137600,0.00001888
1626353377465000,1,112.00000000,0.00001887
1626353377658000,1,0.69106400,0.00001887
1626353395994000,1,48.18275700,0.00001887
1626353874490000,1,171.01610000,0.00001889
1626354019796000,0,12146.00000000,0.00001891
1626354036909000,0,7686.00000000,0.00001892
1626354041840000,0,5100.00000000,0.00001892
1626354042005000,0,0.94874742,0.00001892
1626354087646000,0,859.00000000,0.00001893
1626354087683000,0,7477.19854598,0.00001893
1626354171726000,0,249.00000000,0.00001894
1626354189089000,1,12258.00000000,0.00001893
1626354213630000,1,605.82000000,0.00001892
1626354476471000,0,168.36953400,0.00001892
1626354578253000,0,225.62447500,0.00001891
1626354621813000,1,3560.00000000,0.00001888
1626354621940000,1,246.00000000,0.00001888
1626354622114000,1,29524.00000000,0.00001888
1626354635291000,1,0.24748544,0.00001888
1626354665473000,0,653.48000000,0.00001889
1626354713831000,0,102.27059900,0.00001889
1626354768765000,1,158.10366514,0.00001888
1626354783887000,1,118.57774886,0.00001888
1626354786642000,1,71.14664931,0.00001888
1626354856610000,0,112.32233600,0.00001890
1626354988369000,0,7323.93329804,0.00001889
1626354994721000,0,1028.71003119,0.00001889
1626354994721000,0,4000.00000000,0.00001889
1626354994721000,0,3407.60442090,0.00001889
1626355073322000,0,11.14917000,0.00001889
1626355114975000,0,112.47988800,0.00001889
1626355226955000,0,72.60620000,0.00001886
1626355338146000,0,148.48962300,0.00001886
1626355348465000,0,19.76387300,0.00001885
1626355449287000,0,112.67492100,0.00001886
1626355456208000,0,917.25040837,0.00001886
1626355486654000,0,98.80000000,0.00001886
1626355487010000,0,1978.66879288,0.00001886
1626355501390000,0,2328.00000000,0.00001886
1626355503219000,0,6916.00000000,0.00001886
1626355503226000,0,0.36919264,0.00001886
1626355624820000,0,112.63772100,0.00001889
1626355631634000,1,12259.00000000,0.00001888
1626355638600000,1,4000.00000000,0.00001886
1626355638600000,1,3977.70000000,0.00001886
1626355638600000,1,1980.30000000,0.00001886
1626355646464000,0,12259.00000000,0.00001887
1626355646860000,0,16.61684200,0.00001888
1626355691898000,1,12259.00000000,0.00001886
1626355697809000,1,4000.00000000,0.00001885
1626355730211000,1,1966.95455995,0.00001886
1626355909510000,1,4000.00000000,0.00001885
1626356013139000,0,112.02267600,0.00001885
1626356099978000,0,111.92689100,0.00001884
1626356105547000,0,449.66950000,0.00001884
1626356116409000,0,1971.26788741,0.00001883
1626356116410000,0,4928.16971853,0.00001883
1626356164766000,0,112.08213600,0.00001884
1626356208478000,1,1969.84863013,0.00001883
1626356208478000,1,4924.62156987,0.00001883
1626356272473000,0,112.20176700,0.00001884
1626356293442000,0,112.12949000,0.00001884
1626356293688000,0,11.14337400,0.00001884
1626356383140000,0,2629.90777838,0.00001885
1626356383223000,0,159.03570685,0.00001886
1626356465319000,0,315.03000000,0.00001886
1626356585017000,0,861.45936881,0.00001886
1626356765685000,0,236.30000000,0.00001886
1626356983150000,1,4926.60301503,0.00001885
1626356983150000,1,1970.64119497,0.00001885
1626357174364000,1,606.86000000,0.00001883
1626357245445000,0,157.49000000,0.00001886
1626357666859000,1,12.43833100,0.00001888
1626357804844000,1,283.97173300,0.00001884
1626358053630000,1,25.70831200,0.00001885
1626358386124000,0,1569.36000000,0.00001891
1626358457992000,1,17.90964900,0.00001890
1626358516733000,1,19.32033100,0.00001890
1626358535492000,1,19.32943700,0.00001890
1626358569595000,1,98.80000000,0.00001890
1626358573286000,1,8160.00000000,0.00001890
1626358652536000,1,2682.00000000,0.00001889
1626358652567000,1,230.00000000,0.00001889
1626358652599000,1,5384.74395330,0.00001889
1626358652914000,1,8296.00000000,0.00001889
1626358798336000,1,1105.80284000,0.00001889
1626358815710000,1,5003.00000000,0.00001890
1626358923349000,1,2012.00000000,0.00001890
1626359278350000,0,8328.00000000,0.00001891
1626359309685000,0,0.92492425,0.00001891
1626359309685000,0,8328.07507575,0.00001891
1626359309755000,0,0.84984850,0.00001891
1626359312761000,0,8328.00000000,0.00001891
1626359402085000,0,0.92492425,0.00001891
1626359402085000,0,2998.07507575,0.00001891
1626359402562000,0,8329.00000000,0.00001891
1626359402586000,0,0.76013152,0.00001891
1626359462558000,0,4000.00000000,0.00001891
1626359515737000,0,3406.00000000,0.00001891
1626359515794000,0,4926.72065033,0.00001891
1626359515794000,0,3067.27934967,0.00001891
1626359517092000,0,8154.55948486,0.00001891
1626359522644000,0,3779.00000000,0.00001891
1626359522683000,0,221.00000000,0.00001891
1626359523126000,0,2463.00000000,0.00001891
1626359981589000,0,782.00000000,0.00001890
1626359981671000,0,782.00000000,0.00001890
1626359984157000,0,542.00000000,0.00001890
1626359984258000,0,542.00000000,0.00001890
1626359984370000,0,706.00000000,0.00001890
1626359985960000,0,4146.00000000,0.00001890
1626360114159000,0,3530.00000000,0.00001890
1626360135728000,0,972.95776600,0.00001889
1626360135728000,0,2572.04223400,0.00001889
1626360138881000,0,2758.00000000,0.00001889
1626360140582000,0,1169.00000000,0.00001889
1626360140582000,0,0.95776600,0.00001889
1626360245158000,0,4000.00000000,0.00001889
1626360544956000,0,98.80000000,0.00001890
1626360558611000,0,333.05746000,0.00001890
1626361034288000,1,1963.39850632,0.00001889
1626361034288000,1,4911.56968751,0.00001889
1626361085069000,0,156.79000000,0.00001890
1626361087785000,0,783.78000000,0.00001890
1626361445285000,0,1571.72000000,0.00001891
1626361560200000,0,2209.00000000,0.00001893
1626361560214000,0,2209.00000000,0.00001893
1626361560227000,0,2209.00000000,0.00001893
1626361565281000,0,1569.87000000,0.00001893
1626361873386000,0,37176.00000000,0.00001894
1626362566265000,0,111.79938700,0.00001893
1626362619762000,1,770.00000000,0.00001893
1626362619769000,1,0.10036900,0.00001893
1626363160229000,0,8325.00000000,0.00001893
1626363160253000,0,0.26758693,0.00001893
1626363184776000,0,784.15000000,0.00001893
1626363305061000,0,157.13000000,0.00001894
1626363427064000,0,784.97000000,0.00001894
1626363921728000,0,892.00000000,0.00001893
1626363969139000,1,679.18081900,0.00001892
1626364331707000,1,3843.99226000,0.00001894
1626364468657000,1,172.00000100,0.00001894
1626364571570000,0,507.00000000,0.00001896
1626364591811000,0,0.44743506,0.00001896
1626364591811000,0,58.14169996,0.00001896
1626364714364000,1,513.11000000,0.00001893
1626364797998000,1,98.80000000,0.00001894
1626364798964000,1,2431.00000000,0.00001894
1626364805259000,1,0.36334697,0.00001894
1626364805259000,1,2534.56071366,0.00001893
1626364805259000,1,2505.66660641,0.00001893
1626364805259000,1,3708.00000000,0.00001893
1626364809188000,0,1967.52498832,0.00001894
1626364809188000,0,1175.64501168,0.00001894
1626364892399000,1,4000.00000000,0.00001893
1626364944271000,0,2480.00000000,0.00001894
1626364947047000,0,5520.00000000,0.00001894
1626365302613000,1,12259.23941422,0.00001892
1626365426122000,0,62.44617300,0.00001894
1626365426122000,0,12258.55382700,0.00001894
1626365636175000,1,9096.00000000,0.00001895
1626365656815000,1,4000.00000000,0.00001895
1626365792889000,1,3162.55382700,0.00001895
1626365819626000,1,3837.60000000,0.00001894
1626365819626000,1,166.40000000,0.00001894
1626365825831000,1,1858.00000000,0.00001893
1626365825895000,1,2142.00000000,0.00001893
1626366485717000,0,1977.31759665,0.00001891
1626366485717000,0,1022.70240335,0.00001891
1626366506200000,0,109.72978200,0.00001891
1626366513121000,1,2480.00000000,0.00001890
1626366513190000,1,0.43488361,0.00001890
1626366526499000,0,799.81128300,0.00001891
1626366544164000,0,22.37908000,0.00001891
1626366572891000,0,109.74378100,0.00001890
1626366603966000,0,10.98132500,0.00001890
1626366807671000,0,27.49193800,0.00001889
1626366848817000,0,12259.00000000,0.00001890
1626366974522000,0,7000.00000000,0.00001890
1626366974522000,0,2885.17143100,0.00001890
1626367180671000,0,8395.52778669,0.00001891
1626367180671000,0,2690.00000000,0.00001891
1626367223417000,1,5145.00000000,0.00001890
1626367224024000,1,7114.00000000,0.00001890
1626367255816000,0,136.75900500,0.00001891
1626367345259000,1,131.00000000,0.00001890
1626367506583000,0,6500.00000000,0.00001891
1626367506583000,0,12259.00000000,0.00001891
1626367551913000,1,500.00000000,0.00001890
1626367702317000,1,5475.00000000,0.00001892
1626367702398000,1,0.33111500,0.00001892
1626367719723000,1,2264.00000000,0.00001891
1626367758004000,0,2978.00000000,0.00001892
1626367768791000,0,2496.00000000,0.00001892
1626368175326000,1,1667.00000000,0.00001891
1626368343217000,0,859.00000000,0.00001893
1626368364215000,0,719.00000000,0.00001894
1626368364353000,0,140.00000000,0.00001894
1626368655653000,1,1252.00000000,0.00001894
1626368864503000,1,9966.00000000,0.00001892
1626368926834000,0,10877.66021300,0.00001893
1626368966326000,0,4000.00000000,0.00001894
1626368966326000,0,4948.12680743,0.00001894
1626368966326000,0,3850.60000000,0.00001894
1626368966326000,0,859.00000000,0.00001894
1626368969980000,0,11218.00000000,0.00001895
1626368979336000,1,4000.00000000,0.00001893
1626368979353000,0,8259.00000000,0.00001893
1626368987482000,1,1609.01718000,0.00001891
1626368987535000,1,171.69900000,0.00001891
1626368987619000,1,3169.87752847,0.00001891
1626368987619000,1,1980.23748339,0.00001891
1626369011073000,1,1983.02904233,0.00001886
1626369011073000,1,4963.71132767,0.00001886
1626369015899000,1,1995.44275993,0.00001886
1626369019175000,0,162.18081200,0.00001885
1626369020647000,1,1999.24449760,0.00001883
1626369020647000,1,4988.60689984,0.00001882
1626369020647000,1,4012.14860256,0.00001882
1626369021400000,1,1999.24449760,0.00001882
1626369021400000,1,3999.99999240,0.00001882
1626369021463000,1,0.00000760,0.00001882
1626369021468000,0,1999.99999240,0.00001882
1626369022468000,0,4000.00000000,0.00001883
1626369023515000,1,1374.00000000,0.00001883
1626369025990000,1,1538.00000000,0.00001882
1626369026003000,1,3334.85140504,0.00001882
1626369026856000,0,2000.39389938,0.00001883
1626369026856000,0,5001.86037194,0.00001884
1626369027220000,0,98.80000000,0.00001884
1626369027331000,0,1901.00000000,0.00001884
1626369027447000,0,0.59389938,0.00001884
1626369028082000,0,2000.39389938,0.00001885
1626369028082000,0,2996.92842062,0.00001885
1626369032252000,0,4137.00000000,0.00001886
1626369032252000,0,511.00000000,0.00001886
1626369032263000,0,1486.55820344,0.00001886
1626369032263000,0,4993.40881226,0.00001886
1626369051001000,1,4991.25197242,0.00001884
1626369051001000,1,1996.74802758,0.00001884
1626369052205000,0,144.00000000,0.00001885
1626369053081000,1,4000.00000000,0.00001883
1626369066438000,1,4000.00000000,0.00001882
1626369078627000,0,5009.01951786,0.00001883
1626369078627000,0,2003.70936122,0.00001883
1626369091103000,0,2003.00000000,0.00001882
1626369154310000,0,11864.00000000,0.00001883
1626369170649000,0,2000.00000000,0.00001882
1626369196756000,0,2000.00000000,0.00001882
1626369212730000,1,2850.00000000,0.00001881
1626369231141000,1,2655.00000000,0.00001882
1626369234939000,1,6359.00000000,0.00001882
1626369236756000,0,2001.00000000,0.00001882
1626369323939000,0,4000.00000000,0.00001883
1626369327927000,0,7270.00000000,0.00001883
1626369328089000,0,2144.00000000,0.00001883
1626369350726000,0,94.00000000,0.00001884
1626369350728000,0,1905.95367339,0.00001884
1626369350728000,0,2845.46036528,0.00001884
1626369578022000,0,6391.32804800,0.00001887
1626369754790000,0,2690.00000000,0.00001889
1626369754790000,0,859.00000000,0.00001889
1626369777066000,0,4992.81444131,0.00001891
1626369777066000,0,1997.12577652,0.00001891
1626369777066000,0,4992.81444131,0.00001891
1626369777066000,0,1997.23720086,0.00001891
1626369777075000,0,0.00001642,0.00001891
1626369777479000,0,1935.22861518,0.00001892
1626369777675000,0,264.00000000,0.00001892
1626369777704000,0,10782.08893223,0.00001892
1626369806328000,1,98.80000000,0.00001891
1626369806377000,1,1896.21464991,0.00001891
1626369824690000,1,3728.60000000,0.00001889
1626369824690000,1,1997.12577652,0.00001889
1626369824690000,1,4992.81443348,0.00001889
1626369824962000,1,0.00000783,0.00001889
1626369871296000,1,12259.00000000,0.00001887
1626369968906000,0,8464.76220686,0.00001890
1626369968906000,0,3772.07030914,0.00001890
1626369990650000,1,10.71796900,0.00001888
1626370002780000,1,744.81608700,0.00001888
1626370085143000,0,500.02000000,0.00001890
1626370094911000,0,313.72704900,0.00001890
1626370191711000,0,12259.00000000,0.00001892
1626370198580000,0,8308.73260000,0.00001893
1626370205139000,0,482.92000000,0.00001895
1626370237866000,0,3000.00000000,0.00001892
1626370566843000,1,1992.06064424,0.00001890
1626370566843000,1,4979.39619576,0.00001890
1626370566864000,1,0.00000685,0.00001890
1626370571258000,1,3593.00000000,0.00001889
1626370572142000,1,8666.00000000,0.00001889
1626370641690000,0,1997.00000000,0.00001889
1626370641807000,0,0.99090991,0.00001889
1626370812751000,0,12259.00000000,0.00001890
1626370823702000,1,8226.76510000,0.00001889
1626370823702000,1,7773.23490000,0.00001889
1626370823769000,1,1996.08523745,0.00001889
1626370824565000,1,1995.97142296,0.00001887
1626370824587000,1,159.70399126,0.00001887
1626370824589000,1,1060.68243601,0.00001887
1626370847568000,1,1997.42437719,0.00001886
1626370847581000,1,988.22890000,0.00001886
1626370847586000,1,10050.84503801,0.00001886
1626370848203000,1,12989.51395537,0.00001885
1626370848203000,1,4998.00888660,0.00001885
1626370848203000,1,1998.48289568,0.00001885
1626370849912000,0,12259.00000000,0.00001885
1626370849927000,0,0.46036528,0.00001885
1626370865204000,0,239.64000000,0.00001885
1626370887390000,0,1997.42437719,0.00001889
1626370887390000,0,4993.56094298,0.00001889
1626370887390000,0,5246.01467983,0.00001889
1626370888128000,0,886.73838322,0.00001890
1626370888339000,0,1959.31762291,0.00001890
1626370888348000,0,499.00370222,0.00001890
1626370898580000,0,4434.00000000,0.00001892
1626370898640000,0,0.70000000,0.00001892
1626370900808000,1,627.95760000,0.00001891
1626370900821000,1,168.18350000,0.00001891
1626370900822000,1,66.30150000,0.00001891
1626370901196000,0,4000.00000000,0.00001890
1626370901296000,1,1476.00000000,0.00001889
1626370901518000,1,815.99999999,0.00001889
1626370901609000,1,9854.34641472,0.00001889
1626370902738000,0,1996.36697943,0.00001890
1626370902738000,0,4203.63302057,0.00001890
1626370902738000,0,787.28442800,0.00001890
1626370909355000,0,19.38936700,0.00001890
1626370909355000,0,1995.61063300,0.00001890
1626370909372000,0,0.43000465,0.00001890
1626370909559000,0,4990.91744857,0.00001890
1626370909559000,0,1238.08255143,0.00001891
1626370909705000,0,2412.71744857,0.00001891
1626370909705000,0,12971.04870428,0.00001891
1626370925464000,0,159.73000000,0.00001892
1626370967212000,1,1871.00000000,0.00001889
1626370990530000,0,3650.80000000,0.00001892
1626370990530000,0,1995.20000000,0.00001892
1626370990586000,0,0.04122597,0.00001892
1626370992871000,1,1994.21675546,0.00001891
1626370992871000,1,6388.46036528,0.00001891
1626371058535000,0,8454.28505070,0.00001890
1626371058535000,0,1996.53262180,0.00001890
1626371058535000,0,4991.18232750,0.00001890
1626371058557000,0,0.14922699,0.00001890
1626371165489000,0,239.52000000,0.00001891
1626371332713000,1,62.03148400,0.00001892
1626371465172000,0,319.60000000,0.00001896
1626371561824000,0,14.68950000,0.00001895
1626371562440000,0,0.00007600,0.00001895
1626371562440000,0,1996.33093831,0.00001896
1626371562440000,0,4989.66898569,0.00001896
1626371573217000,0,4536.00000000,0.00001896
1626371589292000,0,1982.00000000,0.00001896
1626371645221000,0,797.58000000,0.00001896
1626371659037000,1,258.01728174,0.00001895
1626371685799000,1,1998.11619603,0.00001893
1626371686137000,1,5116.00000000,0.00001893
1626371725620000,1,1402.00000000,0.00001893
1626371799157000,1,20.48999000,0.00001893
1626371886365000,0,159.59000000,0.00001896
1626371926975000,1,45.17193900,0.00001894
1626372002612000,1,22.59650200,0.00001894
1626372020863000,1,2005.68940100,0.00001895
1626372083176000,1,20.47087900,0.00001895
1626372645547000,0,3366.00000000,0.00001896
1626372645603000,0,3366.00000000,0.00001896
1626372645904000,0,1939.00000000,0.00001896
1626372666786000,0,3588.00000000,0.00001897
1626372666827000,0,0.46036528,0.00001897
1626372717530000,1,25.85661600,0.00001896
1626372777682000,1,19.50889500,0.00001896
1626372780329000,1,277.79697000,0.00001896
1626372868471000,0,2690.00000000,0.00001898
1626372868471000,0,8411.67954970,0.00001898
1626372868471000,0,4000.00000000,0.00001898
1626372868616000,0,8411.67954970,0.00001898
1626372872036000,0,1863.00000000,0.00001898
1626372872448000,0,1548.00000000,0.00001898
1626372872518000,0,589.00000000,0.00001898
1626372872518000,0,959.00000000,0.00001898
1626372876766000,0,1731.00000000,0.00001898
1626372876766000,0,859.00000000,0.00001898
1626372911868000,1,12.93416500,0.00001897
1626372964611000,1,403.42416300,0.00001897
1626373101397000,1,31.75000000,0.00001897
1626373185148000,1,488.99799400,0.00001897
1626373323396000,1,1398.00000000,0.00001901
1626373350307000,1,1253.00000000,0.00001900
1626373350340000,1,726.50543202,0.00001900
1626373495602000,1,10861.00000000,0.00001900
1626373569682000,0,1438.48480000,0.00001900
1626374146680000,1,340.00000000,0.00001899
1626374214980000,0,505.00000000,0.00001902
1626374215019000,0,0.82533351,0.00001902
1626374766554000,0,268.55969515,0.00001902
1626374766554000,0,47.91030485,0.00001902
1626374826302000,0,12259.00000000,0.00001903
1626374837555000,1,1979.46799148,0.00001902
1626374839174000,1,2000.00000000,0.00001901
1626374885297000,1,1981.61912912,0.00001900
1626375000927000,1,350.00000000,0.00001899
1626375001740000,1,4943.00000000,0.00001899
1626375073912000,1,4000.00000000,0.00001899
1626375171445000,0,1849.00000000,0.00001900
1626375171511000,0,127.19617928,0.00001900
1626375228405000,1,100.95415600,0.00001900
1626375669425000,0,646.00000000,0.00001902
1626375681667000,0,4647.00000000,0.00001902
1626375955299000,1,18.74768000,0.00001901
1626376052615000,0,39.05149763,0.00001903
1626376293348000,1,205.76474900,0.00001902
1626376405413000,1,323.95043739,0.00001903
1626376577310000,1,398.05183146,0.00001901
1626376595399000,0,1973.25726837,0.00001902
1626376600789000,1,8355.00000000,0.00001901
1626376602799000,1,1209.00000000,0.00001901
1626376608657000,1,4961.00000000,0.00001900
1626376624592000,1,4000.00000000,0.00001900
1626376625538000,1,553.00000000,0.00001900
1626376625829000,1,3447.00000000,0.00001900
1626376641416000,1,6961.00000000,0.00001899
1626376735344000,0,98.80000000,0.00001899
1626376735411000,0,1874.73788000,0.00001899
1626376755816000,0,1966.48461000,0.00001899
1626376769813000,0,4000.00000000,0.00001900
1626376769813000,0,1966.00000000,0.00001900
1626376770017000,0,0.48461280,0.00001900
1626376770017000,0,145.51538720,0.00001900
1626376770019000,0,354.48461280,0.00001900
1626376770610000,0,4000.00000000,0.00001900
1626376770636000,0,500.00000000,0.00001900
1626376773497000,1,1499.94930000,0.00001898
1626376798372000,1,1821.00000000,0.00001899
1626376798738000,1,39.05149763,0.00001899
1626376798892000,1,972.00000000,0.00001899
1626376798899000,1,1167.94850237,0.00001899
1626376806217000,1,305.00000000,0.00001898
1626376833568000,1,4000.00000000,0.00001897
1626377000205000,0,4000.00000000,0.00001899
1626377000205000,0,5431.89150900,0.00001899
1626377045725000,0,4000.00000000,0.00001898
1626377045725000,0,2915.20048636,0.00001899
1626377045725000,0,154.78951364,0.00001899
1626377069565000,0,1319.62578600,0.00001899
1626378185770000,0,157.57000000,0.00001903
1626378798567000,1,1093.23844900,0.00001907
1626378802479000,0,504.21356930,0.00001908
1626378840416000,1,23.76663700,0.00001908
1626380477978000,0,2000.00000000,0.00001905
1626380585561000,0,187.67948100,0.00001905
1626380674276000,0,1960.99576675,0.00001904
1626380674276000,0,1008.29149825,0.00001905
1626380817988000,0,4892.60052650,0.00001909
1626380817988000,0,1956.86053532,0.00001909
1626381300792000,0,11.87308000,0.00001908
1626381300792000,0,1957.48107850,0.00001909
1626381761058000,0,111.64286300,0.00001907
1626381933511000,0,4000.00000000,0.00001907
1626381933511000,0,500.00000000,0.00001907
1626381933511000,0,5295.86621800,0.00001908
1626382085118000,0,156.57000000,0.00001906
1626382464234000,0,1397.91514000,0.00001903
1626382481353000,0,111.58130000,0.00001903
1626382625627000,0,782.11000000,0.00001902
1626382627977000,0,391.02000000,0.00001902
1626382674064000,0,1278.66487200,0.00001902
1626382702149000,1,46.52479244,0.00001902
1626382702152000,1,0.94948556,0.00001902
1626383525275000,0,779.24000000,0.00001908
1626383705859000,0,389.68000000,0.00001908
1626384243683000,0,2153.98319600,0.00001909
1626384546009000,0,1600.02000000,0.00001907
1626384555986000,0,26.87982100,0.00001907
1626384577135000,0,153.15184700,0.00001907
1626384600733000,1,8264.00000000,0.00001905
1626384806476000,0,111.52360000,0.00001902
1626384918328000,0,1845.02972471,0.00001902
1626384918328000,0,4890.97027529,0.00001902
1626384918394000,0,0.41303648,0.00001902
1626384976194000,1,98.80000000,0.00001902
1626384976465000,1,487.00000000,0.00001902
1626384976508000,1,0.56672700,0.00001902
1626385448471000,0,1959.32408091,0.00001901
1626385448471000,0,4898.31202208,0.00001901
1626385878870000,0,1839.00000000,0.00001898
1626385898967000,1,71.20063357,0.00001894
1626385898967000,1,106.79936643,0.00001894
1626385899128000,1,0.00791973,0.00001894
1626385899128000,1,7323.92537831,0.00001893
1626385899167000,1,995.36772169,0.00001893
1626385899167000,1,7440.94673040,0.00001892
1626385938937000,0,1964.88500481,0.00001895
1626386006143000,0,226.91328300,0.00001896
1626386105254000,0,1566.90000000,0.00001895
1626386285112000,0,234.51000000,0.00001891
1626386435860000,0,110.00000000,0.00001892
1626386436462000,0,4230.00000000,0.00001892
1626386436546000,0,4230.00000000,0.00001892
1626386437253000,0,8029.00000000,0.00001892
1626386663540000,0,962.63386600,0.00001895
1626387502167000,0,1961.78046466,0.00001892
1626387512058000,1,26.62539400,0.00001891
1626387780009000,0,1962.00000000,0.00001896
1626387780069000,0,0.04000188,0.00001896
1626387849208000,1,57.52002200,0.00001896
1626387891198000,1,1499.82952199,0.00001897
1626387894517000,1,953.86514727,0.00001897
1626388052501000,1,19.27435500,0.00001897
1626388104718000,1,14.50442100,0.00001897
1626388323061000,1,1016.00000000,0.00001897
1626388376267000,1,8190.00000000,0.00001896
1626388376291000,1,3053.46036528,0.00001896
1626388494138000,1,350.00000000,0.00001896
1626388494312000,1,7942.00000000,0.00001896
1626388566473000,1,0.82888018,0.00001896
1626389926748000,1,241.66701500,0.00001890
1626390053070000,0,98.80000000,0.00001893
1626390163532000,0,186.00000000,0.00001891
1626390163661000,0,0.50000000,0.00001891
1626390204222000,1,437.00000000,0.00001891
1626390362681000,0,19.75220000,0.00001890
1626390362752000,0,0.00003800,0.00001890
1626390744410000,1,2114.88923200,0.00001889
1626392665118000,1,504.21356930,0.00001883
1626392888415000,0,19.87337600,0.00001884
1626392909112000,0,17.13056900,0.00001883
1626392950756000,0,18.56025900,0.00001884
1626392986816000,1,16.80900000,0.00001883
1626392989665000,1,0.00077000,0.00001883
1626393125729000,0,238.02000000,0.00001881
1626393207796000,0,66.30736300,0.00001880
1626393330860000,1,81.99100000,0.00001878
1626393483677000,1,48.00900000,0.00001878
1626393484435000,1,19.27026200,0.00001877
1626393545799000,0,158.73000000,0.00001878
1626393594188000,1,486.55507151,0.00001877
1626393668595000,0,2393.61000000,0.00001879
1626393695575000,0,4435.30000000,0.00001881
1626393695575000,0,1970.70000000,0.00001881
1626393695634000,0,0.35528960,0.00001881
1626393699461000,0,4921.05239005,0.00001884
1626393699461000,0,1967.91499971,0.00001884
1626393699615000,0,12791.44749809,0.00001885
1626393699726000,1,500.00000000,0.00001885
1626393884512000,0,117.08390100,0.00001881
1626394116645000,0,19.47799300,0.00001879
1626394527454000,0,12160.00000000,0.00001892
1626394534890000,0,3833.00000000,0.00001893
1626394535008000,0,0.50000000,0.00001893
1626394685449000,0,157.01000000,0.00001897
1626394813182000,0,19.33994500,0.00001891
1626394818768000,0,10.78295200,0.00001891
1626394856825000,1,4427.75740000,0.00001887
1626394858213000,1,5942.00536403,0.00001885
1626394858432000,1,6316.79463597,0.00001885
1626394861937000,1,5942.00536403,0.00001885
1626394875434000,0,1976.43651906,0.00001887
1626394875434000,0,4941.11079404,0.00001887
1626394886967000,0,98.80000000,0.00001887
1626394979811000,0,34.87372700,0.00001888
1626395227018000,0,233.00000000,0.00001887
1626395227040000,0,203.00000000,0.00001887
1626395300814000,0,349.50746500,0.00001887
1626395541616000,0,13.93843666,0.00001887
1626395650089000,1,373.70845883,0.00001886
1626395853864000,1,94.52900000,0.00001884
1626395864500000,1,0.00056700,0.00001884
1626396009038000,0,22.06064300,0.00001884
1626396347332000,0,27.00000000,0.00001884
1626396520112000,0,1059.64147700,0.00001883
1626396620926000,0,12259.00000000,0.00001882
1626396653852000,0,289.00000000,0.00001885
1626396771804000,0,3967.50000000,0.00001886
1626396895996000,0,1975.00000000,0.00001891
1626396896083000,0,0.02880798,0.00001891
1626397109372000,1,4013.50000000,0.00001897
1626397147321000,0,112.20014800,0.00001896
1626397237251000,0,7274.00000000,0.00001897
1626397237283000,0,1056.84720267,0.00001897
1626397251287000,0,1695.00000000,0.00001898
1626397251370000,0,3943.00000000,0.00001898
1626397251390000,0,2702.08933991,0.00001898
1626397276748000,0,507.00000000,0.00001898
1626397276820000,0,0.04275400,0.00001898
1626397326728000,0,8316.00000000,0.00001899
1626397326779000,0,0.04281599,0.00001899
1626397357209000,0,106.00000000,0.00001900
1626397357222000,0,0.79936643,0.00001900
1626397357222000,0,0.00791973,0.00001900
1626397460075000,0,94.52900000,0.00001901
1626397460489000,0,505.82533351,0.00001902
1626397460489000,0,1961.01714414,0.00001902
1626397468841000,0,504.21356930,0.00001908
1626397493564000,1,3183.00000000,0.00001907
1626397504889000,1,3914.50000000,0.00001906
1626397525240000,0,8027.88330000,0.00001909
1626397525240000,0,1952.42729000,0.00001909
1626397533943000,0,502.61204394,0.00001914
1626397533943000,0,0.92375646,0.00001915
1626397533943000,0,1946.36235158,0.00001915
1626397533943000,0,4865.43917931,0.00001915
1626397533943000,0,5478.57307871,0.00001915
1626397534458000,0,12656.74517264,0.00001916
1626397534458000,0,4863.90395861,0.00001916
1626397534858000,1,3249.00000000,0.00001916
1626397535465000,0,1944.14272645,0.00001917
1626397535465000,0,3311.61547355,0.00001917
1626397542830000,0,501.02066016,0.00001920
1626397544406000,0,8059.93730000,0.00001921
1626397546621000,0,8135.93330000,0.00001923
1626397547229000,0,1937.00000000,0.00001924
1626397548198000,0,499.43932193,0.00001926
1626397548198000,0,3703.40000000,0.00001926
1626397548198000,0,14331.64094807,0.00001926
1626397548345000,0,1935.05322799,0.00001927
1626397548345000,0,4837.63306998,0.00001927
1626397548345000,0,10028.31658203,0.00001927
1626397549351000,1,104.50478400,0.00001927
1626397551604000,1,47.55956126,0.00001927
1626397556746000,1,3914.00000000,0.00001926
1626397565045000,1,3914.00000000,0.00001923
1626397565105000,1,0.50000000,0.00001923
1626397565706000,1,98.80000000,0.00001922
1626397565714000,1,1837.25897291,0.00001922
1626397566169000,1,4840.14743000,0.00001921
1626397574895000,0,4845.96342030,0.00001923
1626397574895000,0,1937.82817798,0.00001923
1626397575201000,0,98.80000000,0.00001924
1626397575318000,0,1935.81380358,0.00001925
1626397575318000,0,4839.53450895,0.00001925
1626397578613000,0,6775.00000000,0.00001928
1626397584261000,0,51.22223328,0.00001931
1626397584261000,0,4824.74875861,0.00001931
1626397584261000,0,1929.79572958,0.00001931
1626397584261000,0,1194.23327853,0.00001931
1626397584330000,0,8077.94950000,0.00001931
1626397585751000,0,499.43932193,0.00001933
1626397585751000,0,3703.40000000,0.00001933
1626397585751000,0,8144.40080000,0.00001933
1626397588909000,1,3914.00000000,0.00001935
1626397588913000,1,0.50000000,0.00001935
1626397589270000,1,98.80000000,0.00001934
1626397589318000,1,108.64017485,0.00001934
1626397589476000,1,3792.55982515,0.00001934
1626397590379000,0,4160.00000000,0.00001935
1626397590671000,0,4160.00000000,0.00001938
1626397590717000,0,499.43932193,0.00001939
1626397590717000,0,71.20063357,0.00001940
1626397591369000,1,209.07480300,0.00001938
1626397593411000,1,20.76548000,0.00001940
1626397594665000,0,499.43932193,0.00001945
1626397594665000,0,4160.00000000,0.00001945
1626397595232000,1,500.00000000,0.00001947
1626397596095000,0,4160.00000000,0.00001947
1626397597396000,0,50.74001560,0.00001950
1626397597396000,0,4109.25998440,0.00001950
1626397598377000,1,500.00000000,0.00001950
1626397598499000,1,1552.16295000,0.00001949
1626397598499000,1,4282.20000000,0.00001948
1626397598499000,1,474.51261911,0.00001948
1626397598790000,1,70.13980000,0.00001949
1626397604336000,0,4160.00000000,0.00001949
1626397610256000,1,4282.20000000,0.00001943
1626397610611000,1,4282.20000000,0.00001941
1626397623285000,1,4282.20000000,0.00001940
1626397630068000,1,4282.20000000,0.00001939
1626397635187000,0,4228.00000000,0.00001943
1626397636549000,1,4160.00000000,0.00001944
1626397649004000,0,8023.32720000,0.00001939
1626397650454000,1,4235.00000000,0.00001938
1626397681197000,1,4115.70000000,0.00001935
1626397681197000,1,8060.25110000,0.00001935
1626397706793000,0,12259.00000000,0.00001937
1626397732856000,1,4160.00000000,0.00001938
1626397738124000,1,4160.00000000,0.00001938
1626397745474000,1,4160.00000000,0.00001938
1626397745474000,1,8121.00000000,0.00001938
1626397750759000,1,4160.00000000,0.00001937
1626397758789000,1,4160.00000000,0.00001936
1626397762894000,0,5079.00000000,0.00001938
1626397763184000,0,3042.00000000,0.00001938
1626397780482000,1,4160.00000000,0.00001937
1626397780648000,1,3026.00000000,0.00001937
1626397825340000,1,859.00000000,0.00001935
1626397829503000,1,2306.00000000,0.00001933
1626397830429000,1,3907.00000000,0.00001933
1626397833961000,1,4115.70000000,0.00001932
1626397833961000,1,8152.87960000,0.00001932
1626397833961000,1,4160.00000000,0.00001932
1626397834228000,1,500.00000000,0.00001931
1626397835119000,1,4115.00000000,0.00001930
1626397835125000,1,0.70000000,0.00001930
1626397858850000,0,8174.32935735,0.00001931
1626397858850000,0,4820.89823130,0.00001931
1626397858850000,0,1928.35929252,0.00001931
1626397874187000,1,2269.05570000,0.00001931
1626397879362000,0,7996.98330000,0.00001933
1626397879451000,0,98.80000000,0.00001933
1626397879493000,0,1143.35257781,0.00001933
1626397883561000,0,8038.00240000,0.00001935
1626397883561000,0,1925.95506000,0.00001935
1626397928577000,0,8144.90308000,0.00001935
1626397928875000,0,4813.12821758,0.00001936
1626397928875000,0,1925.14877000,0.00001936
1626397945435000,1,1065.00000000,0.00001934
1626397945498000,1,1065.00000000,0.00001934
1626397950638000,1,98.80000000,0.00001934
1626397950736000,1,1824.46192608,0.00001934
1626397969683000,1,3908.70000000,0.00001933
1626398088296000,1,12259.00000000,0.00001930
1626398088299000,1,0.46036528,0.00001930
1626398164638000,0,1081.78000000,0.00001928
1626398196093000,0,319.00000000,0.00001930
1626398196107000,0,319.00000000,0.00001930
1626398196790000,0,872.00000000,0.00001930
1626398196842000,0,10749.46036528,0.00001930
1626398207036000,1,1928.15118664,0.00001928
1626398207136000,1,1928.00000000,0.00001928
1626398207152000,1,1928.00000000,0.00001928
1626398227583000,1,256.18036278,0.00001928
1626398233517000,1,8403.00000000,0.00001929
1626398241055000,1,192.13527208,0.00001929
1626398261895000,0,1928.41468592,0.00001929
1626398261895000,0,4820.58531408,0.00001929
1626398261897000,0,0.45140073,0.00001929
1626398606935000,1,3690.70000000,0.00001927
1626398648881000,0,3136.00000000,0.00001927
1626398648918000,0,742.00000000,0.00001927
1626398839431000,1,583.00000000,0.00001925
1626398839467000,1,0.47902754,0.00001925
1626398867506000,1,583.00000000,0.00001925
1626398871721000,1,583.00000000,0.00001925
1626398876408000,1,159.00000000,0.00001925
1626399008770000,1,494.49695364,0.00001920
1626399008770000,1,7973.59900000,0.00001920
1626399008770000,1,8180.07381636,0.00001920
1626399008774000,1,0.00000650,0.00001920
1626399008816000,1,1563.89997000,0.00001919
1626399008978000,1,4830.15824238,0.00001919
1626399008978000,1,1932.05184435,0.00001919
1626399009170000,1,7000.00000000,0.00001918
1626399009235000,1,5559.97872000,0.00001918
1626399009936000,1,4000.00000000,0.00001915
1626399009936000,1,2500.00000000,0.00001915
1626399010034000,1,19.50500000,0.00001916
1626399079514000,0,1939.02576423,0.00001916
1626399079514000,0,4846.97423577,0.00001916
1626399193602000,1,8197.35747896,0.00001916
1626399196407000,1,1594.44529000,0.00001915
1626399196564000,1,496.04710083,0.00001914
1626399196564000,1,2440.65027482,0.00001914
1626399196564000,1,1936.98839984,0.00001914
1626399196564000,1,1937.41994826,0.00001914
1626399198985000,1,2482.00000000,0.00001914
1626399199089000,1,0.99892652,0.00001914
1626399202291000,1,2471.00000000,0.00001914
1626399204546000,1,0.93196341,0.00001914
1626399204546000,1,2427.06803659,0.00001913
1626399204547000,1,0.55083516,0.00001913
1626399225444000,1,2486.39776326,0.00001914
1626399225444000,1,6013.60223674,0.00001914
1626399225541000,1,2187.79703881,0.00001914
1626399225907000,1,1229.03241199,0.00001913
1626399225933000,1,6974.85408697,0.00001913
1626399225933000,1,1940.01722813,0.00001913
1626399225933000,1,4850.04307032,0.00001913
1626399227698000,1,8203.00000000,0.00001913
1626399227717000,1,0.88649896,0.00001913
1626399238193000,1,8203.00000000,0.00001913
1626399239715000,1,2465.00000000,0.00001913
1626399245704000,1,2440.00000000,0.00001913
1626399245705000,1,0.99843184,0.00001913
1626399250401000,1,2488.00000000,0.00001913
1626399261371000,1,50.74001560,0.00001912
1626399261371000,1,3755.65998439,0.00001912
1626399261432000,1,919.97000000,0.00001912
1626399261443000,1,212.03000000,0.00001912
1626399261644000,0,1941.03135109,0.00001914
1626399261644000,0,4852.57836891,0.00001914
1626399261673000,0,0.00000882,0.00001914
1626399264742000,1,6294.00000000,0.00001914
1626399301495000,1,2445.00000000,0.00001913
1626399301536000,1,0.11095709,0.00001913
1626399359854000,1,8201.00000000,0.00001913
1626399360783000,1,0.39806500,0.00001913
1626399360783000,1,238.60193500,0.00001913
1626399360865000,1,7962.79613000,0.00001913
1626399569049000,1,1939.11384987,0.00001912
1626399758802000,0,78.20150000,0.00001911
1626399909188000,0,2337.00000000,0.00001912
1626399973906000,0,110.93001300,0.00001911
1626400104638000,1,497.00000000,0.00001908
1626400104777000,1,0.60699738,0.00001908
1626400423210000,1,4427.20000000,0.00001905
1626400481356000,0,44030.00000000,0.00001909
1626400481356000,0,4002.00000000,0.00001909
1626400481356000,0,1943.21726388,0.00001909
1626400481356000,0,4858.04315969,0.00001909
1626400505504000,0,2489.19677105,0.00001912
1626400505504000,0,1940.16668733,0.00001912
1626400505504000,0,4850.41671831,0.00001912
1626400505772000,0,12608.00000000,0.00001913
1626400505869000,0,0.42516263,0.00001913
1626400754583000,0,8218.45266253,0.00001913
1626400770592000,0,8219.09906289,0.00001914
1626400770592000,0,4160.00000000,0.00001914
1626400965454000,1,500.00000000,0.00001914
1626400965461000,1,500.00000000,0.00001914
1626400991334000,0,615.69537645,0.00001915
1626400991412000,0,746.00000000,0.00001915
1626401009128000,0,6835.00000000,0.00001915
1626401009175000,0,0.20043967,0.00001915
1626401093580000,1,35.17592000,0.00001914
1626401251343000,0,8174.00000000,0.00001915
1626401251414000,0,0.66829611,0.00001915
1626401252637000,0,8174.00000000,0.00001915
1626401252893000,0,0.66829611,0.00001915
1626401253565000,0,8174.00000000,0.00001915
1626401283552000,0,0.66829611,0.00001915
1626401283552000,0,1856.33170389,0.00001916
1626401283556000,0,2303.66829611,0.00001916
1626401397671000,1,2293.19135600,0.00001916
1626402318721000,1,8168.14174778,0.00001915
1626402318721000,1,2625.46797222,0.00001915
1626402318777000,1,5378.39492778,0.00001915
1626402318777000,1,1931.60869008,0.00001915
1626402318777000,1,4829.02172519,0.00001915
1626402722532000,0,3999.00000000,0.00001918
1626403244061000,0,978.00000000,0.00001914
1626403244110000,0,978.00000000,0.00001914
1626403244272000,0,6240.79982138,0.00001914
1626403244401000,0,1962.00000000,0.00001914
1626403256016000,0,2865.00000000,0.00001914
1626403256112000,0,2865.00000000,0.00001914
1626403256458000,0,504.00000000,0.00001914
1626403306532000,0,0.79982138,0.00001914
1626403568662000,0,8185.37984758,0.00001915
1626403568662000,0,4159.62015242,0.00001915
1626403623555000,0,4160.00000000,0.00001915
1626403623555000,0,8174.00000000,0.00001915
1626403623626000,0,0.68668368,0.00001915
1626403624778000,0,8174.00000000,0.00001915
1626403644033000,0,0.68668368,0.00001915
1626403644033000,0,8195.06340792,0.00001916
1626403644033000,0,4160.00000000,0.00001916
1626403644033000,0,3940.24990840,0.00001916
1626403743109000,0,8173.25832692,0.00001918
1626404086227000,0,1930.77376705,0.00001916
1626404541740000,1,229.78699000,0.00001915
1626404570431000,0,1971.00000000,0.00001917
1626404570476000,0,1369.00000000,0.00001917
1626404684129000,0,4118.00000000,0.00001919
1626404684174000,0,5590.00000000,0.00001919
1626404684357000,0,2551.00000000,0.00001919
1626404687731000,1,39.66773100,0.00001918
1626404788782000,1,12259.00000000,0.00001917
1626405159704000,1,11.56294700,0.00001908
1626405267336000,0,13.88368900,0.00001909
1626405721675000,1,1933.87465724,0.00001910
1626405721721000,0,98.80000000,0.00001911
1626405721886000,0,4834.29391634,0.00001911
1626405721886000,0,4249.30000000,0.00001911
1626405721886000,0,1933.55470730,0.00001911
1626406355741000,0,1930.00000000,0.00001911
1626406355843000,0,0.66700626,0.00001911
1626406513768000,0,1929.64945756,0.00001911
1626406513768000,0,4160.00000000,0.00001911
1626406513768000,0,8182.64682039,0.00001911
1626406513768000,0,4824.12363205,0.00001911
1626406913908000,0,8176.52654956,0.00001914
1626406913908000,0,138.39246820,0.00001914
1626406940131000,0,1080.21650000,0.00001914
1626406940131000,0,4160.00000000,0.00001914
1626406940131000,0,1929.40377570,0.00001914
1626406940131000,0,48.47789662,0.00001915
1626407243083000,1,911.86719233,0.00001915
1626407243243000,1,1602.65296741,0.00001915
1626408800554000,0,1921.32703753,0.00001921
1626408845933000,0,154.32000000,0.00001922
1626409428456000,1,4160.00000000,0.00001915
1626409445426000,0,500.02000000,0.00001917
1626409505702000,0,153.55000000,0.00001916
1626409546445000,0,110.75514700,0.00001916
1626409609801000,0,247.55004200,0.00001916
1626410411403000,1,111.00000000,0.00001912
1626410783331000,1,1891.31999900,0.00001914
1626411282049000,1,594.48250000,0.00001914
1626411464460000,1,964.10849100,0.00001914
1626411653366000,0,275.00000000,0.00001912
1626411653458000,0,0.99506300,0.00001912
1626411808249000,0,166.64155400,0.00001913
1626411929719000,0,100.00000000,0.00001910
1626412788940000,1,98.80000000,0.00001909
1626412794178000,1,12.48760500,0.00001909
1626412794217000,1,4160.00000000,0.00001907
1626412794217000,1,3808.50000000,0.00001907
1626412796696000,1,4160.00000000,0.00001906
1626413045794000,1,993.90412600,0.00001907
1626413153393000,1,100.00000000,0.00001908
1626413156885000,1,510.10723200,0.00001908
1626413542137000,0,3949.05175117,0.00001913
1626413605743000,1,50.00000100,0.00001911
1626413626798000,1,15.71674800,0.00001911
1626413661326000,1,33.16008800,0.00001911
1626413912245000,1,834.65265000,0.00001909
1626413921551000,1,40683.00000000,0.00001909
1626413921551000,1,3644.50000000,0.00001909
1626413921551000,1,1941.13210202,0.00001909
1626413921551000,1,4852.36789798,0.00001909
1626413921570000,1,0.46235706,0.00001909
1626414005765000,0,155.21000000,0.00001910
1626414198699000,0,1942.14173331,0.00001910
1626415181491000,0,111.70253200,0.00001907
1626415486180000,0,1946.50158866,0.00001908
1626415486180000,0,1719.49841134,0.00001908
1626415486202000,0,3148.58263837,0.00001908
1626415643438000,0,2384.00000000,0.00001910
1626415684468000,1,1942.80934956,0.00001911
1626415735625000,1,36.78097700,0.00001909
1626416333762000,0,3233.00000000,0.00001909
1626416333786000,0,3233.00000000,0.00001909
1626416465461000,1,405.28839200,0.00001912
1626416528833000,1,24.91048400,0.00001912
1626416553685000,1,24.89686100,0.00001911
1626416611775000,1,50.91193100,0.00001912
1626416655478000,1,27.90329500,0.00001912
1626416700380000,1,12.99666600,0.00001912
1626416737301000,1,104.00000000,0.00001912
1626416760006000,1,21.81163800,0.00001912
1626416778292000,1,17.66939200,0.00001912
1626416819194000,1,22.95155300,0.00001913
1626416881229000,1,11.62964600,0.00001913
1626417272897000,1,200.00000000,0.00001911
1626417343411000,1,11305.00000000,0.00001910
1626417493476000,0,218.18989500,0.00001909
1626417513116000,0,27.38164900,0.00001908
1626417535533000,0,112.00453900,0.00001908
1626417826732000,0,21.86850500,0.00001906
1626417897847000,0,547.20491400,0.00001906
1626417942017000,1,115.00000000,0.00001905
1626417946906000,1,0.78045300,0.00001905
1626417946906000,1,32.83233500,0.00001905
1626417986197000,0,110.50221500,0.00001906
1626418016068000,0,112.31148200,0.00001906
1626418105852000,0,78.51890000,0.00001903
1626418121451000,1,499.00000000,0.00001901
1626418121458000,1,0.43932193,0.00001901
1626418141466000,1,1966.07235000,0.00001900
1626418320491000,1,1965.66789762,0.00001900
1626418320491000,1,4160.00000000,0.00001900
1626418320491000,1,296.85637422,0.00001900
1626418452758000,1,500.00000000,0.00001901
1626418459613000,1,3350.87827900,0.00001900
1626418501474000,0,7500.00000000,0.00001902
1626418501474000,0,8320.97834013,0.00001902
1626418501474000,0,2526.99695887,0.00001902
1626418608707000,0,112.30644700,0.00001902
1626419059467000,1,1876.00000000,0.00001900
1626419397234000,0,112.26675700,0.00001902
1626419400182000,0,11.22554000,0.00001901
1626419421945000,0,385.77503500,0.00001901
1626419422201000,0,17.24294300,0.00001901
1626419481730000,0,4160.00000000,0.00001901
1626419481730000,0,4047.73324300,0.00001902
1626419481730000,0,8303.33699058,0.00001902
1626419481730000,0,9838.36600000,0.00001902
1626419481730000,0,500.00000000,0.00001902
1626419481730000,0,3871.10000000,0.00001902
1626419481730000,0,1959.79987960,0.00001902
1626419481730000,0,4897.30320890,0.00001902
1626419481730000,0,2509.03119190,0.00001903
1626419481730000,0,8304.63913939,0.00001903
1626419481730000,0,6452.61584763,0.00001903
1626419486157000,0,112.32581400,0.00001902
1626419545089000,0,38.59784800,0.00001902
1626419614309000,0,224.53351400,0.00001902
1626419636960000,0,112.26675700,0.00001902
1626419637220000,0,13.27856700,0.00001902
1626419656430000,0,112.26675700,0.00001902
1626419656657000,0,16.78831300,0.00001902
1626419677192000,0,22.45056600,0.00001902
1626419677389000,0,10.95853600,0.00001902
1626419698789000,0,193.03092900,0.00001902
1626419778354000,0,4288.00000000,0.00001902
1626419888784000,0,901.87337000,0.00001902
1626419931656000,0,19.58362900,0.00001903
1626419952782000,0,13.97174700,0.00001903
1626419971701000,0,67.67069800,0.00001903
1626420144964000,1,113.15050700,0.00001899
1626420177395000,1,514.04772400,0.00001899
1626420187963000,0,16.81106900,0.00001901
1626420208933000,1,645.59797100,0.00001899
1626420236731000,1,112.00000000,0.00001901
1626420236779000,1,0.23607800,0.00001901
1626420378417000,1,947.00000000,0.00001900
1626420378445000,1,1420.00000000,0.00001900
1626420378467000,1,1218.00000000,0.00001900
1626420378842000,1,575.00000000,0.00001900
1626420416221000,0,112.88041500,0.00001902
1626420466382000,0,112.32014100,0.00001901
1626420553529000,0,112.35108400,0.00001902
1626420589835000,0,10.57889500,0.00001901
1626420595084000,0,115.78426200,0.00001901
1626420678488000,0,11.34903100,0.00001900
1626420682901000,0,219.87808200,0.00001900
1626420702068000,0,23.08743500,0.00001900
1626420785210000,0,43.94236500,0.00001900
1626420785210000,0,181.35695300,0.00001901
1626420790308000,0,110.09630700,0.00001901
1626420843257000,1,135.00000000,0.00001900
1626420843287000,1,0.47820100,0.00001900
1626420972623000,0,112.56778200,0.00001902
1626421027485000,1,11.94629100,0.00001901
1626421033990000,1,4160.00000000,0.00001899
1626421034522000,1,2295.00000000,0.00001899
1626421034568000,1,1865.00000000,0.00001899
1626421035266000,1,1734.00000000,0.00001899
1626421035320000,1,1734.00000000,0.00001899
1626421035369000,1,692.00000000,0.00001899
1626421035872000,1,4160.00000000,0.00001899
1626421054983000,1,347.00000000,0.00001899
1626421077532000,0,101.61233700,0.00001900
1626421144690000,0,47.85345700,0.00001900
1626421146367000,1,4160.00000000,0.00001898
1626421167610000,1,112.00000000,0.00001900
1626421208764000,1,0.41795600,0.00001900
1626421208764000,1,4160.00000000,0.00001900
1626421252375000,0,112.36139900,0.00001901
1626421252704000,0,243.35993000,0.00001901
1626421263120000,0,1016.25390100,0.00001900
1626421274452000,0,112.36139900,0.00001900
1626421295234000,0,112.42053600,0.00001900
1626421315860000,0,112.47973600,0.00001899
1626421357662000,0,115.91033400,0.00001899
1626421378706000,0,112.50554900,0.00001899
1626421383602000,1,1965.00000000,0.00001898
1626421611654000,0,11.25773100,0.00001899
1626421675692000,0,112.52929800,0.00001899
1626421825627000,0,524.77633800,0.00001897
1626421838995000,0,440.34277500,0.00001897
1626421917122000,0,310.35171200,0.00001897
1626421930253000,0,112.60452500,0.00001897
1626421974364000,0,121.03551300,0.00001896
1626422034493000,0,112.59522200,0.00001896
1626422034694000,0,22.03090000,0.00001896
1626422099020000,0,112.55843000,0.00001896
1626422161893000,0,112.55843000,0.00001896
1626422182738000,0,16.39829900,0.00001896
1626422182955000,0,22.02883200,0.00001896
1626422226153000,0,112.56360100,0.00001896
1626422226273000,0,77.30464500,0.00001896
1626422310426000,0,98.80000000,0.00001896
1626422352589000,0,226.21063100,0.00001897
1626422416752000,1,4160.00000000,0.00001898
1626422469930000,1,3729.00000000,0.00001898
1626422473082000,1,2007.00000000,0.00001897
1626422525421000,0,329.18770400,0.00001896
1626422547057000,0,3176.00000000,0.00001898
1626422560240000,1,224.93594300,0.00001897
1626422565308000,0,11.25706200,0.00001897
1626422566075000,1,4903.21655726,0.00001896
1626422566075000,1,503.78344274,0.00001896
1626422566265000,1,0.51273826,0.00001896
1626422645656000,0,156.60000000,0.00001898
1626422777406000,0,113.61036200,0.00001897
1626422787642000,0,1437.37301900,0.00001897
1626422802693000,0,15.34946034,0.00001897
1626422981162000,0,1968.36794913,0.00001897
1626422981162000,0,174.71713487,0.00001898
1626423104879000,0,1011.00912600,0.00001897
1626423171968000,1,501.02066016,0.00001895
1626423180351000,0,112.66339800,0.00001895
1626423180591000,0,22.05003300,0.00001895
1626423188472000,0,1807.75000000,0.00001895
1626423201807000,1,51.22200000,0.00001894
1626423206506000,1,0.00023328,0.00001894
1626423222634000,0,45.46629000,0.00001894
1626423266399000,0,112.78754300,0.00001893
1626423266504000,0,13.86990900,0.00001893
1626423320236000,0,158.31314500,0.00001894
1626423330644000,0,116.21581000,0.00001894
1626423356337000,0,21.66387100,0.00001894
1626423398451000,0,11.03588200,0.00001894
1626423465088000,0,38.07038700,0.00001894
1626423465202000,0,112.78754300,0.00001894
1626423465396000,0,3811.64231700,0.00001894
1626423465396000,0,4160.00000000,0.00001894
1626423465396000,0,1969.14309450,0.00001894
1626423465396000,0,445.85247450,0.00001894
1626423555310000,0,110.30654000,0.00001894
1626423576206000,0,551.53322100,0.00001894
1626423591913000,0,38.67890300,0.00001894
1626423592031000,0,11.28745000,0.00001894
1626423656219000,0,193.46180900,0.00001893
1626423681723000,0,221.40516500,0.00001893
1626423697492000,0,112.84712500,0.00001893
1626423718298000,0,107.88737500,0.00001893
1626423738907000,0,11.28460800,0.00001893
1626423782271000,0,25.38402500,0.00001894
1626423803857000,0,112.78754300,0.00001894
1626423804028000,0,8152.87360418,0.00001894
1626423804028000,0,4160.00000000,0.00001894
1626423804028000,0,1967.83008304,0.00001894
1626423804028000,0,482.58958078,0.00001894
1626423808348000,1,35.29708000,0.00001891
1626424211237000,1,119.17672629,0.00001893
1626424211350000,1,2843.92242099,0.00001893
1626424510693000,1,47.57800000,0.00001894
1626424565361000,0,236.48000000,0.00001893
1626424629717000,0,486.62771900,0.00001892
1626424667875000,1,502.61204394,0.00001889
1626424667875000,1,487.72624506,0.00001889
1626424672619000,0,165.70234500,0.00001891
1626424811553000,1,1977.25338000,0.00001887
1626424811846000,1,0.00000363,0.00001887
1626424811846000,1,4941.86344403,0.00001886
1626424811846000,1,202.30392712,0.00001886
1626424811901000,1,1678.55437267,0.00001886
1626424821734000,0,85.65085900,0.00001887
1626424883949000,1,11.62318400,0.00001884
1626424887550000,1,504.21356000,0.00001883
1626424888767000,1,0.00000930,0.00001883
1626424889865000,0,11.38731200,0.00001884
1626424893978000,0,51.24806400,0.00001883
1626424899543000,0,4160.00000000,0.00001881
1626424921558000,0,1989.83560137,0.00001881
1626424921761000,1,458.02540763,0.00001881
1626424934177000,1,15.61380000,0.00001881
1626424934424000,1,0.00002600,0.00001881
1626424936093000,0,1994.00000000,0.00001881
1626424936102000,0,0.82796963,0.00001881
1626425030109000,0,3663.00000000,0.00001883
1626425052829000,1,8309.16120000,0.00001885
1626425052829000,1,4160.00000000,0.00001884
1626425052829000,1,1898.50124000,0.00001884
1626425063853000,1,1986.83187833,0.00001886
1626425063853000,1,516.66268367,0.00001885
1626425081707000,1,2907.88320000,0.00001887
1626425082325000,1,0.00000500,0.00001887
1626425107461000,0,24.61809900,0.00001887
1626425128907000,0,244.74838100,0.00001886
1626425193920000,0,225.29178700,0.00001885
1626425246226000,0,200.00000000,0.00001886
1626425246357000,0,12059.00000000,0.00001886
1626425269815000,0,112.23582000,0.00001887
1626425296605000,0,19.74764500,0.00001887
1626425376293000,1,575.00000000,0.00001886
1626425610792000,0,1909.70836100,0.00001890
1626425627305000,1,235.50248654,0.00001888
1626425707281000,0,1826.16000000,0.00001891
1626425849805000,0,1988.29166616,0.00001889
1626425849807000,1,4970.72916541,0.00001889
1626425927050000,0,113.48428200,0.00001889
1626425966147000,1,6169.69965700,0.00001889
1626425994786000,0,172.64898900,0.00001889
1626426059932000,0,33.57375700,0.00001889
1626426068222000,1,2029.36087500,0.00001888
1626426076702000,0,224.15273100,0.00001888
1626426124156000,0,458.67310600,0.00001889
1626426150215000,0,113.54435800,0.00001890
1626426163484000,1,30.48765200,0.00001889
1626426163484000,1,374.55934070,0.00001889
1626426163548000,1,1555.82794730,0.00001889
1626426163548000,1,157.67281800,0.00001889
1626426163548000,1,186.49923470,0.00001889
1626426163671000,1,2200.00000000,0.00001889
1626426188048000,0,1384.21044400,0.00001890
1626426200416000,1,20.00000000,0.00001889
1626426345417000,0,113.42426900,0.00001892
1626426399867000,0,113.30443400,0.00001893
1626426457882000,0,97.90510200,0.00001892
1626426463321000,0,111.70511500,0.00001892
1626426590312000,0,1523.24804200,0.00001891
1626426611541000,0,113.42426900,0.00001891
1626426654664000,0,326.92595000,0.00001890
1626426655042000,0,61.04509400,0.00001890
1626426679150000,1,57.79545571,0.00001888
1626426689824000,0,8438.00000000,0.00001890
1626426705631000,0,0.70752066,0.00001890
1626426978687000,0,2195.00000000,0.00001892
1626426992798000,0,14.23278600,0.00001893
1626427086455000,0,71.46970700,0.00001894
1626427121941000,0,116.76242800,0.00001894
1626427147374000,0,257.00015300,0.00001894
1626427193536000,1,683.00000000,0.00001892
1626427387017000,0,98.80000000,0.00001893
1626427387219000,0,1890.02142347,0.00001893
1626427387219000,0,4972.05354653,0.00001893
1626427387443000,0,0.00001214,0.00001893
1626427448858000,1,583.13879600,0.00001894
1626427567478000,1,60.91549200,0.00001893
1626427629791000,1,769.00000000,0.00001893
1626427942918000,1,4350.49451401,0.00001891
1626427942918000,1,1986.60405054,0.00001891
1626427942918000,1,608.96969445,0.00001890
1626428216983000,1,4160.00000000,0.00001890
1626428216983000,1,3575.93030555,0.00001890
1626428216983000,1,1987.63373090,0.00001890
1626428216983000,1,43659.00000000,0.00001889
1626428216983000,1,4906.65660555,0.00001889
1626428454391000,0,113.28763000,0.00001892
1626428568661000,0,14.04624200,0.00001892
1626428614372000,0,113.41095600,0.00001892
1626428666913000,0,560.04500100,0.00001892
1626428790680000,1,98.80000000,0.00001891
1626428819060000,1,171.16467800,0.00001891
1626428820911000,0,1993.02584452,0.00001891
1626428879633000,0,3749.15499900,0.00001893
1626428879633000,0,3909.08845300,0.00001893
1626429047149000,0,106.97835900,0.00001892
1626429132467000,0,1119.04851700,0.00001893
1626429191484000,0,202.16524800,0.00001894
1626429192180000,0,113.30413800,0.00001894
1626429303266000,0,112.10454900,0.00001894
1626429305514000,0,1591.32000000,0.00001894
1626429400199000,1,113.30413800,0.00001893
1626429447361000,0,113.30413800,0.00001893
1626429515478000,0,115.70387300,0.00001894
1626429533211000,0,113.32743200,0.00001894
1626429617543000,0,11.29883800,0.00001893
1626429653600000,0,4974.66815570,0.00001893
1626429653600000,0,1989.66743417,0.00001893
1626429658141000,0,4704.00000000,0.00001895
1626429658158000,0,5170.31577686,0.00001895
1626430044363000,0,113.30391600,0.00001892
1626430101394000,0,793.82458842,0.00001892
1626430116082000,0,198.00000000,0.00001893
1626430239003000,0,335.06157800,0.00001893
1626430239262000,0,223.68737200,0.00001893
1626430259860000,0,424.41968800,0.00001893
1626430280917000,0,167.53001200,0.00001893
1626430296908000,0,44.82521400,0.00001893
1626430494584000,0,240.45361200,0.00001891
1626430505185000,0,8444.35958810,0.00001890
1626430518274000,0,1990.20157449,0.00001892
1626430607812000,1,9120.54141000,0.00001893
1626430607878000,1,1148.71738000,0.00001893
1626430682431000,0,734.00000000,0.00001893
1626430682456000,0,5190.00000000,0.00001893
1626430798549000,0,146.75738600,0.00001894
1626431031670000,1,7500.00000000,0.00001894
1626431054953000,1,935.17067000,0.00001894
1626431110403000,1,0.00000424,0.00001894
1626431110403000,1,1990.94832576,0.00001894
1626431245046000,0,3500.00000000,0.00001895
1626431250062000,0,2587.00000000,0.00001895
1626431338471000,0,9672.46036449,0.00001895
1626431365306000,1,976.75202000,0.00001894
1626431578635000,1,1987.00000000,0.00001897
1626431688383000,0,113.58595000,0.00001896
1626431781434000,0,2242.90301500,0.00001896
1626431863390000,1,12259.46036000,0.00001892
1626432076501000,0,233.40799000,0.00001891
1626432117663000,0,114.13351100,0.00001891
1626432321740000,0,4223.00000000,0.00001895
1626432331374000,0,5998.00000000,0.00001895
1626432331380000,0,5998.00000000,0.00001895
1626432402378000,1,61.66000000,0.00001895
1626432429792000,0,114.13454800,0.00001895
1626432552762000,0,8414.00000000,0.00001895
1626432552768000,0,0.95827431,0.00001895
1626432623697000,1,7051.56872000,0.00001889
1626432623963000,1,4944.43128528,0.00001889
1626432649573000,1,113.82492700,0.00001888
1626432676431000,0,98.80000000,0.00001889
1626432998628000,1,1990.77629000,0.00001892
1626433232652000,0,39.77150100,0.00001894
1626433478656000,1,59.57537000,0.00001891
1626433543442000,0,8466.94794271,0.00001894
1626433543442000,0,4160.00000000,0.00001894
1626433543442000,0,500.00000000,0.00001894
1626433543442000,0,4026.10000000,0.00001894
1626433543442000,0,4986.44589310,0.00001894
1626433543442000,0,1994.57835724,0.00001894
1626433543442000,0,2543.06310578,0.00001895
1626433543442000,0,29476.01036717,0.00001895
1626433608030000,1,129.02464900,0.00001891
1626433645834000,1,10.75893100,0.00001892
1626434202206000,1,98.80000000,0.00001895
1626434274758000,0,562.71931900,0.00001895
1626434294886000,0,222.91252900,0.00001895
1626434359842000,1,79.12986280,0.00001892
1626434445981000,0,117.26245900,0.00001894
1626434552868000,0,500.00000000,0.00001893
1626434552868000,0,4160.00000000,0.00001893
1626434552868000,0,750.43117700,0.00001893
1626434553073000,0,22.55574800,0.00001893
1626434687218000,0,39.10686800,0.00001892
1626434766826000,0,4160.00000000,0.00001891
1626434766826000,0,1745.57762500,0.00001891
1626434884520000,0,114.01893300,0.00001892
1626435088868000,0,1997.80261744,0.00001892
1626435088868000,0,1381.68324656,0.00001892
1626435113206000,1,1949.99015400,0.00001892
1626435258572000,0,195.36504100,0.00001891
1626435324671000,0,22.50082900,0.00001891
1626435335741000,1,185.10000000,0.00001888
1626435360005000,0,3799.00000000,0.00001890
1626435360056000,0,0.80000000,0.00001890
1626435431403000,0,114.12936400,0.00001891
1626435451909000,0,28.12341200,0.00001891
1626435468079000,0,113.98768800,0.00001891
1626435480350000,0,112.71191700,0.00001891
1626435488865000,0,613.22000000,0.00001891
1626435632191000,0,42676.00000000,0.00001893
1626435632191000,0,4192.00000000,0.00001893
1626435671498000,0,1792.95861300,0.00001896
1626435710171000,1,1997.83332000,0.00001894
1626435759524000,1,76.07352600,0.00001892
1626435784167000,1,75.78000000,0.00001893
1626435879708000,0,2960.73982600,0.00001894
1626435923476000,1,114.30191700,0.00001893
1626436029259000,0,451.47602600,0.00001892
1626436045369000,0,114.37424800,0.00001892
1626436414497000,0,98.47376500,0.00001893
1626436435462000,0,114.28948700,0.00001893
1626436442474000,0,2109.46216200,0.00001893
1626436548255000,0,163.52050800,0.00001894
1626436576584000,1,269.84346295,0.00001892
1626436577006000,1,2801.67347927,0.00001891
1626436577019000,1,2201.16415865,0.00001891
1626436577019000,1,177.61103105,0.00001891
1626436577042000,1,1822.64604681,0.00001891
1626436653073000,0,445.03223000,0.00001892
1626436674767000,0,1027.58907600,0.00001892
1626436849208000,0,500.73360000,0.00001892
1626436849447000,0,500.00000000,0.00001893
1626436849447000,0,647.51948300,0.00001894
1626437020098000,0,1290.73265400,0.00001894
1626437032026000,0,1998.78858389,0.00001893
1626437036350000,0,114.28948700,0.00001894
1626437048734000,1,8470.26500000,0.00001892
1626437048734000,1,4160.00000000,0.00001892
1626437048734000,1,1998.78858389,0.00001892
1626437048734000,1,4160.00000000,0.00001891
1626437048734000,1,8482.76317476,0.00001891
1626437048734000,1,4051.70000000,0.00001891
1626437048734000,1,36466.00000000,0.00001891
1626437048734000,1,3431.56064235,0.00001891
1626437231978000,0,114.22914400,0.00001894
1626437232292000,0,116.67086900,0.00001894
1626437285354000,0,240.71000000,0.00001897
1626437297809000,0,2495.69810954,0.00001897
1626437301147000,0,8190.22440000,0.00001898
1626437700833000,0,1235.00000000,0.00001895
1626437776179000,0,705.00000000,0.00001896
1626437776198000,0,10088.56035228,0.00001896
1626437913874000,0,1753.00000000,0.00001900
1626437962630000,0,4160.00000000,0.00001897
1626438019365000,1,4160.00000000,0.00001897
1626438025980000,0,954.00000000,0.00001896
1626438028179000,0,4160.00000000,0.00001896
1626438052219000,0,50.00000000,0.00001895
1626438052625000,0,3806.00000000,0.00001895
1626438052672000,0,3806.00000000,0.00001895
1626438070869000,1,4950.22524753,0.00001893
1626438124603000,0,365.81000000,0.00001893
1626438127856000,0,32.33688500,0.00001894
1626438129486000,1,1977.43554235,0.00001892
1626438129486000,1,4943.58885587,0.00001892
1626438138656000,0,11.14406600,0.00001892
1626438159724000,0,38.93927100,0.00001892
1626438202747000,0,19.48037100,0.00001891
1626438202946000,0,565.11234800,0.00001891
1626438215687000,0,31.00412400,0.00001892
1626438223939000,0,10.71819100,0.00001892
1626438248224000,1,113.24513900,0.00001892
1626438248224000,1,38.96126100,0.00001892
1626438257304000,0,111.72221500,0.00001892
1626438266539000,0,38.96126100,0.00001892
1626438266739000,0,122.30547500,0.00001892
1626438290704000,1,111.75123300,0.00001892
1626438290704000,1,61.13390400,0.00001892
1626438304687000,0,1104.53000000,0.00001893
1626438319697000,0,61.13390400,0.00001893
1626438319815000,0,419.63047800,0.00001893
1626438330540000,0,113.31768400,0.00001892
1626438352327000,0,77.47149500,0.00001892
1626438373672000,0,253.24690000,0.00001891
1626438394610000,0,54.49067300,0.00001891
1626438432007000,1,20.01327200,0.00001891
1626438436991000,0,117.27189700,0.00001891
1626438479322000,0,113.57669400,0.00001891
1626438501199000,0,113.57669400,0.00001891
1626438522423000,0,38.98134600,0.00001892
1626438564196000,0,113.55708200,0.00001892
1626438564463000,0,19.48037100,0.00001892
1626438574868000,0,559.08313600,0.00001892
1626438616519000,0,8554.92113300,0.00001891
1626438627303000,0,77.88032200,0.00001891
1626438647999000,0,22.49389700,0.00001891
1626438691188000,0,19.49067300,0.00001891
1626438799884000,0,113.60663900,0.00001889
1626439109695000,0,113.60709500,0.00001888
1626439130762000,0,989.05479600,0.00001889
1626439185229000,0,113.75612700,0.00001888
1626439273697000,1,113.75612700,0.00001888
1626439274281000,0,225.58953500,0.00001888
1626439291174000,0,113.75716600,0.00001888
1626439445914000,0,8477.16545016,0.00001888
1626439445914000,0,1996.58547984,0.00001888
1626439478511000,1,12259.46036000,0.00001888
1626439561458000,0,1153.17774300,0.00001890
1626439582810000,0,114.00612000,0.00001890
1626439591032000,0,113.94635000,0.00001890
1626439612719000,0,114.05591800,0.00001890
1626439760798000,0,39.10756200,0.00001886
1626439781370000,0,58.22197500,0.00001884
1626439781380000,0,38.16256200,0.00001884
1626439801988000,0,39.10756200,0.00001884
1626439846055000,0,78.19928300,0.00001884
1626439867129000,0,19.55060100,0.00001884
1626439907966000,0,114.11192500,0.00001885
1626439908178000,0,39.09860100,0.00001885
1626439949316000,0,90.70635000,0.00001886
1626440034736000,0,390.66000900,0.00001884
1626440034938000,0,114.11192500,0.00001884
1626440076825000,0,113.84667300,0.00001881
1626440101260000,1,98.78380500,0.00001881
1626440104485000,0,1990.59471071,0.00001880
1626440117702000,1,1990.05893918,0.00001879
1626440121026000,0,98.80000000,0.00001879
1626440129770000,1,4972.50239986,0.00001879
1626440129770000,1,1989.00095994,0.00001879
1626440138345000,1,1990.05893918,0.00001879
1626440138345000,1,4975.14734794,0.00001879
1626440146768000,0,275.01598998,0.00001879
1626440160706000,1,1991.11804000,0.00001878
1626440163443000,0,111.68251046,0.00001878
1626440164320000,0,1991.11804452,0.00001878
1626440164320000,0,4977.79511130,0.00001878
1626440169917000,1,1991.13120431,0.00001878
1626440174205000,0,592.08229000,0.00001878
1626440174904000,1,505.82533351,0.00001877
1626440174904000,1,4159.99999649,0.00001877
1626440205569000,0,113.66336700,0.00001878
1626440220473000,1,2462.91853000,0.00001879
1626440220524000,1,8500.00000000,0.00001879
1626440248933000,0,113.47674100,0.00001878
1626440249158000,0,4413.71140900,0.00001878
1626440285795000,1,4951.48952000,0.00001878
1626440286173000,1,0.00000431,0.00001878
1626440286173000,1,4159.99999569,0.00001878
1626440290288000,0,113.53400300,0.00001878
1626440311275000,1,1976.94011550,0.00001879
1626440317927000,1,1975.90466000,0.00001880
1626440465123000,0,730.06000000,0.00001877
1626440500200000,0,4160.00000000,0.00001872
1626440502450000,0,6008.98624091,0.00001872
1626440562637000,0,15.54547000,0.00001873
1626440705565000,0,439.97000000,0.00001877
1626440814217000,1,8314.91901776,0.00001875
1626440814602000,1,4160.00000000,0.00001874
1626440814602000,1,3058.09817232,0.00001874
1626440897166000,0,163.00000000,0.00001876
1626440897206000,0,0.39634400,0.00001876
1626440917736000,0,93.00000000,0.00001876
1626440927099000,0,8314.00000000,0.00001877
1626440927118000,0,0.91901776,0.00001877
1626441041169000,0,100.57884800,0.00001879
1626441200569000,0,499.29785500,0.00001877
1626441221709000,0,443.82791400,0.00001877
1626441273888000,0,19.38846900,0.00001878
1626441294774000,0,83.82222300,0.00001877
1626441371647000,0,104.44099800,0.00001876
1626441422805000,1,243.00000000,0.00001876
1626441438569000,0,45.73090400,0.00001877
1626441438913000,1,0.23916100,0.00001876
1626441438913000,1,111.76083900,0.00001876
1626441438996000,1,0.85530200,0.00001876
1626441464316000,1,710.83889399,0.00001874
1626441544180000,0,444.96425400,0.00001876
1626441556390000,0,1981.00000000,0.00001877
1626441556435000,0,0.82782967,0.00001877
1626441580169000,1,4160.00000000,0.00001875
1626441592366000,1,1075.00000000,0.00001875
1626441598797000,1,307.00000000,0.00001875
1626441631830000,0,387.19222300,0.00001875
1626441694544000,0,395.53440600,0.00001876
1626441756804000,0,15.89165400,0.00001877
1626441798254000,0,113.05639900,0.00001877
1626441819181000,0,255.05604300,0.00001877
1626441839505000,0,11.31028800,0.00001877
1626441907187000,0,1110.60644100,0.00001878
1626441930207000,1,242.00000000,0.00001877
1626441930253000,1,153.77703782,0.00001877
1626441965858000,0,337.30937100,0.00001878
1626442049627000,0,12.07375300,0.00001878
1626442075286000,0,332.52625800,0.00001878
1626442095511000,0,2515.46189575,0.00001878
1626442095511000,0,122.95684225,0.00001879
1626442133060000,0,112.93606300,0.00001879
1626442195656000,0,162.86882100,0.00001875
1626442255714000,0,10.79430500,0.00001874
1626442258562000,0,116.65569200,0.00001875
1626442289364000,0,33.24758100,0.00001875
1626442302346000,1,11571.00000000,0.00001874
1626442343253000,0,11.07816900,0.00001873
1626442482962000,0,221.35384000,0.00001876
1626442516406000,0,268.88195500,0.00001877
1626442669164000,0,111.49665700,0.00001877
1626442683265000,0,112.81299900,0.00001877
1626442683650000,1,109.29050700,0.00001876
1626442790314000,0,133.83762300,0.00001878
1626442795025000,0,392.00000000,0.00001878
1626442795036000,0,3749.00000000,0.00001878
1626442840788000,1,0.16000000,0.00001877
1626442861535000,0,1239.00000000,0.00001879
1626442861553000,0,809.00000000,0.00001879
1626442921508000,1,1971.18676876,0.00001879
1626442921508000,1,4098.62100824,0.00001879
1626442940154000,1,0.16000000,0.00001878
1626443070297000,1,1218.55388200,0.00001878
1626443273162000,0,225.44845400,0.00001879
1626443293709000,0,112.77170700,0.00001879
1626443315095000,0,12.18420200,0.00001879
1626443358699000,0,112.79414300,0.00001879
1626443367980000,0,2887.00000000,0.00001879
1626443368301000,0,809.00000000,0.00001879
1626443457884000,0,4160.00000000,0.00001880
1626443458412000,0,1119.00000000,0.00001880
1626443458860000,0,3041.00000000,0.00001880
1626443459711000,0,297.00000000,0.00001880
1626443864627000,0,112.87352000,0.00001878
1626444154855000,1,1355.60064700,0.00001877
1626444347616000,1,775.00000000,0.00001878
1626444558633000,1,412.43355700,0.00001877
1626444671604000,0,23.82496806,0.00001879
1626444839436000,1,1969.90134000,0.00001881
1626444912441000,1,3923.40000000,0.00001880
1626444912441000,1,1970.16072583,0.00001880
1626444912441000,1,2349.43927417,0.00001880
1626444912476000,1,849.00000000,0.00001880
1626444912537000,1,1726.96254041,0.00001880
1626444929560000,1,8347.00000000,0.00001879
1626444934197000,1,5749.00000000,0.00001879
1626445091546000,1,26.19114900,0.00001880
1626445097440000,1,1000.41984286,0.00001880
1626445139012000,0,112.70600700,0.00001881
1626445804374000,1,5033.00000000,0.00001878
1626445804498000,1,1477.46036528,0.00001878
1626445858356000,1,4160.00000000,0.00001877
1626445858356000,1,1926.87423700,0.00001877
1626446198297000,1,576.28968100,0.00001878
1626446430041000,0,2539.00000000,0.00001878
1626446432620000,0,2502.00000000,0.00001878
1626446436919000,0,2503.00000000,0.00001878
1626446437064000,0,0.16125276,0.00001878
1626446446455000,0,2506.00000000,0.00001878
1626446480097000,0,4160.00000000,0.00001879
1626446480097000,0,8352.18626167,0.00001879
1626446480097000,0,4340.90000000,0.00001879
1626446480097000,0,4923.78147773,0.00001879
1626446480097000,0,2473.56072167,0.00001879
1626446480097000,0,500.00000000,0.00001879
1626446480097000,0,1969.51259109,0.00001879
1626446480097000,0,8355.48630789,0.00001880
1626446480097000,0,39776.00000000,0.00001880
1626446480097000,0,859.00000000,0.00001880
1626446480097000,0,7928.21622561,0.00001880
1626446562824000,1,34.54135400,0.00001876
1626446600208000,0,846.00000000,0.00001877
1626446600305000,0,846.00000000,0.00001877
1626446644779000,0,8357.13935682,0.00001878
1626446644779000,0,4160.00000000,0.00001878
1626446644779000,0,3923.90000000,0.00001878
1626446644779000,0,500.00000000,0.00001878
1626446644779000,0,1969.94254184,0.00001878
1626446644779000,0,4160.00000000,0.00001879
1626446644779000,0,40649.93400442,0.00001879
1626446672201000,0,4160.00000000,0.00001878
1626446672201000,0,500.00000000,0.00001878
1626446672201000,0,30696.67000000,0.00001879
1626446672201000,0,2520.97685598,0.00001879
1626446672201000,0,8346.29794337,0.00001879
1626446672201000,0,859.00000000,0.00001879
1626446672201000,0,3923.90000000,0.00001879
1626446672201000,0,10582.79170943,0.00001879
1626446899867000,0,8363.76668241,0.00001878
1626446899867000,0,4160.00000000,0.00001878
1626446899867000,0,500.00000000,0.00001878
1626446899867000,0,1972.21388227,0.00001878
1626446899867000,0,8346.29794337,0.00001879
1626446899867000,0,4160.00000000,0.00001879
1626446899867000,0,4367.48518570,0.00001879
1626447326620000,0,4160.00000000,0.00001878
1626447326620000,0,8347.80235054,0.00001878
1626447326620000,0,500.00000000,0.00001878
1626447326620000,0,1969.06368290,0.00001878
1626447326620000,0,4922.67211645,0.00001878
1626447326620000,0,8366.03453658,0.00001879
1626447326620000,0,4160.00000000,0.00001879
1626447326620000,0,3919.30000000,0.00001879
1626447326620000,0,34906.51481430,0.00001879
1626447326620000,0,2492.09759151,0.00001879
1626447326620000,0,13700.00000000,0.00001879
1626447326620000,0,12796.27311231,0.00001879
1626447326620000,0,5976.77481198,0.00001879
1626447485863000,0,788.00000000,0.00001878
1626447503024000,1,98.80000000,0.00001877
1626447503141000,1,1227.53955600,0.00001877
1626447675534000,1,42027.00000000,0.00001874
1626447675534000,1,3766.80000000,0.00001874
1626447675862000,1,4160.00000000,0.00001874
1626447676876000,1,500.00000000,0.00001874
1626447676876000,1,3660.00000000,0.00001874
1626447678987000,1,500.00000000,0.00001874
1626447828039000,0,12784.00000000,0.00001877
1626448016570000,0,4018.70000000,0.00001878
1626448443581000,0,192.00000000,0.00001881
1626448443603000,0,425.00000000,0.00001881
1626448449903000,0,8313.00000000,0.00001882
1626448496823000,1,349.92506771,0.00001881
1626448806300000,0,7000.00000000,0.00001880
1626449081982000,1,3879.00000000,0.00001880
1626449111781000,1,4084.00000000,0.00001880
1626449111835000,1,0.07493229,0.00001880
1626449222753000,0,4116.00000000,0.00001882
1626449402978000,0,1966.40885611,0.00001878
1626449402978000,0,57.59114389,0.00001878
1626449402984000,0,4858.43099639,0.00001878
1626449511490000,0,579.77073700,0.00001879
1626449531892000,0,112.61152600,0.00001879
1626449594888000,1,601.00000000,0.00001875
1626449594945000,1,121.00000000,0.00001875
1626449607305000,1,4160.00000000,0.00001874
1626449618203000,1,3814.00000000,0.00001874
1626449618204000,1,346.00000000,0.00001874
1626449629805000,1,117.00000000,0.00001875
1626449629851000,1,0.41097000,0.00001875
1626449636952000,1,1934.00000000,0.00001875
1626449651080000,1,0.62398200,0.00001875
1626449651080000,1,4160.00000000,0.00001874
1626449871419000,0,5899.00000000,0.00001881
1626449871430000,0,2776.00000000,0.00001881
1626449871615000,0,3584.46036528,0.00001881
1626450228655000,0,112.09341300,0.00001881
1626450439009000,1,12259.00000000,0.00001879
1626450439057000,1,0.46036528,0.00001879
1626450491023000,1,4160.00000000,0.00001876
1626450502969000,0,4890.00000000,0.00001877
1626450560830000,1,19.38921300,0.00001878
1626450592754000,1,99.92652400,0.00001879
1626450667422000,1,21.28045500,0.00001879
1626450855359000,0,38.52711400,0.00001877
1626450920700000,1,1957.06954100,0.00001877
1626450920700000,1,8287.93045900,0.00001877
1626451092193000,1,0.69205708,0.00001877
1626451092193000,1,944.30794292,0.00001877
1626451092208000,1,1975.00000000,0.00001877
1626451341284000,0,111.94471400,0.00001878
1626451425264000,0,111.94471400,0.00001878
1626451433170000,1,111.00000000,0.00001878
1626451495667000,1,0.94471400,0.00001878
1626451520527000,0,500.00000000,0.00001878
1626451520527000,0,8310.59807606,0.00001878
1626451520527000,0,4160.00000000,0.00001879
1626451520527000,0,650.46208494,0.00001879
1626451621665000,0,11.43503700,0.00001877
1626451661050000,1,4160.00000000,0.00001875
1626451685744000,0,112.06399400,0.00001877
1626451925747000,0,2266.00000000,0.00001881
1626451925944000,0,7620.00000000,0.00001881
1626451925945000,0,732.00000000,0.00001881
1626452049258000,0,3726.00000000,0.00001884
1626452049324000,0,0.30000000,0.00001884
1626452089518000,1,250.00000000,0.00001883
1626452101437000,1,27.19079100,0.00001883
1626452102259000,1,150.61157300,0.00001883
1626452110189000,1,182.63448700,0.00001883
1626452149665000,0,8338.56446474,0.00001885
1626452170281000,1,1968.86220792,0.00001883
1626452170281000,1,4922.15551980,0.00001883
1626452212984000,1,4911.45858218,0.00001879
1626452232212000,0,19.33264500,0.00001879
1626452273976000,0,112.29244800,0.00001880
1626452292565000,1,4160.00000000,0.00001877
1626452292565000,1,4906.99299222,0.00001877
1626452292565000,1,1962.79719689,0.00001877
1626452305916000,1,4160.00000000,0.00001874
1626452333701000,1,4160.00000000,0.00001872
1626452466998000,1,112.00000000,0.00001873
1626452481251000,1,0.32582700,0.00001873
1626452524393000,1,143.00000000,0.00001873
1626452613193000,0,224.53386800,0.00001874
1626452644768000,0,78.12810800,0.00001874
1626452700871000,1,112.00000000,0.00001874
1626452700919000,1,0.26693400,0.00001874
1626452753876000,0,8309.67709414,0.00001874
1626452753876000,0,1961.65201780,0.00001874
1626452753876000,0,4904.13004450,0.00001874
1626452842852000,0,112.14724600,0.00001876
1626452948107000,1,313.80973800,0.00001875
1626453019593000,1,112.00000000,0.00001877
1626453026501000,1,0.08749800,0.00001877
1626453031569000,1,1439.00000000,0.00001875
1626453223326000,0,111.96997700,0.00001877
1626453290745000,1,199.42281000,0.00001875
1626453327514000,1,4160.00000000,0.00001874
1626453628597000,1,500.00000000,0.00001877
1626453673636000,1,4160.00000000,0.00001878
1626453673636000,1,3354.55559918,0.00001878
