timestamp ms,type,amount,price
1626307236854000,0,8069.07710878,0.00001889
1626307236854000,0,3751.92289122,0.00001889
1626307236860000,0,0.87710878,0.00001889
1626307255426000,0,24092.00000000,0.00001890
1626307255432000,0,19926.00000000,0.00001890
1626307255432000,0,3752.80000000,0.00001890
1626307255432000,0,1908.37279614,0.00001890
1626307327602000,1,690.52620000,0.00001894
1626307367963000,0,237.00000000,0.00001893
1626307418409000,1,6607.00000000,0.00001892
1626307418428000,1,101.00000000,0.00001892
1626307418521000,1,6184.28204040,0.00001892
1626307712753000,0,109.12242900,0.00001886
1626307996075000,0,10.95040200,0.00001882
1626308118569000,0,10.71491900,0.00001878
1626308264836000,0,1929.00000000,0.00001875
1626308275816000,0,379.00000000,0.00001874
1626308275866000,0,1552.33061675,0.00001874
1626308305856000,0,98.80000000,0.00001875
1626308305873000,0,203.98100000,0.00001875
1626308305881000,0,1628.94200468,0.00001875
1626308307200000,1,7580.00000000,0.00001876
1626308345983000,0,1929.00000000,0.00001876
1626308345991000,0,0.85376974,0.00001876
1626308485179000,0,2565.00000000,0.00001878
1626308485370000,0,2565.00000000,0.00001878
1626308485448000,0,4118.00000000,0.00001878
1626308485611000,0,4334.80824040,0.00001878
1626308524828000,1,1255.09190300,0.00001877
1626308677627000,1,29.36722100,0.00001880
1626308992758000,0,1919.00000000,0.00001880
1626308992758000,0,0.81608961,0.00001880
1626309099678000,1,98.80000000,0.00001881
1626309288560000,1,1916.47847904,0.00001883
1626309305585000,0,765.17000000,0.00001883
1626309370827000,1,27.68862600,0.00001883
1626309388471000,1,19.13565200,0.00001883
1626309434284000,0,1916.00000000,0.00001884
1626309581291000,1,78.53512500,0.00001883
1626309615196000,0,22.90914147,0.00001886
1626309619296000,0,12.62030707,0.00001886
1626309697701000,0,21.66315958,0.00001884
1626310142349000,1,500.00000000,0.00001887
1626310142600000,1,1902.01969189,0.00001886
1626310142600000,1,2440.98030811,0.00001886
1626310142604000,1,4343.00000000,0.00001886
1626310142647000,1,4343.00000000,0.00001886
1626310143101000,1,1902.01969189,0.00001884
1626310309293000,1,2455.34945325,0.00001882
1626310431154000,1,3787.00000000,0.00001883
1626310443328000,0,16.24736969,0.00001885
1626310534668000,0,1902.00000000,0.00001887
1626310564933000,0,4000.00000000,0.00001888
1626310599764000,0,4782.00000000,0.00001889
1626310600396000,0,8800.00000000,0.00001889
1626310696106000,0,1901.14673095,0.00001890
1626310764623000,0,8031.59533316,0.00001890
1626310767796000,0,97.00000000,0.00001891
1626310767840000,0,0.91783400,0.00001891
1626310980794000,1,29458.46000000,0.00001887
1626310980794000,1,7983.88689636,0.00001887
1626310980794000,1,4000.00000000,0.00001887
1626310980794000,1,9227.22520000,0.00001887
1626310980794000,1,500.00000000,0.00001887
1626310980794000,1,4000.00000000,0.00001886
1626310980794000,1,24830.42790364,0.00001886
1626311042704000,1,736.00000000,0.00001886
1626311083857000,1,1414.05078000,0.00001889
1626311218534000,1,2267.00000000,0.00001889
1626311220758000,1,1351.00000000,0.00001889
1626311220963000,1,3953.00000000,0.00001889
1626311221273000,1,2476.00000000,0.00001889
1626311224179000,0,3535.00000000,0.00001889
1626311243986000,0,1180.00000000,0.00001889
1626311244108000,0,0.99129600,0.00001889
1626311291869000,1,652.00000000,0.00001888
1626311291877000,1,754.00000000,0.00001888
1626311555863000,1,2424.00000000,0.00001886
1626311738436000,1,2703.00000000,0.00001885
1626311809800000,1,4330.30000000,0.00001884
1626311955474000,0,4000.00000000,0.00001885
1626311955474000,0,3894.90000000,0.00001885
1626311955474000,0,9500.00000000,0.00001886
1626311955474000,0,4000.00000000,0.00001886
1626311955474000,0,6653.01000000,0.00001886
1626311972110000,0,13582.80824040,0.00001885
1626312110327000,0,82.89393100,0.00001886
1626312405596000,1,172.00000000,0.00001885
1626312485878000,1,360.09880000,0.00001885
1626313402187000,0,2106.00000000,0.00001887
1626313402294000,0,1361.00000000,0.00001887
1626313402673000,0,533.00000000,0.00001887
1626313608093000,1,138.65487378,0.00001885
1626313671861000,0,2703.00000000,0.00001887
1626313671917000,0,1297.00000000,0.00001887
1626313725346000,1,4000.00000000,0.00001885
1626313725346000,1,3777.00000000,0.00001885
1626313725346000,1,3046.18104000,0.00001885
1626313838509000,1,470.00000000,0.00001885
1626313838654000,1,470.00000000,0.00001885
1626313839661000,1,1507.00000000,0.00001885
1626313843492000,1,130.00000000,0.00001885
1626313843497000,1,1113.00000000,0.00001885
1626313843525000,1,8569.46036528,0.00001885
1626314405751000,0,152.41000000,0.00001882
1626314474101000,0,276.00000000,0.00001882
1626314474730000,0,2058.00000000,0.00001882
1626314477894000,0,9925.00000000,0.00001882
1626314555994000,1,12259.00000000,0.00001880
1626314645414000,0,267.76000000,0.00001881
1626315071952000,0,12259.00000000,0.00001880
1626315185922000,0,51.59294248,0.00001882
1626315260971000,0,75.24120100,0.00001882
1626315352327000,0,1911.06242340,0.00001881
1626315352327000,0,4778.68020499,0.00001881
1626315352539000,0,12419.00000000,0.00001882
1626315352554000,0,0.21214419,0.00001882
1626315352554000,0,1910.69865557,0.00001882
1626315352554000,0,4776.56274365,0.00001882
1626315489146000,1,1908.00000000,0.00001884
1626315489253000,1,0.10151573,0.00001884
1626315579284000,1,113.15457386,0.00001882
1626315878916000,1,74.06774078,0.00001884
1626316019976000,1,1000.00000000,0.00001883
1626316363072000,0,8111.00000000,0.00001884
1626316363159000,0,0.99458769,0.00001884
1626316419609000,1,400.00000000,0.00001883
1626316871437000,1,7244.00000000,0.00001883
1626316890081000,1,2843.00000000,0.00001882
1626316890101000,1,1772.00000000,0.00001882
1626317106274000,0,153.02000000,0.00001884
1626317263933000,1,37.41722533,0.00001882
1626317658336000,0,2583.00000000,0.00001883
1626317785919000,0,6142.00000000,0.00001881
1626317785933000,0,126.00000000,0.00001881
1626317785979000,0,1918.48759483,0.00001881
1626317906763000,0,1919.35991300,0.00001880
1626318244263000,0,5341.00000000,0.00001883
1626318244284000,0,3327.00000000,0.00001883
1626318521718000,1,648.00000000,0.00001881
1626318521925000,1,4236.00000000,0.00001881
1626318522358000,1,2679.00000000,0.00001881
1626318523133000,1,1105.00000000,0.00001881
1626318804041000,1,371.00000000,0.00001881
1626318982524000,0,8130.96806337,0.00001882
1626318982524000,0,1920.17743523,0.00001882
1626319030147000,0,4000.00000000,0.00001883
1626319033261000,0,4423.00000000,0.00001883
1626319039354000,0,652.00000000,0.00001883
1626319039396000,0,399.00000000,0.00001883
1626319040570000,0,6785.00000000,0.00001884
1626319232914000,0,113.18760300,0.00001881
1626319251925000,0,8126.00000000,0.00001881
1626319251938000,0,0.41136416,0.00001881
1626319253809000,0,5216.00000000,0.00001881
1626319286532000,0,8119.51867852,0.00001882
1626319286532000,0,1920.42202855,0.00001882
1626319440994000,1,109.00000000,0.00001881
1626319441039000,1,0.78568800,0.00001881
1626320005506000,0,118.55351700,0.00001883
1626321281571000,1,109.72786500,0.00001881
1626321420689000,1,956.47040957,0.00001880
1626321441380000,0,219.56510300,0.00001881
1626321727629000,0,1922.99645810,0.00001883
1626321732540000,0,2879.92723295,0.00001883
1626321785838000,0,1927.50756022,0.00001885
1626321785838000,0,547.51243978,0.00001885
1626321806648000,1,10840.00000000,0.00001884
1626321806717000,1,1419.46036528,0.00001884
1626322136774000,0,109.90487400,0.00001883
1626322157314000,0,109.90487400,0.00001884
1626322174560000,0,50.98351400,0.00001883
1626322200094000,0,109.96324100,0.00001884
1626322261995000,0,40.00000000,0.00001883
1626322299499000,0,54.00903800,0.00001883
1626322311917000,0,10.80201500,0.00001883
1626322396775000,0,109.96324100,0.00001882
1626322455439000,0,2080.00000000,0.00001883
1626322455462000,0,10179.46036528,0.00001883
1626322586705000,0,110.07257900,0.00001883
1626322628501000,0,109.90487400,0.00001883
1626322655467000,1,379.00000000,0.00001883
1626322655508000,1,0.52468600,0.00001883
1626322669827000,0,10.98476400,0.00001884
1626322904113000,0,110.13367000,0.00001882
1626322965481000,0,71.57098400,0.00001882
1626323032554000,1,12259.00000000,0.00001881
1626323058622000,0,87.82375800,0.00001881
1626323102032000,0,15.28159400,0.00001881
1626323122848000,0,323.41116000,0.00001881
1626323149055000,0,110.19222100,0.00001881
1626323166800000,0,107.83062800,0.00001881
1626323193638000,1,10.78431300,0.00001881
1626323323400000,0,16.44723800,0.00001882
1626323482176000,0,537.69717200,0.00001881
1626323482556000,0,113.45773100,0.00001881
1626323523575000,0,110.19170000,0.00001881
1626323732310000,1,32.28200000,0.00001881
1626323732318000,1,0.00005600,0.00001881
1626323798964000,0,12.16073300,0.00001880
1626323954529000,0,109.96280500,0.00001882
1626323975180000,0,220.04125600,0.00001882
1626324224086000,0,113.56583000,0.00001878
1626324270149000,0,13.68635700,0.00001879
1626324283416000,0,19.26915400,0.00001879
1626324922004000,0,109.96280500,0.00001881
1626324942166000,0,110.02126500,0.00001881
1626324984787000,0,113.36220800,0.00001881
1626325026672000,0,109.87528900,0.00001881
1626325448004000,1,110.00000000,0.00001878
1626325448101000,1,0.09245600,0.00001878
1626325516642000,1,187.00000000,0.00001877
1626325516690000,1,574.00000000,0.00001877
1626325622745000,0,1935.00000000,0.00001876
1626325622762000,0,0.58937036,0.00001876
1626325653259000,0,110.20976300,0.00001877
1626325694351000,1,8185.63700373,0.00001874
1626325757620000,0,55.13399300,0.00001876
1626326587024000,0,1939.70851732,0.00001874
1626326610623000,0,4839.58076863,0.00001875
1626326610623000,0,1936.06559839,0.00001875
1626326610623000,0,12582.90873727,0.00001875
1626326614552000,0,1935.20838564,0.00001876
1626326614552000,0,4836.79161436,0.00001876
1626326614555000,0,0.20755972,0.00001876
1626326614555000,0,6771.79244028,0.00001876
1626326614561000,0,5487.20755972,0.00001876
1626326615632000,1,637.00000000,0.00001876
1626326615821000,1,5340.00000000,0.00001876
1626326617836000,1,946.00000000,0.00001876
1626326617895000,1,2596.00000000,0.00001876
1626326618499000,1,2740.00000000,0.00001876
1626326941487000,0,1932.73808235,0.00001878
1626329197365000,0,111.59015800,0.00001876
1626329345414000,0,812.00000000,0.00001877
1626329345481000,0,812.00000000,0.00001877
1626329534900000,0,1938.42120439,0.00001876
1626329653709000,0,4000.00000000,0.00001878
1626329847079000,0,1533.00000000,0.00001878
1626329847082000,0,401.00097510,0.00001878
1626329932868000,0,110.16569500,0.00001878
1626329994378000,0,110.10706500,0.00001878
1626330082199000,0,156.67950800,0.00001877
1626330082615000,0,110.15473200,0.00001877
1626330145691000,0,54.06102700,0.00001878
1626330188751000,0,110.23982500,0.00001877
1626330267009000,0,110.25653000,0.00001878
1626330376156000,0,108.07126800,0.00001878
1626330407802000,0,3781.67220200,0.00001878
1626330407802000,0,4843.77659899,0.00001878
1626330407802000,0,8188.63117477,0.00001878
1626330407802000,0,1938.57802424,0.00001878
1626330425655000,0,110.48414000,0.00001878
1626330488957000,1,596.00000000,0.00001878
1626330488987000,1,0.38069200,0.00001878
1626330489555000,1,110.00000000,0.00001878
1626330497422000,1,0.48414000,0.00001878
1626330527817000,0,75.72864100,0.00001878
1626330548385000,1,4000.00000000,0.00001876
1626330622305000,0,110.60202400,0.00001878
1626330632167000,1,103.00000000,0.00001877
1626330658006000,0,324.79744800,0.00001877
1626331280938000,1,198.00000000,0.00001876
1626331280951000,1,2939.00000000,0.00001876
1626331281344000,1,863.00000000,0.00001876
1626331313474000,0,11.08323400,0.00001876
1626331522750000,0,10.78229500,0.00001875
1626331523607000,0,110.71951100,0.00001875
1626331544390000,0,110.71951100,0.00001876
1626331555051000,0,108.42112900,0.00001876
1626331622823000,0,109.71951100,0.00001876
1626331818996000,0,110.77856200,0.00001875
1626331947593000,0,469.08733600,0.00001876
1626332566306000,0,110.75818300,0.00001876
1626332571137000,0,1595.92109000,0.00001876
1626332587114000,0,1947.00000000,0.00001875
1626332598115000,0,1946.00000000,0.00001875
1626332598237000,0,0.92900379,0.00001875
1626332604063000,0,3851.00000000,0.00001876
1626332768453000,0,489.03538800,0.00001876
1626332841738000,1,8213.00000000,0.00001875
1626333203519000,1,278.24264200,0.00001878
1626333479952000,1,0.85795369,0.00001875
1626333652903000,0,110.54705400,0.00001876
1626333730708000,1,8188.00000000,0.00001874
1626333779316000,0,110.60705800,0.00001875
1626333883563000,0,113.89167600,0.00001876
1626333960019000,0,4000.00000000,0.00001877
1626334200630000,0,110.41125300,0.00001879
1626334224774000,0,110.41125300,0.00001878
1626334225053000,0,26.31718900,0.00001878
1626334457041000,0,11.87433400,0.00001877
1626334479122000,0,110.46586800,0.00001877
1626334492882000,0,1940.12389631,0.00001877
1626334492882000,0,4850.30974078,0.00001877
1626334566399000,1,2001.00000000,0.00001875
1626334566533000,1,287.00000000,0.00001875
1626334667906000,1,0.29095579,0.00001874
1626334667906000,1,3999.70904421,0.00001874
1626334791239000,1,110.75973800,0.00001875
1626334807571000,0,747.98065300,0.00001875
1626334832920000,0,221.54145500,0.00001876
1626335147894000,0,125.58891300,0.00001877
1626335551352000,1,4000.00000000,0.00001876
1626335559024000,1,110.63501000,0.00001877
1626335682596000,0,192.84936800,0.00001878
1626336007457000,0,198.51036700,0.00001878
1626336036651000,0,111.77618400,0.00001878
1626336080782000,0,116.26782700,0.00001878
1626336102352000,1,110.00000000,0.00001877
1626336102445000,1,0.73106500,0.00001877
1626336102445000,1,49.51064900,0.00001877
1626336600932000,0,4213.00000000,0.00001880
1626336999451000,1,4213.46036528,0.00001877
1626337151283000,1,3189.00000000,0.00001877
1626337151365000,1,811.00000000,0.00001877
1626337356731000,0,12259.00000000,0.00001878
1626337388612000,1,5354.00000000,0.00001878
1626337388624000,1,5354.00000000,0.00001878
1626337388645000,1,1551.00000000,0.00001878
1626337715531000,0,1947.59529007,0.00001877
1626337715531000,0,4868.98822518,0.00001877
1626337739170000,1,110.75454100,0.00001877
1626337739170000,1,21.24545900,0.00001877
1626337739255000,1,0.78280800,0.00001877
1626337939541000,1,221.00000000,0.00001876
1626337965353000,1,0.33222000,0.00001876
1626338023360000,0,110.75454100,0.00001876
1626338151470000,0,77.48700100,0.00001876
1626338151634000,1,53.41151300,0.00001876
1626338385394000,0,1944.44608642,0.00001879
1626338385395000,0,4861.11521605,0.00001879
1626338527756000,0,8220.00000000,0.00001879
1626338528015000,0,0.09213637,0.00001879
1626338528015000,0,1729.90786363,0.00001879
1626338528126000,0,703.00000000,0.00001879
1626338528147000,0,565.00000000,0.00001879
1626338537400000,0,3225.00000000,0.00001879
1626338537518000,0,2969.00000000,0.00001879
1626338843691000,0,373.00000000,0.00001878
1626338886516000,0,5749.00000000,0.00001878
1626338886679000,0,2097.60393764,0.00001878
1626338886679000,0,1970.39606236,0.00001878
1626338953470000,0,2029.60393764,0.00001878
1626339377544000,1,307.63921700,0.00001878
1626339399292000,0,110.66274300,0.00001879
1626339420103000,0,426.06048200,0.00001879
1626339463314000,0,2698.95334300,0.00001879
1626339464767000,0,15.29338700,0.00001879
1626339777615000,0,110.89086600,0.00001877
1626339777862000,0,27.53350600,0.00001877
1626339848793000,0,4874.92588870,0.00001876
1626339848795000,0,551.43966811,0.00001876
1626340498527000,1,22.46121600,0.00001876
1626340506546000,1,231.85111500,0.00001876
1626340662574000,0,84.00000000,0.00001876
1626340663203000,0,0.11158000,0.00001876
1626340663203000,0,467.88842000,0.00001876
1626340663208000,0,0.23345900,0.00001876
1626340663482000,0,6500.00000000,0.00001877
1626340663482000,0,3820.00000000,0.00001877
1626340663494000,0,180.00000000,0.00001877
1626340690245000,1,12.17181000,0.00001876
1626340777833000,0,23.68999000,0.00001876
1626340777833000,0,370.31001000,0.00001876
1626340777909000,0,3629.68999000,0.00001876
1626340814445000,1,4320.00000000,0.00001876
1626340883156000,1,56.48129900,0.00001875
1626340988308000,0,3267.00000000,0.00001879
1626340988468000,0,1053.00000000,0.00001879
1626341032725000,1,115.52938200,0.00001880
1626341053590000,1,223.65399000,0.00001880
1626341088860000,0,291.09630000,0.00001884
1626341346634000,1,246.00000000,0.00001880
1626341461041000,1,4000.00000000,0.00001879
1626341461041000,1,12013.00000000,0.00001879
1626341461067000,1,0.46036528,0.00001879
1626341461634000,1,4000.00000000,0.00001879
1626341666477000,1,104.00000000,0.00001880
1626341818612000,0,12259.00000000,0.00001883
1626341892099000,1,62.90382500,0.00001881
1626341908858000,1,461.95444200,0.00001881
1626341955451000,1,113.15449100,0.00001881
1626342104368000,1,26.78145000,0.00001882
1626342168714000,1,287.53099200,0.00001881
1626342240995000,1,12259.00000000,0.00001882
1626342955690000,1,100.00000000,0.00001881
1626342964142000,1,3493.18004100,0.00001881
1626343148161000,0,12259.00000000,0.00001887
1626343151851000,1,221.00000000,0.00001886
1626343235878000,1,25.00000000,0.00001884
1626343246071000,1,12259.00000000,0.00001884
1626343625326000,1,55.86640900,0.00001882
1626343692392000,1,16.27195500,0.00001883
1626343839810000,0,500.00000000,0.00001887
1626343995191000,1,322.00000000,0.00001885
1626344017851000,1,16.70506900,0.00001885
1626344057923000,1,325.00000000,0.00001885
1626344162484000,1,31.68948000,0.00001887
1626344182732000,1,1149.09324200,0.00001887
1626344284128000,0,204.00000000,0.00001885
1626344284176000,0,0.44884500,0.00001885
1626344303800000,1,7939.25190000,0.00001885
1626344369919000,1,376.46461700,0.00001884
1626344511697000,0,22.42716002,0.00001887
1626344543460000,0,1876.00000000,0.00001886
1626344549746000,0,8146.86548277,0.00001887
1626344549746000,0,4215.80000000,0.00001887
1626344549746000,0,38567.00000000,0.00001887
1626344549746000,0,3999.33451723,0.00001887
1626344550530000,0,1934.10434905,0.00001888
1626344550530000,0,4665.89565095,0.00001888
1626344551204000,0,168.00000000,0.00001888
1626344551503000,0,0.99766076,0.00001888
1626344553221000,0,4000.00000000,0.00001889
1626344564193000,1,1876.00000000,0.00001888
1626344604500000,0,2407.00000000,0.00001887
1626344604587000,0,5826.09183311,0.00001887
1626344610087000,1,7500.00000000,0.00001886
1626344623977000,0,8223.42084603,0.00001887
1626344735647000,0,8246.71766526,0.00001883
1626344735647000,0,3999.28233474,0.00001883
1626344735846000,0,801.00000000,0.00001883
1626344792838000,0,1951.49491079,0.00001884
1626344849553000,0,1953.79707948,0.00001884
1626344849553000,0,4884.49269871,0.00001884
1626345014814000,0,4748.00000000,0.00001885
1626345156839000,0,1956.47423452,0.00001885
1626345156839000,0,4890.52576548,0.00001885
1626345328242000,1,57.04312200,0.00001884
1626345361438000,1,199.68434300,0.00001887
1626345367874000,1,19.41816900,0.00001887
1626345715005000,0,237.61776359,0.00001890
1626345942384000,1,19.79438300,0.00001888
1626345947767000,1,31.12297300,0.00001888
1626345947803000,0,12259.00000000,0.00001890
1626345947858000,0,0.46036528,0.00001890
1626345984793000,1,62.05123200,0.00001890
1626345990807000,1,112.61949900,0.00001890
1626346006653000,1,36.46302900,0.00001890
1626346131946000,1,12048.00000000,0.00001890
1626346241606000,1,623.50950200,0.00001889
1626346263490000,1,556.71201700,0.00001889
1626346306909000,1,214.65195400,0.00001890
1626346371319000,0,98.80000000,0.00001890
1626346455581000,1,18.67617500,0.00001889
1626346549691000,0,886.00000000,0.00001892
1626346580581000,1,358.07959354,0.00001892
1626346636040000,0,1518.30317300,0.00001891
1626346707736000,1,606.76000000,0.00001891
1626346730341000,1,106.00000000,0.00001891
1626346730548000,1,213.89355700,0.00001891
1626346824055000,1,3918.00000000,0.00001890
1626346864868000,0,156.27000000,0.00001893
1626347094988000,1,682.00000000,0.00001892
1626347395330000,1,0.46035940,0.00001892
1626347395460000,1,4232.70000000,0.00001891
1626347395460000,1,4891.31498112,0.00001891
1626347395460000,1,1957.27526879,0.00001891
1626347395511000,1,4000.00000000,0.00001891
1626347408008000,1,26581.56551900,0.00001890
1626347491425000,0,2766.36042300,0.00001891
1626347555888000,0,2300.89018100,0.00001892
1626347683884000,1,8178.29720000,0.00001890
1626347683884000,1,4000.00000000,0.00001890
1626347684143000,0,646.00000000,0.00001890
1626347964435000,0,4000.00000000,0.00001892
1626347964435000,0,8282.35589794,0.00001892
1626347964435000,0,1957.79042606,0.00001892
1626347964435000,0,4892.95443821,0.00001892
1626347964435000,0,6878.66912179,0.00001893
1626348068480000,1,36809.00000000,0.00001887
1626348068480000,1,4407.60000000,0.00001887
1626348068480000,1,2774.40000000,0.00001887
1626348116049000,1,4000.00000000,0.00001889
1626348116049000,1,1962.96863594,0.00001889
1626348116049000,1,8310.63987455,0.00001889
1626348116049000,1,500.00000000,0.00001889
1626348116049000,1,4000.00000000,0.00001888
1626348116049000,1,7269.37137351,0.00001888
1626348117117000,0,11693.00000000,0.00001891
1626348212982000,1,12259.00000000,0.00001890
1626348213027000,1,0.43304828,0.00001890
1626348275650000,1,98.80000000,0.00001888
1626348317735000,0,4000.00000000,0.00001889
1626348317922000,1,388.00000000,0.00001889
1626348317945000,1,995.77661000,0.00001889
1626348929220000,1,848.87000000,0.00001888
1626349070230000,0,932.00000000,0.00001892
1626349070498000,0,428.00000000,0.00001892
1626349070527000,0,1278.00000000,0.00001892
1626349070541000,0,1362.00000000,0.00001892
1626349078712000,1,819.97254000,0.00001891
1626349130788000,0,419.00000000,0.00001891
1626349130856000,0,0.46907011,0.00001891
1626349634383000,1,110.94190100,0.00001889
1626350366763000,0,8302.45446212,0.00001889
1626350451681000,1,4000.00000000,0.00001888
1626350736692000,0,389.55409200,0.00001885
1626350875512000,1,1876.00000000,0.00001885
1626350875539000,1,2406.10000000,0.00001885
1626350917783000,0,12259.00000000,0.00001887
1626350959481000,0,8324.64172562,0.00001888
1626350973982000,0,3019.00000000,0.00001888
1626350974515000,0,5305.00000000,0.00001888
1626350977202000,0,0.64172562,0.00001888
1626350977202000,0,846.35827438,0.00001888
1626350977256000,0,7478.28345124,0.00001888
1626350977256000,0,4000.00000000,0.00001888
1626350977333000,0,8324.64172562,0.00001888
1626350978919000,0,8324.00000000,0.00001888
1626351005957000,0,0.64172562,0.00001888
1626351005957000,0,2378.35827438,0.00001888
1626351006560000,0,1929.00000000,0.00001888
1626351006793000,0,1295.00000000,0.00001888
1626351006956000,0,1929.00000000,0.00001888
1626351030587000,1,846.00000000,0.00001888
1626351032602000,1,8169.00000000,0.00001888
1626351037789000,0,4000.00000000,0.00001889
1626351080751000,0,8316.00000000,0.00001890
1626351082100000,0,0.93054455,0.00001890
1626351082100000,0,8316.93054455,0.00001890
1626351101254000,0,38.42732400,0.00001890
1626351121925000,0,1966.00000000,0.00001891
1626351121966000,0,0.18554106,0.00001891
1626351150305000,1,1968.00000000,0.00001891
1626351163320000,0,586.00000000,0.00001892
1626351217330000,0,726.00000000,0.00001891
1626351218455000,0,0.15000000,0.00001891
1626351218455000,0,2173.85000000,0.00001892
1626351218540000,0,1826.15000000,0.00001892
1626351218540000,0,8331.57027422,0.00001892
1626351220626000,0,8109.00000000,0.00001892
1626351285324000,1,2869.34234861,0.00001892
1626351290444000,1,374.00000000,0.00001892
1626351412917000,1,1962.23311893,0.00001890
1626351412917000,1,4904.76688107,0.00001890
1626351495573000,0,112.05400100,0.00001889
1626351516572000,0,78.52064000,0.00001888
1626351555403000,0,30.37346200,0.00001889
1626351563302000,0,170.68170400,0.00001889
1626351576705000,0,52.45253800,0.00001889
1626351594373000,1,4000.00000000,0.00001886
1626351606087000,0,156.84000000,0.00001887
1626351681459000,0,52.87217500,0.00001886
1626351771514000,1,25.13772200,0.00001884
1626352003087000,0,35.40749900,0.00001884
1626352057111000,0,8352.00000000,0.00001884
1626352057229000,0,0.71242878,0.00001884
1626352417925000,0,7500.00000000,0.00001885
1626353017014000,1,1974.00000000,0.00001886
1626353314410000,0,112.60593200,0.00001888
1626353324415000,0,111.95044700,0.00001887
1626353336531000,0,112.63137600,0.00001888
1626353377465000,1,112.00000000,0.00001887
1626353377658000,1,0.69106400,0.00001887
1626353395994000,1,48.18275700,0.00001887
1626353874490000,1,171.01610000,0.00001889
1626354019796000,0,12146.00000000,0.00001891
1626354036909000,0,7686.00000000,0.00001892
1626354041840000,0,5100.00000000,0.00001892
1626354042005000,0,0.94874742,0.00001892
1626354087646000,0,859.00000000,0.00001893
1626354087683000,0,7477.19854598,0.00001893
1626354171726000,0,249.00000000,0.00001894
1626354189089000,1,12258.00000000,0.00001893
1626354213630000,1,605.82000000,0.00001892
1626354476471000,0,168.36953400,0.00001892
1626354578253000,0,225.62447500,0.00001891
1626354621813000,1,3560.00000000,0.00001888
1626354621940000,1,246.00000000,0.00001888
1626354622114000,1,29524.00000000,0.00001888
1626354635291000,1,0.24748544,0.00001888
1626354665473000,0,653.48000000,0.00001889
1626354713831000,0,102.27059900,0.00001889
1626354768765000,1,158.10366514,0.00001888
1626354783887000,1,118.57774886,0.00001888
1626354786642000,1,71.14664931,0.00001888
1626354856610000,0,112.32233600,0.00001890
1626354988369000,0,7323.93329804,0.00001889
1626354994721000,0,1028.71003119,0.00001889
1626354994721000,0,4000.00000000,0.00001889
1626354994721000,0,3407.60442090,0.00001889
1626355073322000,0,11.14917000,0.00001889
1626355114975000,0,112.47988800,0.00001889
1626355226955000,0,72.60620000,0.00001886
1626355338146000,0,148.48962300,0.00001886
1626355348465000,0,19.76387300,0.00001885
1626355449287000,0,112.67492100,0.00001886
1626355456208000,0,917.25040837,0.00001886
1626355486654000,0,98.80000000,0.00001886
1626355487010000,0,1978.66879288,0.00001886
1626355501390000,0,2328.00000000,0.00001886
1626355503219000,0,6916.00000000,0.00001886
1626355503226000,0,0.36919264,0.00001886
1626355624820000,0,112.63772100,0.00001889
1626355631634000,1,12259.00000000,0.00001888
1626355638600000,1,4000.00000000,0.00001886
1626355638600000,1,3977.70000000,0.00001886
1626355638600000,1,1980.30000000,0.00001886
1626355646464000,0,12259.00000000,0.00001887
1626355646860000,0,16.61684200,0.00001888
1626355691898000,1,12259.00000000,0.00001886
1626355697809000,1,4000.00000000,0.00001885
1626355730211000,1,1966.95455995,0.00001886
1626355909510000,1,4000.00000000,0.00001885
1626356013139000,0,112.02267600,0.00001885
1626356099978000,0,111.92689100,0.00001884
1626356105547000,0,449.66950000,0.00001884
1626356116409000,0,1971.26788741,0.00001883
1626356116410000,0,4928.16971853,0.00001883
1626356164766000,0,112.08213600,0.00001884
1626356208478000,1,1969.84863013,0.00001883
1626356208478000,1,4924.62156987,0.00001883
1626356272473000,0,112.20176700,0.00001884
1626356293442000,0,112.12949000,0.00001884
1626356293688000,0,11.14337400,0.00001884
1626356383140000,0,2629.90777838,0.00001885
1626356383223000,0,159.03570685,0.00001886
1626356465319000,0,315.03000000,0.00001886
1626356585017000,0,861.45936881,0.00001886
1626356765685000,0,236.30000000,0.00001886
1626356983150000,1,4926.60301503,0.00001885
1626356983150000,1,1970.64119497,0.00001885
1626357174364000,1,606.86000000,0.00001883
1626357245445000,0,157.49000000,0.00001886
1626357666859000,1,12.43833100,0.00001888
1626357804844000,1,283.97173300,0.00001884
1626358053630000,1,25.70831200,0.00001885
1626358386124000,0,1569.36000000,0.00001891
1626358457992000,1,17.90964900,0.00001890
1626358516733000,1,19.32033100,0.00001890
1626358535492000,1,19.32943700,0.00001890
1626358569595000,1,98.80000000,0.00001890
1626358573286000,1,8160.00000000,0.00001890
1626358652536000,1,2682.00000000,0.00001889
1626358652567000,1,230.00000000,0.00001889
1626358652599000,1,5384.74395330,0.00001889
1626358652914000,1,8296.00000000,0.00001889
1626358798336000,1,1105.80284000,0.00001889
1626358815710000,1,5003.00000000,0.00001890
1626358923349000,1,2012.00000000,0.00001890
1626359278350000,0,8328.00000000,0.00001891
1626359309685000,0,0.92492425,0.00001891
1626359309685000,0,8328.07507575,0.00001891
1626359309755000,0,0.84984850,0.00001891
1626359312761000,0,8328.00000000,0.00001891
1626359402085000,0,0.92492425,0.00001891
1626359402085000,0,2998.07507575,0.00001891
1626359402562000,0,8329.00000000,0.00001891
1626359402586000,0,0.76013152,0.00001891
1626359462558000,0,4000.00000000,0.00001891
1626359515737000,0,3406.00000000,0.00001891
1626359515794000,0,4926.72065033,0.00001891
1626359515794000,0,3067.27934967,0.00001891
1626359517092000,0,8154.55948486,0.00001891
1626359522644000,0,3779.00000000,0.00001891
1626359522683000,0,221.00000000,0.00001891
1626359523126000,0,2463.00000000,0.00001891
1626359981589000,0,782.00000000,0.00001890
1626359981671000,0,782.00000000,0.00001890
1626359984157000,0,542.00000000,0.00001890
1626359984258000,0,542.00000000,0.00001890
1626359984370000,0,706.00000000,0.00001890
1626359985960000,0,4146.00000000,0.00001890
1626360114159000,0,3530.00000000,0.00001890
1626360135728000,0,972.95776600,0.00001889
1626360135728000,0,2572.04223400,0.00001889
1626360138881000,0,2758.00000000,0.00001889
1626360140582000,0,1169.00000000,0.00001889
1626360140582000,0,0.95776600,0.00001889
1626360245158000,0,4000.00000000,0.00001889
1626360544956000,0,98.80000000,0.00001890
1626360558611000,0,333.05746000,0.00001890
1626361034288000,1,1963.39850632,0.00001889
1626361034288000,1,4911.56968751,0.00001889
1626361085069000,0,156.79000000,0.00001890
1626361087785000,0,783.78000000,0.00001890
1626361445285000,0,1571.72000000,0.00001891
1626361560200000,0,2209.00000000,0.00001893
1626361560214000,0,2209.00000000,0.00001893
1626361560227000,0,2209.00000000,0.00001893
1626361565281000,0,1569.87000000,0.00001893
1626361873386000,0,37176.00000000,0.00001894
1626362566265000,0,111.79938700,0.00001893
1626362619762000,1,770.00000000,0.00001893
1626362619769000,1,0.10036900,0.00001893
1626363160229000,0,8325.00000000,0.00001893
1626363160253000,0,0.26758693,0.00001893
1626363184776000,0,784.15000000,0.00001893
1626363305061000,0,157.13000000,0.00001894
1626363427064000,0,784.97000000,0.00001894
1626363921728000,0,892.00000000,0.00001893
1626363969139000,1,679.18081900,0.00001892
1626364331707000,1,3843.99226000,0.00001894
1626364468657000,1,172.00000100,0.00001894
1626364571570000,0,507.00000000,0.00001896
1626364591811000,0,0.44743506,0.00001896
1626364591811000,0,58.14169996,0.00001896
1626364714364000,1,513.11000000,0.00001893
1626364797998000,1,98.80000000,0.00001894
1626364798964000,1,2431.00000000,0.00001894
1626364805259000,1,0.36334697,0.00001894
1626364805259000,1,2534.56071366,0.00001893
1626364805259000,1,2505.66660641,0.00001893
1626364805259000,1,3708.00000000,0.00001893
1626364809188000,0,1967.52498832,0.00001894
1626364809188000,0,1175.64501168,0.00001894
1626364892399000,1,4000.00000000,0.00001893
1626364944271000,0,2480.00000000,0.00001894
1626364947047000,0,5520.00000000,0.00001894
1626365302613000,1,12259.23941422,0.00001892
1626365426122000,0,62.44617300,0.00001894
1626365426122000,0,12258.55382700,0.00001894
1626365636175000,1,9096.00000000,0.00001895
1626365656815000,1,4000.00000000,0.00001895
1626365792889000,1,3162.55382700,0.00001895
1626365819626000,1,3837.60000000,0.00001894
1626365819626000,1,166.40000000,0.00001894
1626365825831000,1,1858.00000000,0.00001893
1626365825895000,1,2142.00000000,0.00001893
1626366485717000,0,1977.31759665,0.00001891
1626366485717000,0,1022.70240335,0.00001891
1626366506200000,0,109.72978200,0.00001891
1626366513121000,1,2480.00000000,0.00001890
1626366513190000,1,0.43488361,0.00001890
1626366526499000,0,799.81128300,0.00001891
1626366544164000,0,22.37908000,0.00001891
1626366572891000,0,109.74378100,0.00001890
1626366603966000,0,10.98132500,0.00001890
1626366807671000,0,27.49193800,0.00001889
1626366848817000,0,12259.00000000,0.00001890
1626366974522000,0,7000.00000000,0.00001890
1626366974522000,0,2885.17143100,0.00001890
1626367180671000,0,8395.52778669,0.00001891
1626367180671000,0,2690.00000000,0.00001891
1626367223417000,1,5145.00000000,0.00001890
1626367224024000,1,7114.00000000,0.00001890
1626367255816000,0,136.75900500,0.00001891
1626367345259000,1,131.00000000,0.00001890
1626367506583000,0,6500.00000000,0.00001891
1626367506583000,0,12259.00000000,0.00001891
1626367551913000,1,500.00000000,0.00001890
1626367702317000,1,5475.00000000,0.00001892
1626367702398000,1,0.33111500,0.00001892
1626367719723000,1,2264.00000000,0.00001891
1626367758004000,0,2978.00000000,0.00001892
1626367768791000,0,2496.00000000,0.00001892
1626368175326000,1,1667.00000000,0.00001891
1626368343217000,0,859.00000000,0.00001893
1626368364215000,0,719.00000000,0.00001894
1626368364353000,0,140.00000000,0.00001894
1626368655653000,1,1252.00000000,0.00001894
1626368864503000,1,9966.00000000,0.00001892
1626368926834000,0,10877.66021300,0.00001893
1626368966326000,0,4000.00000000,0.00001894
1626368966326000,0,4948.12680743,0.00001894
1626368966326000,0,3850.60000000,0.00001894
1626368966326000,0,859.00000000,0.00001894
1626368969980000,0,11218.00000000,0.00001895
1626368979336000,1,4000.00000000,0.00001893
1626368979353000,0,8259.00000000,0.00001893
1626368987482000,1,1609.01718000,0.00001891
1626368987535000,1,171.69900000,0.00001891
1626368987619000,1,3169.87752847,0.00001891
1626368987619000,1,1980.23748339,0.00001891
1626369011073000,1,1983.02904233,0.00001886
1626369011073000,1,4963.71132767,0.00001886
1626369015899000,1,1995.44275993,0.00001886
1626369019175000,0,162.18081200,0.00001885
1626369020647000,1,1999.24449760,0.00001883
1626369020647000,1,4988.60689984,0.00001882
1626369020647000,1,4012.14860256,0.00001882
1626369021400000,1,1999.24449760,0.00001882
1626369021400000,1,3999.99999240,0.00001882
1626369021463000,1,0.00000760,0.00001882
1626369021468000,0,1999.99999240,0.00001882
1626369022468000,0,4000.00000000,0.00001883
1626369023515000,1,1374.00000000,0.00001883
1626369025990000,1,1538.00000000,0.00001882
1626369026003000,1,3334.85140504,0.00001882
1626369026856000,0,2000.39389938,0.00001883
1626369026856000,0,5001.86037194,0.00001884
1626369027220000,0,98.80000000,0.00001884
1626369027331000,0,1901.00000000,0.00001884
1626369027447000,0,0.59389938,0.00001884
1626369028082000,0,2000.39389938,0.00001885
1626369028082000,0,2996.92842062,0.00001885
1626369032252000,0,4137.00000000,0.00001886
1626369032252000,0,511.00000000,0.00001886
1626369032263000,0,1486.55820344,0.00001886
1626369032263000,0,4993.40881226,0.00001886
1626369051001000,1,4991.25197242,0.00001884
1626369051001000,1,1996.74802758,0.00001884
1626369052205000,0,144.00000000,0.00001885
1626369053081000,1,4000.00000000,0.00001883
1626369066438000,1,4000.00000000,0.00001882
1626369078627000,0,5009.01951786,0.00001883
1626369078627000,0,2003.70936122,0.00001883
1626369091103000,0,2003.00000000,0.00001882
1626369154310000,0,11864.00000000,0.00001883
1626369170649000,0,2000.00000000,0.00001882
1626369196756000,0,2000.00000000,0.00001882
1626369212730000,1,2850.00000000,0.00001881
1626369231141000,1,2655.00000000,0.00001882
1626369234939000,1,6359.00000000,0.00001882
1626369236756000,0,2001.00000000,0.00001882
1626369323939000,0,4000.00000000,0.00001883
1626369327927000,0,7270.00000000,0.00001883
1626369328089000,0,2144.00000000,0.00001883
1626369350726000,0,94.00000000,0.00001884
1626369350728000,0,1905.95367339,0.00001884
1626369350728000,0,2845.46036528,0.00001884
1626369578022000,0,6391.32804800,0.00001887
1626369754790000,0,2690.00000000,0.00001889
1626369754790000,0,859.00000000,0.00001889
1626369777066000,0,4992.81444131,0.00001891
1626369777066000,0,1997.12577652,0.00001891
1626369777066000,0,4992.81444131,0.00001891
1626369777066000,0,1997.23720086,0.00001891
1626369777075000,0,0.00001642,0.00001891
1626369777479000,0,1935.22861518,0.00001892
1626369777675000,0,264.00000000,0.00001892
1626369777704000,0,10782.08893223,0.00001892
1626369806328000,1,98.80000000,0.00001891
1626369806377000,1,1896.21464991,0.00001891
1626369824690000,1,3728.60000000,0.00001889
1626369824690000,1,1997.12577652,0.00001889
1626369824690000,1,4992.81443348,0.00001889
1626369824962000,1,0.00000783,0.00001889
1626369871296000,1,12259.00000000,0.00001887
1626369968906000,0,8464.76220686,0.00001890
1626369968906000,0,3772.07030914,0.00001890
1626369990650000,1,10.71796900,0.00001888
1626370002780000,1,744.81608700,0.00001888
1626370085143000,0,500.02000000,0.00001890
1626370094911000,0,313.72704900,0.00001890
1626370191711000,0,12259.00000000,0.00001892
1626370198580000,0,8308.73260000,0.00001893
1626370205139000,0,482.92000000,0.00001895
1626370237866000,0,3000.00000000,0.00001892
1626370566843000,1,1992.06064424,0.00001890
1626370566843000,1,4979.39619576,0.00001890
1626370566864000,1,0.00000685,0.00001890
1626370571258000,1,3593.00000000,0.00001889
1626370572142000,1,8666.00000000,0.00001889
1626370641690000,0,1997.00000000,0.00001889
1626370641807000,0,0.99090991,0.00001889
1626370812751000,0,12259.00000000,0.00001890
1626370823702000,1,8226.76510000,0.00001889
1626370823702000,1,7773.23490000,0.00001889
1626370823769000,1,1996.08523745,0.00001889
1626370824565000,1,1995.97142296,0.00001887
1626370824587000,1,159.70399126,0.00001887
1626370824589000,1,1060.68243601,0.00001887
1626370847568000,1,1997.42437719,0.00001886
1626370847581000,1,988.22890000,0.00001886
1626370847586000,1,10050.84503801,0.00001886
1626370848203000,1,12989.51395537,0.00001885
1626370848203000,1,4998.00888660,0.00001885
1626370848203000,1,1998.48289568,0.00001885
1626370849912000,0,12259.00000000,0.00001885
1626370849927000,0,0.46036528,0.00001885
1626370865204000,0,239.64000000,0.00001885
1626370887390000,0,1997.42437719,0.00001889
1626370887390000,0,4993.56094298,0.00001889
1626370887390000,0,5246.01467983,0.00001889
1626370888128000,0,886.73838322,0.00001890
1626370888339000,0,1959.31762291,0.00001890
1626370888348000,0,499.00370222,0.00001890
1626370898580000,0,4434.00000000,0.00001892
1626370898640000,0,0.70000000,0.00001892
1626370900808000,1,627.95760000,0.00001891
1626370900821000,1,168.18350000,0.00001891
1626370900822000,1,66.30150000,0.00001891
1626370901196000,0,4000.00000000,0.00001890
1626370901296000,1,1476.00000000,0.00001889
1626370901518000,1,815.99999999,0.00001889
1626370901609000,1,9854.34641472,0.00001889
1626370902738000,0,1996.36697943,0.00001890
1626370902738000,0,4203.63302057,0.00001890
1626370902738000,0,787.28442800,0.00001890
1626370909355000,0,19.38936700,0.00001890
1626370909355000,0,1995.61063300,0.00001890
1626370909372000,0,0.43000465,0.00001890
1626370909559000,0,4990.91744857,0.00001890
1626370909559000,0,1238.08255143,0.00001891
1626370909705000,0,2412.71744857,0.00001891
1626370909705000,0,12971.04870428,0.00001891
1626370925464000,0,159.73000000,0.00001892
1626370967212000,1,1871.00000000,0.00001889
1626370990530000,0,3650.80000000,0.00001892
1626370990530000,0,1995.20000000,0.00001892
1626370990586000,0,0.04122597,0.00001892
1626370992871000,1,1994.21675546,0.00001891
1626370992871000,1,6388.46036528,0.00001891
1626371058535000,0,8454.28505070,0.00001890
1626371058535000,0,1996.53262180,0.00001890
1626371058535000,0,4991.18232750,0.00001890
1626371058557000,0,0.14922699,0.00001890
1626371165489000,0,239.52000000,0.00001891
1626371332713000,1,62.03148400,0.00001892
1626371465172000,0,319.60000000,0.00001896
1626371561824000,0,14.68950000,0.00001895
1626371562440000,0,0.00007600,0.00001895
1626371562440000,0,1996.33093831,0.00001896
1626371562440000,0,4989.66898569,0.00001896
1626371573217000,0,4536.00000000,0.00001896
1626371589292000,0,1982.00000000,0.00001896
1626371645221000,0,797.58000000,0.00001896
1626371659037000,1,258.01728174,0.00001895
1626371685799000,1,1998.11619603,0.00001893
1626371686137000,1,5116.00000000,0.00001893
1626371725620000,1,1402.00000000,0.00001893
1626371799157000,1,20.48999000,0.00001893
1626371886365000,0,159.59000000,0.00001896
1626371926975000,1,45.17193900,0.00001894
1626372002612000,1,22.59650200,0.00001894
1626372020863000,1,2005.68940100,0.00001895
1626372083176000,1,20.47087900,0.00001895
1626372645547000,0,3366.00000000,0.00001896
1626372645603000,0,3366.00000000,0.00001896
1626372645904000,0,1939.00000000,0.00001896
1626372666786000,0,3588.00000000,0.00001897
1626372666827000,0,0.46036528,0.00001897
1626372717530000,1,25.85661600,0.00001896
1626372777682000,1,19.50889500,0.00001896
1626372780329000,1,277.79697000,0.00001896
1626372868471000,0,2690.00000000,0.00001898
1626372868471000,0,8411.67954970,0.00001898
1626372868471000,0,4000.00000000,0.00001898
1626372868616000,0,8411.67954970,0.00001898
1626372872036000,0,1863.00000000,0.00001898
1626372872448000,0,1548.00000000,0.00001898
1626372872518000,0,589.00000000,0.00001898
1626372872518000,0,959.00000000,0.00001898
1626372876766000,0,1731.00000000,0.00001898
1626372876766000,0,859.00000000,0.00001898
1626372911868000,1,12.93416500,0.00001897
1626372964611000,1,403.42416300,0.00001897
1626373101397000,1,31.75000000,0.00001897
1626373185148000,1,488.99799400,0.00001897
1626373323396000,1,1398.00000000,0.00001901
1626373350307000,1,1253.00000000,0.00001900
1626373350340000,1,726.50543202,0.00001900
1626373495602000,1,10861.00000000,0.00001900
1626373569682000,0,1438.48480000,0.00001900
1626374146680000,1,340.00000000,0.00001899
1626374214980000,0,505.00000000,0.00001902
1626374215019000,0,0.82533351,0.00001902
1626374766554000,0,268.55969515,0.00001902
1626374766554000,0,47.91030485,0.00001902
1626374826302000,0,12259.00000000,0.00001903
1626374837555000,1,1979.46799148,0.00001902
1626374839174000,1,2000.00000000,0.00001901
1626374885297000,1,1981.61912912,0.00001900
1626375000927000,1,350.00000000,0.00001899
1626375001740000,1,4943.00000000,0.00001899
1626375073912000,1,4000.00000000,0.00001899
1626375171445000,0,1849.00000000,0.00001900
1626375171511000,0,127.19617928,0.00001900
1626375228405000,1,100.95415600,0.00001900
1626375669425000,0,646.00000000,0.00001902
1626375681667000,0,4647.00000000,0.00001902
1626375955299000,1,18.74768000,0.00001901
1626376052615000,0,39.05149763,0.00001903
1626376293348000,1,205.76474900,0.00001902
1626376405413000,1,323.95043739,0.00001903
1626376577310000,1,398.05183146,0.00001901
1626376595399000,0,1973.25726837,0.00001902
1626376600789000,1,8355.00000000,0.00001901
1626376602799000,1,1209.00000000,0.00001901
1626376608657000,1,4961.00000000,0.00001900
1626376624592000,1,4000.00000000,0.00001900
1626376625538000,1,553.00000000,0.00001900
1626376625829000,1,3447.00000000,0.00001900
1626376641416000,1,6961.00000000,0.00001899
1626376735344000,0,98.80000000,0.00001899
1626376735411000,0,1874.73788000,0.00001899
1626376755816000,0,1966.48461000,0.00001899
1626376769813000,0,4000.00000000,0.00001900
1626376769813000,0,1966.00000000,0.00001900
1626376770017000,0,0.48461280,0.00001900
1626376770017000,0,145.51538720,0.00001900
1626376770019000,0,354.48461280,0.00001900
1626376770610000,0,4000.00000000,0.00001900
1626376770636000,0,500.00000000,0.00001900
1626376773497000,1,1499.94930000,0.00001898
1626376798372000,1,1821.00000000,0.00001899
1626376798738000,1,39.05149763,0.00001899
1626376798892000,1,972.00000000,0.00001899
1626376798899000,1,1167.94850237,0.00001899
1626376806217000,1,305.00000000,0.00001898
1626376833568000,1,4000.00000000,0.00001897
1626377000205000,0,4000.00000000,0.00001899
1626377000205000,0,5431.89150900,0.00001899
1626377045725000,0,4000.00000000,0.00001898
1626377045725000,0,2915.20048636,0.00001899
1626377045725000,0,154.78951364,0.00001899
1626377069565000,0,1319.62578600,0.00001899
1626378185770000,0,157.57000000,0.00001903
1626378798567000,1,1093.23844900,0.00001907
1626378802479000,0,504.21356930,0.00001908
1626378840416000,1,23.76663700,0.00001908
1626380477978000,0,2000.00000000,0.00001905
1626380585561000,0,187.67948100,0.00001905
1626380674276000,0,1960.99576675,0.00001904
1626380674276000,0,1008.29149825,0.00001905
1626380817988000,0,4892.60052650,0.00001909
1626380817988000,0,1956.86053532,0.00001909
1626381300792000,0,11.87308000,0.00001908
1626381300792000,0,1957.48107850,0.00001909
1626381761058000,0,111.64286300,0.00001907
1626381933511000,0,4000.00000000,0.00001907
1626381933511000,0,500.00000000,0.00001907
1626381933511000,0,5295.86621800,0.00001908
1626382085118000,0,156.57000000,0.00001906
1626382464234000,0,1397.91514000,0.00001903
1626382481353000,0,111.58130000,0.00001903
1626382625627000,0,782.11000000,0.00001902
1626382627977000,0,391.02000000,0.00001902
1626382674064000,0,1278.66487200,0.00001902
1626382702149000,1,46.52479244,0.00001902
1626382702152000,1,0.94948556,0.00001902
1626383525275000,0,779.24000000,0.00001908
1626383705859000,0,389.68000000,0.00001908
1626384243683000,0,2153.98319600,0.00001909
1626384546009000,0,1600.02000000,0.00001907
1626384555986000,0,26.87982100,0.00001907
1626384577135000,0,153.15184700,0.00001907
1626384600733000,1,8264.00000000,0.00001905
1626384806476000,0,111.52360000,0.00001902
1626384918328000,0,1845.02972471,0.00001902
1626384918328000,0,4890.97027529,0.00001902
1626384918394000,0,0.41303648,0.00001902
1626384976194000,1,98.80000000,0.00001902
1626384976465000,1,487.00000000,0.00001902
1626384976508000,1,0.56672700,0.00001902
1626385448471000,0,1959.32408091,0.00001901
1626385448471000,0,4898.31202208,0.00001901
1626385878870000,0,1839.00000000,0.00001898
1626385898967000,1,71.20063357,0.00001894
1626385898967000,1,106.79936643,0.00001894
1626385899128000,1,0.00791973,0.00001894
1626385899128000,1,7323.92537831,0.00001893
1626385899167000,1,995.36772169,0.00001893
1626385899167000,1,7440.94673040,0.00001892
1626385938937000,0,1964.88500481,0.00001895
1626386006143000,0,226.91328300,0.00001896
1626386105254000,0,1566.90000000,0.00001895
1626386285112000,0,234.51000000,0.00001891
1626386435860000,0,110.00000000,0.00001892
1626386436462000,0,4230.00000000,0.00001892
1626386436546000,0,4230.00000000,0.00001892
1626386437253000,0,8029.00000000,0.00001892
1626386663540000,0,962.63386600,0.00001895
1626387502167000,0,1961.78046466,0.00001892
1626387512058000,1,26.62539400,0.00001891
1626387780009000,0,1962.00000000,0.00001896
1626387780069000,0,0.04000188,0.00001896
1626387849208000,1,57.52002200,0.00001896
1626387891198000,1,1499.82952199,0.00001897
1626387894517000,1,953.86514727,0.00001897
1626388052501000,1,19.27435500,0.00001897
1626388104718000,1,14.50442100,0.00001897
1626388323061000,1,1016.00000000,0.00001897
1626388376267000,1,8190.00000000,0.00001896
1626388376291000,1,3053.46036528,0.00001896
1626388494138000,1,350.00000000,0.00001896
1626388494312000,1,7942.00000000,0.00001896
1626388566473000,1,0.82888018,0.00001896
1626389926748000,1,241.66701500,0.00001890
1626390053070000,0,98.80000000,0.00001893
1626390163532000,0,186.00000000,0.00001891
1626390163661000,0,0.50000000,0.00001891
1626390204222000,1,437.00000000,0.00001891
1626390362681000,0,19.75220000,0.00001890
1626390362752000,0,0.00003800,0.00001890
1626390744410000,1,2114.88923200,0.00001889
1626392665118000,1,504.21356930,0.00001883
1626392888415000,0,19.87337600,0.00001884
1626392909112000,0,17.13056900,0.00001883
1626392950756000,0,18.56025900,0.00001884
1626392986816000,1,16.80900000,0.00001883
1626392989665000,1,0.00077000,0.00001883
1626393125729000,0,238.02000000,0.00001881
1626393207796000,0,66.30736300,0.00001880
1626393330860000,1,81.99100000,0.00001878
1626393483677000,1,48.00900000,0.00001878
1626393484435000,1,19.27026200,0.00001877
1626393545799000,0,158.73000000,0.00001878
