timestamp ms,type,amount,price
1623888046322000,1,895.44750000,0.00002170
1623888135715000,0,9347.79192732,0.00002172
1623888159697000,0,20.59540000,0.00002172
1623888211637000,0,2496.10446340,0.00002176
1623888211637000,0,1054.44246952,0.00002176
1623888211637000,0,1441.04650004,0.00002176
1623888480653000,1,2989.07209700,0.00002176
1623888490601000,0,29.03905300,0.00002178
1623888510174000,0,168.01435700,0.00002178
1623888670715000,1,28.23213800,0.00002176
1623888896293000,0,294.06160263,0.00002179
1623888952194000,0,281.23442100,0.00002175
1623889008392000,0,549.00000000,0.00002177
1623889018099000,0,230.21082192,0.00002177
1623889034843000,0,277.54050435,0.00002178
1623889037360000,0,606.00000000,0.00002178
1623889043141000,0,572.00000000,0.00002178
1623889048620000,0,339.31877756,0.00002178
1623889051384000,0,584.00000000,0.00002178
1623889065654000,0,179.88440000,0.00002179
1623889069385000,0,689.17065938,0.00002179
1623889084452000,0,1047.80000001,0.00002180
1623889084556000,0,992.90000000,0.00002180
1623889085096000,0,5517.71154712,0.00002180
1623889436661000,0,1424.84522829,0.00002189
1623889810809000,0,1421.80287303,0.00002194
1623889958928000,1,14618.00000000,0.00002193
1623890003512000,0,1421.40399689,0.00002194
1623890003512000,0,3545.53051225,0.00002194
1623890155213000,1,5903.90911816,0.00002195
1623890155566000,1,5903.00000000,0.00002195
1623890161431000,1,0.90911816,0.00002195
1623890164766000,0,29.09088184,0.00002195
1623890164956000,1,3920.00000000,0.00002196
1623890165675000,0,2963.45865306,0.00002198
1623890204787000,1,4323.00000000,0.00002196
1623890210427000,1,2322.00000000,0.00002195
1623890274601000,0,57.81700000,0.00002197
1623890274990000,0,0.00022700,0.00002197
1623890404696000,1,3920.00000000,0.00002200
1623890433054000,1,466.03407451,0.00002198
1623890441891000,0,3534.77171621,0.00002199
1623890441891000,0,1413.90868649,0.00002199
1623890442017000,0,4948.00000000,0.00002199
1623890442044000,0,4948.00000000,0.00002199
1623890486004000,1,57.81700000,0.00002198
1623890507966000,0,174.55275900,0.00002197
1623890507966000,0,1415.28436692,0.00002197
1623890507966000,0,3538.21091729,0.00002197
1623890518318000,1,5813.00000000,0.00002196
1623890519508000,1,2700.00000000,0.00002196
1623890576232000,0,1383.61677000,0.00002196
1623890614988000,0,1412.67063394,0.00002199
1623890614988000,0,3531.67658486,0.00002199
1623890614988000,0,4269.65278120,0.00002199
1623890654141000,1,50.00000000,0.00002197
1623890674504000,1,4269.00000000,0.00002200
1623890689979000,1,35.26855900,0.00002199
1623890708790000,0,920.00000000,0.00002200
1623890708861000,0,0.56528032,0.00002200
1623890722927000,1,266.96506277,0.00002199
1623890745362000,1,50.91051944,0.00002199
1623890759311000,0,14617.00000000,0.00002200
1623890759329000,0,0.96398880,0.00002200
1623890770070000,1,8000.00000000,0.00002199
1623890770125000,1,3612.79930000,0.00002199
1623890770194000,1,4091.70000000,0.00002198
1623890770194000,1,3529.55556562,0.00002198
1623890770194000,1,9174.60976150,0.00002198
1623890770194000,1,1411.80313957,0.00002198
1623890770194000,1,2892.23153331,0.00002197
1623890770867000,0,618.34911003,0.00002198
1623890778297000,1,3500.00000000,0.00002197
1623890779643000,1,1617.00302000,0.00002197
1623890792765000,0,905.00000000,0.00002197
1623890798860000,0,2319.00000000,0.00002197
1623890803557000,0,0.47619935,0.00002197
1623890803557000,0,3919.52380065,0.00002197
1623890806754000,0,3016.00000000,0.00002197
1623890807984000,0,0.83277928,0.00002197
1623890812987000,0,2035.18191737,0.00002197
1623890815359000,0,509.00000000,0.00002197
1623890819123000,0,1415.00000000,0.00002197
1623890824487000,0,0.69836118,0.00002197
1623890824487000,0,5896.08316509,0.00002198
1623890824487000,0,3369.21847373,0.00002198
1623890846085000,0,1102.00000000,0.00002197
1623890858862000,0,0.33321736,0.00002197
1623890858862000,0,3919.66678264,0.00002198
1623890874277000,0,877.00000000,0.00002198
1623890940981000,1,237.64319457,0.00002198
1623890950406000,1,117.22635630,0.00002198
1623891088954000,0,1414.21383075,0.00002198
1623891088954000,0,3534.18737902,0.00002198
1623891261117000,1,1415.22099189,0.00002194
1623891261331000,1,9200.95411642,0.00002193
1623891261331000,1,3539.58206514,0.00002193
1623891261331000,1,1415.46381844,0.00002193
1623891261427000,1,0.41899384,0.00002193
1623891607082000,0,1413.74994000,0.00002196
1623891619981000,0,1411.64249551,0.00002200
1623891620634000,0,790.45000000,0.00002201
1623891620749000,0,620.73750145,0.00002201
1623891620749000,0,3920.00000000,0.00002201
1623891622340000,0,1410.09133000,0.00002203
1623891622428000,0,0.00000092,0.00002203
1623891622738000,0,3522.85602176,0.00002204
1623891622738000,0,2112.56520824,0.00002204
1623891622818000,0,7046.63849000,0.00002204
1623891622967000,0,0.00000375,0.00002204
1623891622967000,0,1409.71927685,0.00002204
1623891623777000,0,9021.47031000,0.00002206
1623891624147000,0,3920.00000000,0.00002206
1623891624147000,0,6011.89120000,0.00002207
1623891624899000,1,4199.02048943,0.00002208
1623891625185000,1,6322.00000000,0.00002208
1623891626178000,1,656.00000000,0.00002208
1623891633842000,1,3920.00000000,0.00002205
1623891634213000,1,1407.00000000,0.00002205
1623891634297000,1,0.16312222,0.00002205
1623891634297000,1,1406.83687778,0.00002205
1623891635215000,1,3920.00000000,0.00002205
1623891635488000,0,3920.00000000,0.00002205
1623891689709000,1,236.19190400,0.00002204
1623891692247000,1,2380.00000000,0.00002204
1623891692534000,1,5177.64318060,0.00002204
1623891692534000,1,1407.18974330,0.00002204
1623891692534000,1,3517.97435824,0.00002204
1623891692534000,1,5871.19271786,0.00002204
1623891705420000,1,0.48800353,0.00002204
1623891705420000,1,4100.53247647,0.00002204
1623891705478000,1,3477.86059000,0.00002204
1623891705498000,1,0.00000818,0.00002204
1623891721937000,0,22.71397500,0.00002204
1623891910919000,1,2987.00000000,0.00002211
1623891910973000,1,4718.42803143,0.00002211
1623891917492000,1,790.45000000,0.00002210
1623892366914000,1,50.00000000,0.00002205
1623892490370000,1,60.00000000,0.00002206
1623892802935000,1,14.28971000,0.00002206
1623892909056000,1,466.09133900,0.00002205
1623892968880000,1,2009.00000000,0.00002204
1623892995438000,0,70.00000000,0.00002203
1623892995591000,0,0.29588000,0.00002203
1623893061865000,1,10.40161100,0.00002203
1623893142207000,0,9.94710800,0.00002206
1623893194825000,1,2069.12847412,0.00002202
1623893281668000,0,1406.09213320,0.00002203
1623893281668000,0,1724.90786680,0.00002203
1623893282494000,1,9.94710800,0.00002202
1623893518893000,1,28.57156500,0.00002205
1623893545640000,0,376.00000000,0.00002208
1623893646252000,1,7554.84254110,0.00002208
1623893649245000,1,7707.72994332,0.00002208
1623893815767000,1,38.11025600,0.00002214
1623893823835000,0,4000.00000000,0.00002218
1623893823905000,0,5000.00000000,0.00002218
1623893823910000,0,790.45000000,0.00002218
1623893844175000,0,8317.18400000,0.00002222
1623893846595000,1,3522.13941000,0.00002222
1623893847311000,1,3920.00000000,0.00002222
1623893856260000,1,3920.00000000,0.00002221
1623893856260000,1,2447.00000000,0.00002221
1623893856343000,1,4137.98207000,0.00002221
1623893856410000,1,0.00000294,0.00002221
1623893910525000,1,6164.13033610,0.00002218
1623893910525000,1,1396.52196177,0.00002218
1623893910525000,1,3491.30490444,0.00002218
1623893969697000,1,5534.00000000,0.00002217
1623893969705000,1,0.63304740,0.00002217
1623893992969000,1,5374.00000000,0.00002216
1623893992994000,1,0.66651992,0.00002216
1623893997076000,1,4843.00000000,0.00002215
1623893997122000,1,0.70675033,0.00002215
1623894076415000,1,4654.82615004,0.00002215
1623894187611000,1,790.45000000,0.00002217
1623894214356000,0,457.00000000,0.00002216
1623894220828000,0,0.96826200,0.00002216
1623894242088000,1,2285.00000000,0.00002216
1623894242131000,1,1765.73122020,0.00002216
1623894242956000,1,4236.00000000,0.00002216
1623894243042000,1,0.14078792,0.00002216
1623894329844000,1,3404.87737673,0.00002215
1623894331830000,1,3502.00000000,0.00002215
1623894556496000,0,268.00000000,0.00002216
1623894675801000,1,2973.00000000,0.00002215
1623894845329000,0,551.79000000,0.00002216
1623895181348000,1,400.00000000,0.00002217
1623895194117000,0,24.85300000,0.00002218
1623895201098000,0,0.00077100,0.00002218
1623895219246000,1,2482.00000000,0.00002217
1623895262968000,1,1097.00000000,0.00002212
1623895399193000,1,300.00000000,0.00002209
1623895426575000,1,46.19040000,0.00002209
1623895443481000,1,627.57402989,0.00002209
1623895465912000,1,1356.62855089,0.00002209
1623895571872000,1,62.60725300,0.00002209
1623895607799000,1,110.15163374,0.00002210
1623895695429000,0,4307.00000000,0.00002211
1623895717143000,1,85.78209300,0.00002209
1623895745589000,0,115.00000000,0.00002208
1623895758840000,0,0.78985000,0.00002208
1623895758840000,0,5845.21015000,0.00002209
1623895935632000,1,1093.44828000,0.00002210
1623896067368000,1,10.14556100,0.00002210
1623896328306000,1,391.39386800,0.00002217
1623896347500000,1,3994.00000000,0.00002216
1623896479124000,0,93.00000000,0.00002215
1623896537256000,1,37.58129000,0.00002214
1623896578282000,1,38.80500000,0.00002213
1623896715034000,1,24.85300000,0.00002213
1623896808009000,0,199.00000000,0.00002214
1623897042850000,1,39.85041200,0.00002212
1623897204659000,1,99.22794100,0.00002213
1623897288666000,1,31.45491000,0.00002212
1623897296958000,1,1394.69757101,0.00002212
1623897296958000,1,3486.97670776,0.00002212
1623897296958000,1,7118.32572123,0.00002212
1623897297201000,1,1948.57108000,0.00002212
1623897749039000,1,426.10027200,0.00002212
1623898169244000,1,3496.53451541,0.00002208
1623898169244000,1,755.40695000,0.00002208
1623898169245000,1,643.20685616,0.00002208
1623898177274000,1,3920.00000000,0.00002206
1623898207768000,0,5838.00000000,0.00002208
1623898211196000,0,0.11473992,0.00002208
1623898211196000,0,2319.88526008,0.00002208
1623898376061000,1,3994.00000000,0.00002209
1623898376061000,1,4506.00000000,0.00002209
1623898681701000,0,498.95371291,0.00002210
1623898681702000,0,304.93102809,0.00002210
1623898682319000,0,147.86730000,0.00002210
1623898682691000,0,0.00005000,0.00002210
1623899164723000,1,1395.86901465,0.00002211
1623899164723000,1,3489.99944052,0.00002211
1623899164723000,1,9079.13154483,0.00002211
1623899164857000,1,0.73881098,0.00002211
1623899343632000,0,1816.00000000,0.00002209
1623899404414000,0,13.67500000,0.00002208
1623899404443000,0,0.00033800,0.00002208
1623899450911000,0,1809.00000000,0.00002211
1623899618783000,0,130.94100000,0.00002210
1623899618786000,0,0.00036400,0.00002210
1623899699100000,1,24.56015500,0.00002209
1623899719452000,1,33.64568000,0.00002208
1623899759790000,1,28.51334300,0.00002210
1623899868572000,0,602.00000000,0.00002213
1623899903239000,1,28.47004100,0.00002213
1623900119647000,1,11500.00000000,0.00002210
1623900119651000,1,1398.69158976,0.00002210
1623900119679000,1,186.36503310,0.00002210
1623900120469000,1,3920.00000000,0.00002209
1623900145987000,1,14.25459300,0.00002208
1623900207815000,1,201.41633500,0.00002207
1623900308687000,0,11.00000000,0.00002207
1623900555426000,1,506.40083500,0.00002206
1623900580115000,1,5325.66350549,0.00002206
1623900580115000,1,9084.31353391,0.00002206
1623900580115000,1,4140.00000000,0.00002206
1623900580115000,1,1396.88198534,0.00002206
1623900580115000,1,3492.14097526,0.00002206
1623900630292000,1,1396.76578911,0.00002205
1623900630292000,1,3491.23421089,0.00002205
1623900630319000,1,0.87500039,0.00002205
1623900633944000,0,1762.95174000,0.00002204
1623900633944000,0,2000.00000000,0.00002204
1623900673266000,0,14618.00000000,0.00002206
1623901024791000,1,140.97107700,0.00002201
1623901024892000,1,10.00000000,0.00002201
1623901076560000,0,100.00000000,0.00002200
1623901249848000,1,4778.52171022,0.00002199
1623901299913000,1,9839.00000000,0.00002200
1623901337819000,0,45.57200000,0.00002199
1623901369530000,0,0.00052400,0.00002199
1623901451075000,0,248.00000000,0.00002199
1623901455088000,0,0.83547100,0.00002199
1623901500478000,1,124.57603100,0.00002199
1623901540168000,1,42.93354200,0.00002199
1623901616061000,0,3920.00000000,0.00002200
1623901702705000,1,27.86000000,0.00002200
1623901743273000,1,40.78975300,0.00002200
1623901756057000,1,100.00000000,0.00002200
1623901839166000,1,49.61302300,0.00002200
1623901846370000,1,122.35729700,0.00002201
1623901925104000,1,38.14246000,0.00002203
1623901988451000,0,227.92000000,0.00002204
1623902017123000,1,147.86730000,0.00002204
1623902017132000,1,1250.64800678,0.00002204
1623902017132000,1,1418.27783824,0.00002204
1623902017134000,1,942.58753116,0.00002204
1623902017200000,1,429.10800000,0.00002204
1623902017226000,1,706.31489755,0.00002204
1623902017226000,1,9096.20989558,0.00002204
1623902052434000,1,4104.10000000,0.00002200
1623902052434000,1,1401.22434555,0.00002200
1623902052434000,1,3503.06086389,0.00002200
1623902199139000,1,11.29369200,0.00002199
1623902210846000,1,12.83882700,0.00002199
1623902221861000,1,3895.86748100,0.00002199
1623902221861000,1,350.00000000,0.00002199
1623902221861000,1,5848.79874670,0.00002199
1623902221861000,1,1401.72257603,0.00002199
1623902221861000,1,3505.86421199,0.00002199
1623902221861000,1,9112.96355438,0.00002199
1623902221928000,0,790.45000000,0.00002199
1623902221934000,0,1401.72257603,0.00002199
1623902221996000,0,5848.79874670,0.00002199
1623902222022000,0,2754.49880000,0.00002199
1623902222058000,0,41.17070000,0.00002199
1623902222092000,0,4603.15525878,0.00002199
1623902222093000,0,68.98200000,0.00002199
1623902222103000,0,2755.29902396,0.00002199
1623902225084000,0,456.49995753,0.00002199
1623902226694000,0,474.84530049,0.00002199
1623902226855000,0,621.60000000,0.00002199
1623902228599000,0,1274.37165763,0.00002199
1623902228657000,0,1090.50495494,0.00002199
1623902228906000,0,5848.46545992,0.00002199
1623902229948000,0,443.35888563,0.00002199
1623902230078000,0,5848.46545992,0.00002199
1623902230642000,0,1536.29526404,0.00002199
1623902230710000,0,232.00000000,0.00002199
1623902230822000,0,903.20000000,0.00002199
1623902231209000,0,28674.24523913,0.00002199
1623902292362000,1,500.00000000,0.00002199
1623902311870000,0,142.61608900,0.00002200
1623902371076000,0,116.09000000,0.00002201
1623902461719000,1,16.40133400,0.00002203
1623902473084000,1,43.00000000,0.00002203
1623902751503000,1,3950.20000000,0.00002200
1623902751503000,1,41370.00000000,0.00002200
1623902751503000,1,9085.36371607,0.00002200
1623902751503000,1,3493.86526174,0.00002200
1623902751503000,1,1397.57102219,0.00002200
1623902752545000,0,1739.30000000,0.00002201
1623902765808000,1,56.49000000,0.00002199
1623902791488000,1,40.69467400,0.00002199
1623902825635000,1,474.34240100,0.00002199
1623903000645000,1,53.00000000,0.00002198
1623903038205000,0,14618.00000000,0.00002201
1623903149443000,1,57.05833700,0.00002201
1623903245101000,0,109.88000000,0.00002205
1623903270478000,1,569.80542900,0.00002202
1623903270571000,1,25.00000000,0.00002202
1623903352406000,1,82.70893800,0.00002200
1623903378848000,1,13.29315000,0.00002200
1623903390396000,1,3785.20142100,0.00002200
1623903390396000,1,1395.76708953,0.00002200
1623903390396000,1,3489.03148947,0.00002200
1623903390482000,1,0.38623435,0.00002200
1623903412983000,1,20.00000000,0.00002200
1623903437989000,1,11.41529500,0.00002201
1623903456218000,1,43.90840800,0.00002201
1623903467209000,1,219.77571900,0.00002201
1623903487662000,1,825.88959900,0.00002201
1623903549969000,1,204.84816400,0.00002201
1623903556406000,1,3580.00000000,0.00002201
1623903611890000,0,13.52575200,0.00002200
1623903661230000,1,55.98712700,0.00002200
1623903701766000,1,200.00000000,0.00002200
1623903761956000,1,3984.00000000,0.00002200
1623903843762000,1,13.28511700,0.00002198
1623903923536000,1,3920.00000000,0.00002199
1623903923536000,1,3984.00000000,0.00002199
1623903923546000,1,0.80000000,0.00002199
1623904002979000,1,1879.00000000,0.00002198
1623904027763000,0,28.57053300,0.00002199
1623904067496000,1,10.00000000,0.00002198
1623904250089000,1,20.00000000,0.00002201
1623904271574000,1,932.80000000,0.00002201
1623904290542000,1,19.12327600,0.00002202
1623904299094000,1,11594.65292400,0.00002202
1623904299094000,1,5821.74022540,0.00002202
1623904314238000,0,32.39544800,0.00002202
1623904659307000,0,77.06358500,0.00002199
1623904677904000,1,28.88715200,0.00002198
1623904700023000,1,28.52287600,0.00002198
1623904984876000,1,56.96428900,0.00002201
1623905010647000,1,175.95175800,0.00002202
1623905179800000,1,100.76829000,0.00002202
1623905243466000,1,50.00000000,0.00002203
1623905267517000,1,128.87356500,0.00002203
1623905350785000,1,18.90500000,0.00002203
1623905477382000,1,94.57093300,0.00002202
1623905616769000,1,40.00000000,0.00002204
1623905752687000,1,271.49798100,0.00002205
1623905819005000,1,31.66319000,0.00002205
1623905859964000,1,44.55896200,0.00002205
1623905893151000,1,22.20920000,0.00002205
1623906043580000,1,105.02239800,0.00002205
1623906104253000,1,26.18925200,0.00002205
1623906225604000,1,178.36423600,0.00002207
1623906293685000,0,22.24300000,0.00002206
1623906303346000,1,35.00000000,0.00002205
1623906407820000,1,28.55722600,0.00002207
1623906428269000,1,58.00000000,0.00002207
1623906428379000,1,9.97944700,0.00002207
1623906468955000,1,56.43225900,0.00002207
1623906508445000,1,790.45000000,0.00002209
1623906517819000,1,28.32995200,0.00002207
1623906553845000,0,28.85500000,0.00002206
1623906609239000,1,14.25628900,0.00002206
1623906624418000,1,52.76081600,0.00002206
1623906691284000,1,10.00000000,0.00002207
1623906790589000,1,29.11695300,0.00002204
1623906815270000,0,350.00000000,0.00002205
1623906852538000,1,14.21437700,0.00002203
1623906855659000,1,13783.68483478,0.00002203
1623906855659000,1,558.83822122,0.00002202
1623906898547000,1,1000.00000000,0.00002203
1623906972456000,1,14.24292800,0.00002203
1623906983385000,1,108.54395700,0.00002205
1623906996615000,1,10.00000000,0.00002204
1623907179160000,1,15.51000000,0.00002203
1623907284779000,1,84.44704000,0.00002203
1623907361679000,1,22.11007300,0.00002202
1623907410470000,1,84.89438700,0.00002201
1623907442945000,1,20.80596100,0.00002201
1623907507350000,1,14.00000000,0.00002201
1623907609214000,1,292.05064200,0.00002202
1623907649837000,1,14.98177200,0.00002202
1623907956617000,1,52.66776900,0.00002202
1623907999730000,1,21.36052900,0.00002202
1623908102142000,1,193.52947500,0.00002201
1623908120265000,1,10.21992300,0.00002200
1623908139172000,1,10.10120200,0.00002200
1623908486469000,1,31.53470800,0.00002202
1623908561890000,1,2610.36637700,0.00002202
1623908582618000,1,304.73000000,0.00002202
1623908584538000,0,215.59417919,0.00002204
1623908689685000,1,11.15191000,0.00002202
1623909034072000,1,1403.03755000,0.00002203
1623909366007000,0,1665.91000000,0.00002203
1623909367410000,1,100.00000000,0.00002200
1623909676778000,1,28.74360000,0.00002200
1623909718267000,1,20.00000000,0.00002200
1623909887789000,1,12.39175600,0.00002200
1623909928552000,1,239.13807300,0.00002200
1623909993644000,1,50.00000000,0.00002201
1623910000876000,1,1150.00000000,0.00002201
1623910078687000,1,28.73896400,0.00002200
1623910122101000,1,3920.00000000,0.00002201
1623910232628000,0,22.08527900,0.00002200
1623910430874000,0,86.45625800,0.00002199
1623910518443000,0,3920.00000000,0.00002199
1623910518443000,0,5859.00000000,0.00002199
1623911070859000,1,106.58516400,0.00002195
1623911113315000,1,43.47571000,0.00002195
1623911150059000,1,5850.59315398,0.00002194
1623911150059000,1,1403.64845120,0.00002194
1623911156205000,1,1404.28850978,0.00002193
1623911156693000,1,2166.00000000,0.00002193
1623911170572000,0,1383.03082145,0.00002191
1623911174417000,1,1405.57037971,0.00002190
1623911174417000,1,3513.92594927,0.00002190
1623911174417000,1,9136.20746810,0.00002190
1623911176407000,1,1406.23851951,0.00002188
1623911176407000,1,3513.76148049,0.00002188
1623911177355000,1,0.16446878,0.00002188
1623911177355000,1,3919.83553122,0.00002188
1623911177728000,1,0.16446878,0.00002188
1623911198807000,1,3905.90000000,0.00002187
1623911198807000,1,3920.00000000,0.00002187
1623911198807000,1,1399.87166937,0.00002187
1623911198807000,1,3499.83912220,0.00002187
1623911198807000,1,9101.17710285,0.00002187
1623911286190000,0,2438.00000000,0.00002190
1623911301185000,1,82.60056600,0.00002188
1623911305575000,1,39.94850900,0.00002188
1623911305706000,1,14.50922300,0.00002188
1623911326424000,1,711.14954100,0.00002188
1623911333534000,0,600.80300000,0.00002189
1623911335900000,0,0.00051800,0.00002189
1623911428882000,1,220.06555700,0.00002191
1623911434933000,0,160.79200000,0.00002192
1623911436664000,0,477.20800000,0.00002192
1623911439499000,1,17.00000000,0.00002192
1623911470298000,1,206.80600200,0.00002191
1623911471485000,1,1397.68498640,0.00002191
1623911471485000,1,3493.31501360,0.00002191
1623911505367000,1,1656.58090700,0.00002189
1623911537808000,1,41.43633500,0.00002189
1623911546363000,1,24.47092800,0.00002189
1623911727991000,1,24.90076800,0.00002189
1623911860393000,0,256.00000000,0.00002188
1623911999738000,1,200.00000000,0.00002187
1623912066558000,1,2222.09975200,0.00002188
1623912160512000,1,3920.00000000,0.00002184
1623912160512000,1,9096.06298214,0.00002184
1623912160512000,1,1399.17216692,0.00002184
1623912160512000,1,3498.76485094,0.00002184
1623912222715000,0,663.00000000,0.00002184
1623912243707000,0,0.00981300,0.00002184
1623912244510000,0,3920.00000000,0.00002186
1623912297170000,1,88.46722800,0.00002186
1623912308359000,0,2506.00000000,0.00002188
1623912312746000,1,110.86859000,0.00002188
1623912339140000,1,827.54677400,0.00002188
1623912382824000,1,790.45000000,0.00002189
1623912382966000,1,5635.55000000,0.00002189
1623912451477000,1,20.56712800,0.00002187
1623912513976000,1,26.94906001,0.00002188
1623912513976000,1,88.05093999,0.00002187
1623912552221000,1,14.22069200,0.00002187
1623912754441000,1,170.00000000,0.00002183
1623912764882000,1,47.73573300,0.00002183
1623912828179000,1,12.51122300,0.00002185
1623912828281000,1,99.64763600,0.00002185
1623912875345000,1,14.92022700,0.00002186
1623912901153000,0,14618.00000000,0.00002188
1623912981320000,0,9.90200000,0.00002185
1623912996423000,1,46.12912100,0.00002184
1623913005382000,0,0.00044900,0.00002185
1623913057913000,0,23.99700000,0.00002186
1623913065429000,0,0.00094100,0.00002186
1623913188363000,1,103.39757700,0.00002185
1623913200937000,1,3808.00000000,0.00002186
1623913252412000,1,23.27430900,0.00002187
1623913337280000,1,59.89536600,0.00002189
1623913381776000,1,1280.00000000,0.00002188
1623913398388000,1,14.22737600,0.00002189
1623913513369000,1,120.00000000,0.00002190
1623913590362000,1,14618.00000000,0.00002191
1623913639996000,1,12.58754400,0.00002190
1623913651543000,1,5832.75471761,0.00002190
1623913651785000,1,33.89900000,0.00002190
1623913657066000,1,72.94859800,0.00002190
1623913672207000,1,4626.49385769,0.00002190
1623913672236000,1,1099.41326192,0.00002190
1623913672500000,1,4700.00000000,0.00002189
1623913672670000,1,1397.03535128,0.00002189
1623913672670000,1,3302.96464872,0.00002189
1623913673555000,1,1397.03535128,0.00002188
1623913673555000,1,3492.58837820,0.00002188
1623913673555000,1,9081.37627052,0.00002188
1623913678281000,1,350.00000000,0.00002185
1623913688696000,0,350.00000000,0.00002188
1623913706121000,0,1393.12700375,0.00002186
1623913706472000,0,3481.37541263,0.00002187
1623913706472000,0,9051.20569096,0.00002187
1623913753867000,1,1392.48970869,0.00002185
1623913753867000,1,3481.22427172,0.00002185
1623913753867000,1,5809.28601959,0.00002185
1623913765670000,1,9.89703500,0.00002185
1623913803899000,0,71.78100000,0.00002185
1623913855394000,0,320.00000000,0.00002185
1623913863672000,0,0.74143500,0.00002185
1623913891177000,1,31.12773200,0.00002184
1623913896267000,1,317.52191000,0.00002185
1623913917369000,1,205.92604400,0.00002185
1623913942872000,0,76.28500000,0.00002185
1623913953831000,1,20.59241800,0.00002184
1623913972106000,0,0.00033300,0.00002185
1623914124464000,0,19.27300000,0.00002184
1623914124510000,0,0.00084900,0.00002184
1623914151226000,1,511.68349100,0.00002184
1623914293472000,1,67.91441700,0.00002185
1623914469538000,0,1394.84067015,0.00002184
1623914469538000,0,3486.15932985,0.00002184
1623914531665000,1,573.98000000,0.00002184
1623914598722000,1,33.09115400,0.00002186
1623914639446000,1,100.00000000,0.00002185
1623914672563000,0,77.25020900,0.00002185
1623914721072000,1,12.70034400,0.00002186
1623914769700000,1,115.65334900,0.00002185
1623914812557000,0,125.00000000,0.00002185
1623914812591000,0,0.60144700,0.00002185
1623914882349000,0,21.57239100,0.00002183
1623914882349000,0,5822.42420379,0.00002183
1623914948671000,1,22.05970000,0.00002181
1623915047357000,1,11.33472600,0.00002181
1623915058795000,0,14268.61677786,0.00002182
1623915194984000,1,41.27609400,0.00002182
1623915202792000,1,27.19852000,0.00002182
1623915224853000,1,21.95462400,0.00002182
1623915224958000,1,99.84515100,0.00002182
1623915322148000,1,45.41243900,0.00002184
1623915329808000,1,244.88348500,0.00002184
1623915389460000,1,14.27271100,0.00002183
1623915478751000,1,9.89895600,0.00002183
1623915638258000,1,548.69000000,0.00002185
1623915668420000,1,92.26871600,0.00002186
1623915730838000,1,537.44536400,0.00002186
1623915754941000,1,16.30100700,0.00002187
1623915766692000,1,41.21574600,0.00002187
1623915795337000,1,1043.27091600,0.00002187
1623915869434000,0,800.00000000,0.00002186
1623915901295000,1,152.28770400,0.00002184
1623915905834000,0,126.00000000,0.00002186
1623915905834000,0,35.00000000,0.00002186
1623915905834000,0,1390.28310147,0.00002186
1623915905834000,0,1231.71689853,0.00002186
1623915923002000,1,43.93901300,0.00002184
1623915953996000,1,19.42632000,0.00002184
1623915957678000,1,543.79340000,0.00002184
1623916115005000,0,1393.26114749,0.00002183
1623916115005000,0,5832.43786777,0.00002183
1623916115005000,0,3919.30098474,0.00002183
1623916121869000,1,83.56622400,0.00002183
1623916189073000,1,32.96929400,0.00002183
1623916235589000,1,855.93599000,0.00002184
1623916254709000,1,167.33900000,0.00002181
1623916254799000,1,3317.14199902,0.00002181
1623916254799000,1,1393.79239961,0.00002181
1623916254799000,1,9060.07462807,0.00002181
1623916255233000,1,500.00000000,0.00002180
1623916255289000,1,9060.07462807,0.00002180
1623916255538000,1,500.00000000,0.00002179
1623916255632000,1,2500.00000000,0.00002179
1623916304190000,0,3920.00000000,0.00002180
1623916304190000,0,5841.00000000,0.00002180
1623916322800000,0,5843.12747933,0.00002181
1623916327015000,1,3487.44176176,0.00002180
1623916327015000,1,1394.43834680,0.00002180
1623916378797000,0,11.77400000,0.00002180
1623916378889000,0,0.00030400,0.00002180
1623916410761000,0,3920.00000000,0.00002182
1623916410761000,0,5840.32843684,0.00002182
1623916410761000,0,9067.89099949,0.00002182
1623916410761000,0,3487.46523631,0.00002182
1623916410761000,0,1395.02042551,0.00002182
1623916550358000,1,705.00000000,0.00002179
1623916551011000,1,125.00000000,0.00002179
1623916629547000,0,1394.12249596,0.00002183
1623916629547000,0,3484.87750404,0.00002183
1623916794882000,0,3488.50859593,0.00002183
1623916794882000,0,1395.40343837,0.00002183
1623916794882000,0,5837.64527670,0.00002183
1623916794882000,0,7286.23690570,0.00002183
1623916806112000,1,4790.00000000,0.00002182
1623916826138000,1,11.77400000,0.00002182
1623916826270000,1,9816.84277786,0.00002182
1623916840588000,0,165.72050700,0.00002181
1623916943547000,1,14.25065300,0.00002183
1623916958962000,1,279.22724100,0.00002183
1623917001338000,1,43.06671900,0.00002182
1623917021903000,1,160.19915400,0.00002182
1623917037284000,0,14618.00000000,0.00002183
1623917055193000,1,57.11439100,0.00002183
1623917055896000,1,4202.28560900,0.00002183
1623917060658000,1,307.60429900,0.00002183
1623917085043000,1,14618.00000000,0.00002185
1623917144514000,1,1394.00000000,0.00002184
1623917158350000,1,12.00000000,0.00002182
1623917213578000,0,2000.00000000,0.00002186
1623917244383000,0,14618.00000000,0.00002186
1623917265171000,1,42.81617100,0.00002185
1623917285317000,1,124.40172100,0.00002185
1623917306572000,1,340.83259500,0.00002185
1623917326718000,1,21.24577400,0.00002185
1623917347433000,1,115.27626800,0.00002185
1623917373746000,0,193.00000000,0.00002185
1623917386284000,0,0.14340800,0.00002185
1623917387977000,1,14.25899400,0.00002185
1623917416634000,1,260.00000000,0.00002185
1623917416775000,1,0.96936814,0.00002185
1623917589310000,1,582.70646000,0.00002181
1623917644965000,0,110.35000000,0.00002183
1623917683800000,1,18.00000000,0.00002181
1623917726611000,1,12.93500000,0.00002182
1623917747987000,1,1108.61850000,0.00002182
1623917790211000,1,61.00000000,0.00002182
1623917809532000,0,4813.00000000,0.00002183
1623917848729000,1,58.04953600,0.00002180
1623917870547000,1,228.49412800,0.00002180
1623917891324000,1,42.00000000,0.00002179
1623917977932000,1,37.58887600,0.00002181
1623918020137000,1,34.85023500,0.00002181
1623918023874000,1,780.69549052,0.00002182
1623918027538000,1,11.78916800,0.00002181
1623918132976000,1,22.64120800,0.00002182
1623918251332000,1,13823.00000000,0.00002179
1623918281894000,0,340.73600000,0.00002178
1623918427684000,1,3487.90433974,0.00002178
1623918427684000,1,615.09566026,0.00002178
1623918427686000,1,779.53252457,0.00002178
1623918444587000,1,299.91715700,0.00002177
1623918444801000,0,68.70365300,0.00002179
1623918617914000,1,165.88968800,0.00002176
1623918658903000,1,38.95546900,0.00002176
1623918788742000,1,18.06198200,0.00002175
1623918885704000,1,408.15919800,0.00002178
1623918891424000,1,167.14478900,0.00002177
1623918948627000,1,2323.09732100,0.00002179
1623918982731000,1,81.38828000,0.00002177
1623919003101000,1,75.66601000,0.00002177
1623919044684000,1,44.57831300,0.00002177
1623919056040000,1,16.22643000,0.00002177
1623919086677000,1,965.36588200,0.00002175
1623919088719000,0,14618.57126238,0.00002177
1623919114533000,0,5831.58235478,0.00002177
1623919129048000,1,52.97030200,0.00002175
1623919171833000,1,42.44513100,0.00002176
1623919193941000,0,28.02100000,0.00002176
1623919231857000,0,0.00070000,0.00002176
1623919280575000,1,23.52771400,0.00002177
1623919318141000,1,52.94278000,0.00002177
1623919376974000,0,5840.00000000,0.00002177
1623919382657000,1,116.02090100,0.00002176
1623919394022000,1,14.22806100,0.00002176
1623919412501000,1,14618.00000000,0.00002179
1623919504986000,1,14.22535500,0.00002176
1623919534585000,1,11.94296000,0.00002176
1623919598560000,1,13.10603000,0.00002178
1623919604058000,1,165.68792000,0.00002178
1623919637656000,1,30.00000000,0.00002178
1623919657327000,0,43.42200000,0.00002178
1623919659158000,0,0.00017400,0.00002178
1623919659158000,0,1999.99982600,0.00002178
1623919661693000,0,0.00017400,0.00002178
1623919662302000,0,3920.00000000,0.00002180
1623919668366000,1,34.44184100,0.00002181
1623919673604000,0,1393.62423000,0.00002181
1623919675465000,1,3920.00000000,0.00002180
1623919751297000,0,490.00000000,0.00002180
1623919752565000,0,129.00000000,0.00002180
1623919755808000,1,66.96180500,0.00002179
1623919766428000,0,30.92100000,0.00002179
1623919769456000,0,0.00090600,0.00002179
1623919769456000,0,3920.00000000,0.00002181
1623919769456000,0,5854.62069286,0.00002181
1623919769456000,0,1398.52315954,0.00002181
1623919769456000,0,3496.30789886,0.00002181
1623919769456000,0,144.54734274,0.00002181
1623919774987000,0,3920.00000000,0.00002181
1623919844689000,1,443.10000000,0.00002179
1623919864943000,0,3920.00000000,0.00002179
1623919867363000,1,1400.02291922,0.00002178
1623919867363000,1,3500.05729804,0.00002178
1623919867363000,1,4344.91978274,0.00002178
1623919867388000,1,2386.00000000,0.00002178
1623919902221000,1,51.62398000,0.00002178
1623919997873000,1,58.76264300,0.00002178
1623920004357000,1,5011.46289500,0.00002178
1623920071921000,1,58.04165000,0.00002179
1623920092675000,1,42.34193000,0.00002179
1623920134780000,1,100.00000000,0.00002177
1623920156697000,1,181.78666200,0.00002178
1623920178528000,0,15.93949500,0.00002179
1623920178528000,0,15.00000000,0.00002179
1623920178528000,0,12.74093400,0.00002179
1623920241383000,0,20.00000000,0.00002178
1623920347841000,1,139.23450900,0.00002178
1623920405589000,1,3920.00000000,0.00002177
1623920460004000,0,17.50618100,0.00002178
1623920460004000,0,28.67567500,0.00002178
1623920460004000,0,3920.00000000,0.00002178
1623920460591000,1,3920.00000000,0.00002178
1623920460918000,1,2113.81814400,0.00002178
1623920561667000,1,826.57312500,0.00002177
1623920570655000,0,2805.00000000,0.00002179
1623920715597000,1,1393.26583350,0.00002177
1623920715597000,1,2638.79510650,0.00002177
1623920715937000,1,22.31718800,0.00002177
1623920773159000,1,130.06480000,0.00002177
1623920773280000,1,70.19407800,0.00002177
1623920794063000,1,14.14237800,0.00002178
1623920814638000,1,33.43045300,0.00002178
1623920859591000,1,18.72508200,0.00002178
1623921027701000,1,1250.29800000,0.00002179
1623921107686000,1,15.00000000,0.00002179
1623921136796000,1,39.51498300,0.00002178
1623921190246000,1,64.93043700,0.00002177
1623921374616000,1,25.00000000,0.00002174
1623921481086000,1,14.20506200,0.00002176
1623921542347000,0,1501.00000000,0.00002177
1623921567035000,1,12.91377200,0.00002176
1623921629445000,1,15.74412700,0.00002176
1623921648927000,0,698.00000000,0.00002176
1623921731250000,1,10.81941200,0.00002174
1623921762399000,0,3920.00000000,0.00002177
1623921801369000,0,2658.00000000,0.00002176
1623921841096000,1,28.87765400,0.00002175
1623921842745000,0,0.81423800,0.00002176
1623921842745000,0,3919.18576200,0.00002176
1623921879066000,1,3319.60068800,0.00002175
1623921922666000,1,41.53205600,0.00002176
1623921945377000,1,21.21777900,0.00002176
1623921950187000,0,11.18700000,0.00002176
1623921951202000,0,0.00022000,0.00002176
1623921951202000,0,15.34578000,0.00002176
1623921962089000,0,0.00092100,0.00002176
1623922037064000,1,1399.45204187,0.00002178
1623922037064000,1,3498.68179029,0.00002178
1623922037064000,1,5855.09136258,0.00002178
1623922037064000,1,9096.59658437,0.00002178
1623922037064000,1,144.65000000,0.00002178
1623922037414000,1,530.00000000,0.00002177
1623922072436000,1,37.86129500,0.00002174
1623922086071000,0,795.00000000,0.00002175
1623922099642000,0,1554.00000000,0.00002175
1623922138580000,1,1396.47582568,0.00002173
1623922138580000,1,3491.18956419,0.00002173
1623922138580000,1,9082.55622198,0.00002173
1623922159927000,0,5849.63144082,0.00002174
1623922159927000,0,3920.00000000,0.00002174
1623922159927000,0,1744.36855918,0.00002174
1623922217744000,1,197.37218000,0.00002173
1623922247241000,1,18.43324900,0.00002174
1623922319569000,1,165.94340000,0.00002175
1623922326565000,1,41.37521700,0.00002175
1623922368572000,1,402.41290200,0.00002175
1623922393688000,1,32.97485400,0.00002175
1623922414569000,1,20.68526300,0.00002176
1623922457203000,0,5841.35477827,0.00002179
1623922457203000,0,1394.55230526,0.00002179
1623922457203000,0,3920.00000000,0.00002179
1623922457203000,0,350.00000000,0.00002179
1623922457203000,0,1394.55230526,0.00002179
1623922457203000,0,3486.38099848,0.00002179
1623922457203000,0,56.15961273,0.00002179
1623922497317000,1,12.82728200,0.00002177
1623922520524000,1,95.78211200,0.00002177
1623922520731000,1,10.72251800,0.00002177
1623922707650000,1,16.37630400,0.00002176
1623922749379000,1,15.99622200,0.00002176
1623922779305000,1,104.12640700,0.00002177
1623922811895000,1,144.26602800,0.00002177
1623922823167000,1,54.86363700,0.00002178
1623922833688000,1,53.44790000,0.00002178
1623922863768000,1,9.24546800,0.00002179
1623922876256000,1,120.06858000,0.00002179
1623922984639000,1,36.01542600,0.00002179
1623923086451000,1,175.32494800,0.00002177
1623923160988000,1,11.69100000,0.00002180
1623923161138000,1,0.00074311,0.00002180
1623923195009000,1,35.00000000,0.00002178
1623923246980000,0,557.00000000,0.00002180
1623923403370000,0,174.00000000,0.00002178
1623923479706000,1,82.39081900,0.00002177
1623923650052000,1,5835.78203451,0.00002176
1623923652744000,1,2291.37877540,0.00002175
1623923652813000,1,34.84200000,0.00002175
1623923657122000,1,3920.00000000,0.00002173
1623923662964000,0,3920.00000000,0.00002175
1623923681337000,0,14.21700000,0.00002173
1623923682158000,0,0.00023800,0.00002173
1623923682569000,0,776.23300000,0.00002173
1623923682620000,0,517.43110000,0.00002173
1623923698494000,1,14.00000000,0.00002173
1623923712840000,1,3920.00000000,0.00002174
1623923730981000,1,3920.00000000,0.00002172
1623923770231000,0,4380.00000000,0.00002175
1623923823099000,0,3003.00000000,0.00002173
1623923875812000,0,5825.00000000,0.00002173
1623923884500000,0,99.00000000,0.00002172
1623923890790000,0,0.22010400,0.00002172
1623923890790000,0,5826.77989600,0.00002172
1623923901038000,1,41.54123400,0.00002171
1623923908541000,0,0.38093234,0.00002172
1623923908541000,0,0.32456668,0.00002173
1623923908541000,0,5825.29450098,0.00002173
1623923909082000,1,1417.92846800,0.00002171
1623923926051000,0,444.89300000,0.00002172
1623923926051000,0,0.03006570,0.00002173
1623923926051000,0,5825.07693430,0.00002173
1623923975777000,1,1392.84151776,0.00002171
1623923975777000,1,3482.10379441,0.00002171
1623923975777000,1,9054.05468783,0.00002171
1623923980172000,0,5827.41809237,0.00002172
1623923983279000,0,419.00000000,0.00002172
1623924018069000,0,5408.41809237,0.00002172
1623924018069000,0,3919.58190763,0.00002172
1623924021590000,0,5827.00000000,0.00002172
1623924028499000,1,400.50000000,0.00002171
1623924039829000,0,0.41809237,0.00002172
1623924039829000,0,0.70696288,0.00002173
1623924039829000,0,2595.87494475,0.00002174
1623924069401000,1,3477.36448120,0.00002173
1623924069401000,1,1390.94579248,0.00002173
1623924069860000,1,389.43171600,0.00002172
1623924137453000,1,149.21288100,0.00002174
1623924284116000,1,28.88951700,0.00002173
1623924366821000,1,1415.80443400,0.00002172
1623924388401000,1,22.27974200,0.00002173
1623924451118000,0,98.02526743,0.00002175
1623924451909000,1,9.30482300,0.00002174
1623924455130000,0,98.03567545,0.00002175
1623924534552000,1,32.91635900,0.00002173
1623924588095000,1,860.00000000,0.00002173
1623924619401000,1,332.91711000,0.00002173
1623924640145000,1,324.74021200,0.00002173
1623924717546000,1,29.72000000,0.00002172
1623924760074000,1,26.25393100,0.00002172
1623924763228000,1,14.24653800,0.00002172
1623924974321000,1,350.00000000,0.00002172
1623924974321000,1,106.43146800,0.00002171
1623925055251000,1,88.25393700,0.00002171
1623925099064000,1,332.71670000,0.00002171
1623925457063000,1,25.85846000,0.00002169
1623925508174000,1,412.26904600,0.00002170
1623925515195000,1,1393.70654916,0.00002170
1623925515195000,1,3484.26637290,0.00002170
1623925515195000,1,9060.82408759,0.00002170
1623925613381000,1,678.22077500,0.00002170
1623925628566000,1,16.70763200,0.00002170
1623925657289000,1,98.11108500,0.00002170
1623925725690000,0,1394.34459132,0.00002171
1623925742844000,0,98.00000000,0.00002170
1623925781739000,0,0.35759400,0.00002170
1623925805848000,1,164.71565700,0.00002170
1623925873197000,1,49.00000000,0.00002170
1623925980571000,1,1000.00000000,0.00002170
1623926006105000,1,9.87848900,0.00002169
1623926089127000,1,22.99174000,0.00002167
1623926234782000,1,41.19577900,0.00002170
1623926265837000,1,3569.00000000,0.00002171
1623926265975000,1,0.50869426,0.00002171
1623926281477000,0,370.00000000,0.00002171
1623926307417000,0,5848.20687998,0.00002173
1623926307417000,0,3920.00000000,0.00002173
1623926363643000,1,280.24817200,0.00002170
1623926381495000,1,291.48551000,0.00002170
1623926425802000,1,51.66754000,0.00002171
1623926452800000,0,1396.25452712,0.00002173
1623926452800000,0,3488.74547288,0.00002173
1623926465961000,1,274.94637800,0.00002172
1623926575073000,1,84.19556600,0.00002174
1623926575179000,1,91.19178400,0.00002174
1623926615774000,1,25.82209400,0.00002174
1623926641737000,1,11.47148200,0.00002175
1623926644733000,1,190.91610700,0.00002175
1623926807449000,1,215.11051400,0.00002172
1623926807823000,1,207.62948600,0.00002172
1623926831520000,1,98.83950300,0.00002173
1623926874178000,1,1576.66776400,0.00002172
1623926892176000,1,469.78043300,0.00002172
1623926906008000,0,60.81692732,0.00002174
1623926935147000,1,100.00000000,0.00002172
1623927011184000,1,73.09258000,0.00002172
1623927029521000,0,43.02521000,0.00002173
1623927043157000,1,38.00000000,0.00002173
1623927102530000,1,14.19638600,0.00002175
1623927105884000,1,37.16581700,0.00002175
1623927126558000,1,43.95663600,0.00002176
1623927136741000,1,789.94200000,0.00002175
1623927146542000,0,764.00000000,0.00002176
1623927191297000,1,84.49107100,0.00002175
1623927196808000,1,8069.85264400,0.00002175
1623927208420000,0,13657.00000000,0.00002176
1623927278626000,1,13.07520500,0.00002175
1623927278821000,1,9.43590500,0.00002175
1623927278912000,1,9.84763700,0.00002175
1623927305977000,1,164.31836900,0.00002176
1623927320944000,1,24.34782200,0.00002176
1623927389471000,1,36.52426500,0.00002174
1623927415929000,0,160.00000000,0.00002175
1623927416331000,0,0.55135700,0.00002175
1623927451748000,1,231.46141400,0.00002175
1623927474655000,0,187.98900000,0.00002175
1623927479360000,0,0.00022400,0.00002175
1623927603486000,1,14617.00000000,0.00002175
1623927667511000,1,214.16201400,0.00002176
1623927712584000,1,18.32362400,0.00002176
1623927718633000,0,16.61800000,0.00002176
1623927752200000,1,65.95734500,0.00002175
1623927758337000,1,17.38171000,0.00002175
1623927782887000,0,0.00058300,0.00002176
1623927782887000,0,24.71484400,0.00002176
1623927844166000,1,165.03553200,0.00002176
1623927859255000,1,465.90749300,0.00002176
1623927882355000,1,700.16868200,0.00002177
1623927946108000,1,11.12119100,0.00002177
1623927963859000,1,30.00000000,0.00002177
1623927964789000,0,3920.00000000,0.00002179
1623927996043000,0,585.84300000,0.00002177
1623927996493000,0,414.00000000,0.00002177
1623928032219000,1,500.00000000,0.00002176
1623928164365000,1,67.33271600,0.00002178
1623928230921000,0,28.62493700,0.00002179
1623928245269000,1,76.06867800,0.00002179
1623928266057000,1,16.00000000,0.00002178
1623928369853000,1,700.00000000,0.00002176
1623928462518000,0,49.49856800,0.00002177
1623928462518000,0,28.50143200,0.00002177
1623928473060000,0,0.45307500,0.00002177
1623928508169000,1,30.00000000,0.00002178
1623928560824000,1,43.00000000,0.00002177
1623928643162000,1,39.89425900,0.00002177
1623928653782000,1,50.00000000,0.00002177
1623928785230000,1,285.48207700,0.00002176
1623928855833000,1,140.45765700,0.00002177
1623928876565000,1,150.43072300,0.00002178
1623928940341000,1,77.90066600,0.00002178
1623929087925000,1,85.42000000,0.00002178
1623929155453000,1,790.45000000,0.00002179
1623929190369000,0,3920.00000000,0.00002180
1623929190369000,0,1398.64475072,0.00002180
1623929190369000,0,1766.35524928,0.00002180
1623929234168000,1,48.98856800,0.00002179
1623929278779000,1,5861.00000000,0.00002179
1623929278846000,1,0.98292154,0.00002179
1623929280404000,1,5861.00000000,0.00002179
1623929286855000,1,0.98292154,0.00002179
1623929286855000,1,5859.57220059,0.00002179
1623929286997000,1,5859.57220059,0.00002179
1623929341081000,0,634.00000000,0.00002180
1623929736008000,0,4155.00000000,0.00002179
1623929780167000,1,47.98949000,0.00002178
1623929801144000,1,10.06000000,0.00002178
1623930278057000,1,350.00000000,0.00002175
1623930278057000,1,395.66488000,0.00002175
1623930308385000,0,1147.59332122,0.00002176
1623930309170000,0,251.86226593,0.00002176
1623930521619000,1,14.21811400,0.00002175
1623930611201000,1,20.69055700,0.00002174
1623930872104000,1,354.00000000,0.00002175
1623930954524000,1,287.00000000,0.00002176
1623931010647000,1,10.29200000,0.00002176
1623931144531000,1,26.24318300,0.00002175
1623931209914000,0,28.70022100,0.00002176
1623931209914000,0,108.19879800,0.00002176
1623931230650000,1,800.99820600,0.00002174
1623931231097000,1,9104.09803035,0.00002174
1623931231097000,1,1400.53540880,0.00002174
1623931231097000,1,3501.48465598,0.00002174
1623931231567000,1,1080.00000000,0.00002173
1623931244955000,1,17.31909400,0.00002174
1623931258380000,1,1401.00000000,0.00002174
1623931326585000,0,3920.00000000,0.00002173
1623931326585000,0,4058.00000000,0.00002173
1623931359296000,0,14617.00000000,0.00002174
1623931560990000,1,73.92928300,0.00002173
1623931581340000,1,10.00000000,0.00002173
1623931627298000,1,14617.00000000,0.00002175
1623931627311000,1,0.67772074,0.00002175
1623931636531000,1,42.31105000,0.00002173
1623931643575000,1,30.16299200,0.00002173
1623931677688000,1,838.38648900,0.00002172
1623931706965000,1,287.39908900,0.00002173
1623931805352000,0,140.00000000,0.00002172
1623931816435000,1,19.80274700,0.00002173
1623931849478000,1,34.00000000,0.00002171
1623931870432000,1,677.90000000,0.00002171
1623931873400000,0,13.05100000,0.00002172
1623931879770000,1,46.78934800,0.00002172
1623931912004000,0,19.09246400,0.00002173
1623931936060000,1,99.97513500,0.00002172
1623932015183000,1,34.40483065,0.00002173
1623932029215000,1,3920.00000000,0.00002174
1623932035716000,0,13280.00000000,0.00002175
1623932057155000,0,16.09415500,0.00002174
1623932057155000,0,18.05175800,0.00002174
1623932064061000,1,378.34148000,0.00002177
1623932064061000,1,3920.00000000,0.00002177
1623932067017000,1,13280.00000000,0.00002177
1623932094929000,0,3920.00000000,0.00002177
1623932094929000,0,2461.00000000,0.00002177
1623932095416000,1,6000.00000000,0.00002176
1623932110932000,0,3920.00000000,0.00002179
1623932115446000,0,3920.00000000,0.00002179
1623932119144000,0,6367.00000000,0.00002179
1623932197208000,1,6367.00000000,0.00002179
1623932293564000,0,71.88800000,0.00002178
1623932294663000,0,0.00092600,0.00002178
1623932517512000,1,367.16071200,0.00002180
1623932555917000,1,1253.85150100,0.00002181
1623932556020000,1,53.12579400,0.00002181
1623932558320000,1,211.88800000,0.00002182
1623932577428000,1,430.00000000,0.00002180
1623932644238000,1,956.43459300,0.00002180
1623932698366000,0,164.20765600,0.00002181
1623932722522000,1,363.62363400,0.00002180
1623932790742000,1,32.74532600,0.00002183
1623932792569000,1,22.34738000,0.00002183
1623932812775000,1,11.27754600,0.00002183
1623932834539000,1,69.64863300,0.00002183
1623932850077000,1,79.75000000,0.00002184
1623932855262000,1,20.00000000,0.00002184
1623932923153000,0,31.71600000,0.00002184
1623932923415000,0,0.00067600,0.00002184
1623932939108000,1,12.62895200,0.00002185
1623932939482000,1,2357.08690700,0.00002185
1623933005834000,0,150.94143800,0.00002184
1623933005834000,0,173.53771200,0.00002185
1623933005834000,0,68.52085000,0.00002185
1623933019963000,0,0.54359200,0.00002185
1623933062952000,1,14618.61677786,0.00002188
1623933062976000,1,31.71600000,0.00002188
1623933063117000,1,2864.65150000,0.00002188
1623933109861000,1,24.05380500,0.00002186
1623933131050000,1,81.50000000,0.00002187
1623933148150000,0,1407.46757644,0.00002191
1623933148150000,0,3518.67295698,0.00002191
1623933148150000,0,1803.85946658,0.00002191
1623933172603000,1,260.47323900,0.00002191
1623933172715000,1,20.92880000,0.00002191
1623933193223000,1,48.80000000,0.00002190
1623933215726000,1,65.87035100,0.00002192
1623933238215000,1,14552.00000000,0.00002192
1623933346333000,1,30.87063000,0.00002189
1623933367519000,1,1791.97657200,0.00002189
1623933382995000,1,102.66225500,0.00002188
1623933383218000,1,9.89500000,0.00002188
1623933384561000,1,300.00000000,0.00002188
1623933447778000,1,170.85057300,0.00002189
1623933473694000,1,24.97321200,0.00002189
1623933495259000,0,144.00000000,0.00002189
1623933515293000,0,0.68576600,0.00002189
1623933515293000,0,1406.31423400,0.00002189
1623933556583000,1,3920.00000000,0.00002188
1623933584587000,1,757.00000000,0.00002188
1623933711535000,1,1095.90000000,0.00002188
1623933754109000,0,901.00000000,0.00002188
1623933763884000,1,220.94786500,0.00002187
1623933808247000,0,0.75675700,0.00002188
1623933926345000,0,3920.00000000,0.00002189
1623933926345000,0,5899.12755331,0.00002189
1623933926345000,0,3962.00000000,0.00002189
1623933926345000,0,1408.20597733,0.00002189
1623933926345000,0,3520.46398256,0.00002189
1623933926345000,0,9144.20248680,0.00002189
1623933930634000,1,89.47930200,0.00002187
1623934013651000,0,3524.97734155,0.00002188
1623934013651000,0,1409.99093662,0.00002188
1623934013651000,0,5906.10941512,0.00002188
1623934013651000,0,9164.92230671,0.00002188
1623934013845000,0,0.01878132,0.00002188
1623934039537000,0,21.72228000,0.00002188
1623934039537000,0,43.27772000,0.00002188
1623934061687000,0,0.80161700,0.00002188
1623934096403000,1,42.83079800,0.00002187
1623934161493000,1,14.26075000,0.00002188
1623934202989000,0,37.07000000,0.00002188
1623934205396000,0,0.00005600,0.00002188
1623934244989000,1,68.93100000,0.00002187
1623934298447000,1,2200.00000000,0.00002188
1623934329979000,1,17.45753100,0.00002187
1623934344578000,1,12.25718000,0.00002187
1623934394060000,1,3920.00000000,0.00002187
1623934394060000,1,1403.86165053,0.00002187
1623934394060000,1,3509.65412634,0.00002187
1623934394060000,1,9125.86165547,0.00002187
1623934471132000,0,2527.00000000,0.00002188
1623934774533000,1,121.89073800,0.00002187
1623934857149000,1,586.98085100,0.00002187
1623934858656000,1,3333.00000000,0.00002187
1623934899418000,1,412.23149100,0.00002187
1623934920895000,1,502.47500000,0.00002187
1623934941156000,1,12.73479000,0.00002187
1623935105975000,0,111.78000000,0.00002188
1623935196887000,0,3920.00000000,0.00002187
1623935196887000,0,3517.52193473,0.00002187
1623935196887000,0,1407.00877389,0.00002187
1623935344920000,1,18.50971200,0.00002188
1623935448042000,1,3920.00000000,0.00002188
1623935827076000,0,140.30000000,0.00002187
1623935880738000,1,105.49250000,0.00002185
1623936182569000,1,163.78302457,0.00002183
1623936778768000,1,83.44647200,0.00002186
1623936822806000,0,1405.44899575,0.00002187
1623936863338000,0,1405.63258011,0.00002187
1623936905561000,0,665.83920934,0.00002188
1623936916381000,0,637.00000000,0.00002189
1623936925797000,1,175.55338600,0.00002187
1623937005128000,0,589.00000000,0.00002189
1623937171042000,1,12.48077200,0.00002187
1623937401071000,1,136.00000000,0.00002187
1623938437038000,0,570.00000000,0.00002189
1623938447280000,0,1356.18174200,0.00002190
1623938447348000,0,383.00000000,0.00002190
1623938520038000,0,3449.00000000,0.00002192
1623938520781000,0,471.00000000,0.00002192
1623938527238000,1,37.07000000,0.00002192
1623938648611000,0,2005.00000000,0.00002193
1623938663744000,0,216.00000000,0.00002193
1623938708729000,0,16.51412700,0.00002194
1623938738699000,1,1409.11076173,0.00002192
1623938738699000,1,3522.88923827,0.00002192
1623938800819000,1,23.80100000,0.00002190
1623939047128000,1,47.70000000,0.00002192
1623939067590000,1,43.62415000,0.00002192
1623939114525000,0,850.00000000,0.00002193
1623939171887000,0,3920.00000000,0.00002194
1623939171887000,0,1411.75778262,0.00002194
1623939171887000,0,3529.39445656,0.00002194
1623939171887000,0,5920.10995663,0.00002194
1623939172005000,1,1949.26218889,0.00002194
1623939191690000,0,657.51918900,0.00002192
1623939191690000,0,729.48081100,0.00002192
1623939194935000,0,0.38956900,0.00002192
1623939194935000,0,2396.61043100,0.00002193
1623939211615000,0,361.33220398,0.00002194
1623939332590000,1,31.12432500,0.00002191
1623939343818000,1,56.19101300,0.00002191
1623939386431000,1,3920.00000000,0.00002191
1623939386431000,1,1410.87301820,0.00002191
1623939386431000,1,1769.12698180,0.00002191
1623939454876000,1,13.81856000,0.00002191
1623939556371000,1,16.74038400,0.00002191
1623939637512000,1,2652.61380400,0.00002193
1623939704907000,1,11.70232100,0.00002192
1623939788000000,1,194.37968100,0.00002191
1623939822794000,1,16.75838700,0.00002191
1623939951742000,1,1409.17975000,0.00002190
1623939976118000,1,1409.17667000,0.00002190
1623939983503000,1,1402.06096532,0.00002190
1623939983503000,1,3505.35048468,0.00002190
1623940043342000,1,1743.99141000,0.00002190
1623940117607000,0,317.64305408,0.00002191
1623940117721000,0,680.43172219,0.00002191
1623940117728000,0,790.45000000,0.00002191
1623940117913000,0,269.82637259,0.00002191
1623940118077000,0,270.27651375,0.00002191
1623940118111000,0,363.67902393,0.00002191
1623940118383000,0,222.90004693,0.00002191
1623940118539000,0,140.93161208,0.00002191
1623940119039000,0,281.59098909,0.00002191
1623940119180000,0,9318.03976536,0.00002191
1623940119791000,0,727.89557698,0.00002193
1623940119793000,0,888.71093383,0.00002193
1623940119844000,0,1442.47683827,0.00002193
1623940119922000,0,1027.00000000,0.00002193
1623940128068000,0,2896.88985275,0.00002192
1623940128577000,0,1055.71847508,0.00002192
1623940151991000,1,213.10886900,0.00002189
1623940153053000,0,3500.75165129,0.00002190
1623940153054000,0,1400.30066052,0.00002190
1623940176733000,1,1400.03864107,0.00002190
1623940176733000,1,1427.18201393,0.00002190
1623940176947000,1,83.04131500,0.00002190
1623940219041000,0,1399.39993731,0.00002192
1623940219041000,0,3252.72613576,0.00002193
1623940236475000,1,790.45000000,0.00002193
1623940281624000,1,1399.57497000,0.00002191
1623940301740000,1,1398.47286000,0.00002191
1623940537547000,1,5879.16067371,0.00002188
1623940537547000,1,3920.00000000,0.00002188
1623940537547000,1,973.39051610,0.00002188
1623940592678000,1,1.95384244,0.00002186
1623940609299000,1,27.56965144,0.00002186
1623940625501000,0,400.02000000,0.00002188
1623940819601000,0,1403.04990417,0.00002186
1623940933410000,0,13.13903600,0.00002187
1623941077953000,0,1105.84649731,0.00002189
1623941077967000,0,2926.32935122,0.00002189
1623941077970000,0,2924.62736435,0.00002189
1623941077998000,0,2753.22152902,0.00002189
1623941078051000,0,46.38545810,0.00002189
1623941078051000,0,101.29508118,0.00002190
1623941078150000,0,1256.38503677,0.00002190
1623941078192000,0,46.38545810,0.00002190
1623941763192000,1,3516.27778698,0.00002184
1623941763192000,1,1406.50692431,0.00002184
1623941763192000,1,3920.00000000,0.00002184
1623941763192000,1,9145.24952291,0.00002184
1623941929264000,0,307.71326680,0.00002185
1623942099306000,1,1404.00000000,0.00002183
1623942112804000,0,2659.00000000,0.00002184
1623942116025000,0,2658.00000000,0.00002184
1623942116642000,0,790.45000000,0.00002184
1623942182809000,1,34.46332445,0.00002185
1623942214733000,1,11.33187800,0.00002184
1623942238574000,0,577.36703914,0.00002186
1623942469072000,0,97.00000000,0.00002184
1623942602027000,0,101.00000000,0.00002183
1623942602078000,0,0.01130600,0.00002183
1623942860452000,0,15607.00000000,0.00002184
1623942892569000,0,390.60292772,0.00002186
1623942951869000,0,32368.45000000,0.00002185
1623942951869000,0,3920.00000000,0.00002185
1623942951869000,0,5899.70997023,0.00002185
1623942951869000,0,1404.84002977,0.00002185
1623942992141000,1,330.94087900,0.00002183
1623943144755000,1,158.17292900,0.00002183
1623943196629000,1,18.34392900,0.00002182
1623943397831000,1,416.01574700,0.00002182
1623943590537000,0,2002.00000000,0.00002182
1623943661846000,1,20.31893707,0.00002181
1623943704298000,1,1667.86326500,0.00002180
1623944148310000,1,120.32000200,0.00002179
1623944178943000,1,13.57190000,0.00002179
1623944179775000,0,119.01329665,0.00002181
1623944315004000,1,5882.98831218,0.00002181
1623944325467000,0,5500.00000000,0.00002182
1623944435140000,1,3920.00000000,0.00002183
1623944456336000,1,13.00000000,0.00002182
1623944459439000,1,14.12437200,0.00002182
1623944503380000,0,5886.51525659,0.00002182
1623944701339000,1,9826.00000000,0.00002182
1623944841595000,1,47.00000000,0.00002179
1623944964713000,1,113.57000000,0.00002181
1623945014069000,1,55.75888700,0.00002180
1623945067085000,1,241.69344000,0.00002179
1623945077005000,1,38.59731800,0.00002179
1623945100071000,0,131.14617200,0.00002180
1623945269872000,1,3920.00000000,0.00002178
1623945269872000,1,5876.65084610,0.00002178
1623945269872000,1,1398.52742335,0.00002178
1623945269872000,1,3497.82406762,0.00002178
1623945269872000,1,9095.84114256,0.00002178
1623945275851000,1,43486.00000000,0.00002177
1623945275851000,1,3849.50000000,0.00002177
1623945275851000,1,3920.00000000,0.00002177
1623945275851000,1,1399.44091161,0.00002177
1623945275851000,1,3498.68189055,0.00002177
1623945275851000,1,9096.81558889,0.00002177
1623945276749000,1,1399.44091000,0.00002176
1623945296998000,0,3920.00000000,0.00002178
1623945392652000,1,121.40885000,0.00002177
1623945447295000,0,1775.99380901,0.00002178
1623945488964000,0,9265.00000000,0.00002180
1623945590563000,0,600.60916155,0.00002182
1623945593293000,0,685.00000000,0.00002182
1623945604257000,0,3920.00000000,0.00002182
1623945604257000,0,1398.42765717,0.00002182
1623945604257000,0,5873.86043283,0.00002182
1623945604366000,0,0.00000918,0.00002182
1623945604366000,0,1757.99999082,0.00002182
1623945604593000,0,1727.67348042,0.00002182
1623945610558000,0,3494.67869905,0.00002183
1623945610558000,0,1397.96614095,0.00002183
1623945636813000,0,1393.22210247,0.00002187
1623945636813000,0,3920.00000000,0.00002187
1623945730960000,0,3920.00000000,0.00002183
1623945888533000,0,5878.00000000,0.00002184
1623945895522000,1,14.10953800,0.00002183
1623945908935000,1,4161.92092000,0.00002183
1623945937574000,0,0.43935777,0.00002184
1623945937574000,0,2272.56064223,0.00002185
1623945943146000,0,5887.74528459,0.00002186
1623945943146000,0,3920.00000000,0.00002186
1623945943146000,0,3502.69172402,0.00002186
1623945943146000,0,1401.07668961,0.00002186
1623945949243000,1,3920.00000000,0.00002185
1623946007935000,0,6500.00000000,0.00002184
1623946007935000,0,5892.22205843,0.00002184
1623946007935000,0,577.77794157,0.00002184
1623946019623000,1,26.22333000,0.00002182
1623946023773000,0,13.21164000,0.00002185
1623946023773000,0,17.88056700,0.00002185
1623946023773000,0,3920.00000000,0.00002185
1623946023773000,0,687.90779300,0.00002185
1623946236423000,0,83.00000000,0.00002184
1623946543267000,0,1165.00000000,0.00002185
1623946544374000,0,3579.00000000,0.00002185
1623946629456000,0,1020.00000000,0.00002186
1623946729000000,0,1407.25202706,0.00002187
1623946729000000,0,3518.08032589,0.00002187
1623946729000000,0,5917.76509870,0.00002187
1623946729000000,0,9043.90254835,0.00002187
1623946841096000,0,297.67910788,0.00002187
1623946855386000,0,5921.96246354,0.00002188
1623946855386000,0,7789.03753646,0.00002188
1623946855671000,1,121.37299800,0.00002185
1623946885737000,0,1410.78820940,0.00002187
1623946885737000,0,3526.21179060,0.00002187
1623946959177000,1,3920.00000000,0.00002184
1623946959177000,1,5918.46382966,0.00002184
1623947198405000,0,3944.00000000,0.00002185
1623947414957000,0,5928.00000000,0.00002186
1623947426238000,0,0.45135944,0.00002186
1623947426238000,0,412.54864056,0.00002187
1623947597366000,0,22057.00000000,0.00002188
1623947599399000,1,3920.00000000,0.00002187
1623947945796000,0,168.00000000,0.00002185
1623948046591000,0,3752.00000000,0.00002185
1623948281826000,1,26.96835900,0.00002187
1623948310067000,0,2931.00000000,0.00002189
1623948336278000,0,3920.00000000,0.00002189
1623948336278000,0,3944.10000000,0.00002189
1623948336278000,0,1416.09237135,0.00002189
1623948336278000,0,1947.80762865,0.00002189
1623948441397000,0,1416.00000000,0.00002188
1623948460785000,1,5957.73795717,0.00002186
1623948460785000,1,3856.40000000,0.00002186
1623948460785000,1,3919.86204283,0.00002186
1623948701250000,1,226.06447900,0.00002186
1623948768796000,1,1418.62076854,0.00002183
1623948891586000,1,1418.91902549,0.00002183
1623948891586000,1,3547.08097451,0.00002183
1623948917848000,1,3000.00000000,0.00002179
1623948923313000,0,840.00000000,0.00002180
1623948928330000,0,5606.00000000,0.00002180
1623948931748000,0,0.03785025,0.00002180
1623948961469000,1,2218.00000000,0.00002183
1623948985103000,1,963.00000000,0.00002183
1623948989865000,1,3920.00000000,0.00002182
1623949178609000,1,3118.10081547,0.00002178
1623949178854000,1,2844.70900370,0.00002178
1623949178854000,1,5963.02074772,0.00002177
1623949178854000,1,14027.51024858,0.00002177
1623949200796000,0,5963.00000000,0.00002181
1623949240948000,0,3552.69475521,0.00002175
1623949240948000,0,1421.07790208,0.00002175
1623949240948000,0,9236.22734271,0.00002175
1623949241260000,0,0.36955699,0.00002175
1623949243958000,1,1879.94090000,0.00002175
1623949285982000,0,9477.00000000,0.00002178
1623949320488000,1,3920.00000000,0.00002177
1623949320488000,1,5971.24244446,0.00002177
1623949320488000,1,1417.04522321,0.00002177
1623949356462000,1,21.52823200,0.00002177
1623949371123000,0,3554.60763491,0.00002178
1623949371123000,0,1421.84305396,0.00002178
1623949371123000,0,8923.54931113,0.00002178
1623949382499000,1,3920.00000000,0.00002177
1623949470337000,0,1421.23936569,0.00002180
1623949470337000,0,3553.19329496,0.00002180
1623949470337000,0,9239.56733935,0.00002180
1623949609502000,0,1661.80433911,0.00002178
1623949730870000,0,3920.00000000,0.00002177
1623949730870000,0,9257.98052346,0.00002177
1623949730870000,0,5980.71370977,0.00002177
1623949730870000,0,1424.66223513,0.00002177
1623949730870000,0,3560.64353164,0.00002177
1623949735204000,1,6000.00000000,0.00002176
1623949735204000,1,14054.00000000,0.00002176
1623949735778000,1,0.90607590,0.00002176
1623949882792000,0,1427.85749982,0.00002176
1623949882792000,0,3569.64374955,0.00002176
1623949882792000,0,3919.49875063,0.00002176
1623949936640000,1,117.00000000,0.00002174
1623949937648000,1,95.00000000,0.00002174
1623950004441000,0,6351.00000000,0.00002177
1623950005461000,0,728.00000000,0.00002177
1623950009292000,1,1287.63045000,0.00002177
1623950094713000,0,11744.00000000,0.00002177
1623950095454000,0,2874.61677786,0.00002177
1623950097411000,1,2216.82264531,0.00002177
1623950097965000,1,3908.56057683,0.00002177
1623950123146000,0,1428.54941617,0.00002178
1623950123146000,0,3569.45058383,0.00002178
1623950134796000,1,3920.00000000,0.00002176
1623950136687000,1,1797.00000000,0.00002176
1623950181866000,0,1427.24870748,0.00002180
1623950181866000,0,3568.12176870,0.00002180
1623950232550000,0,3570.82231722,0.00002178
1623950232550000,0,1428.32892689,0.00002178
1623950232550000,0,6008.70284963,0.00002178
1623950232550000,0,3919.14590626,0.00002178
1623950400834000,1,14.32936400,0.00002179
1623950411289000,0,0.02074772,0.00002181
1623950411289000,0,616.97925228,0.00002181
1623950411356000,0,385.00000000,0.00002181
1623950428982000,0,1904.41949387,0.00002184
1623950432506000,1,5541.14780306,0.00002186
1623950436871000,0,350.00000000,0.00002187
1623950437092000,1,1758.51858000,0.00002187
1623950441809000,0,5541.00000000,0.00002187
1623950444451000,1,790.45000000,0.00002187
1623950444797000,0,3920.00000000,0.00002188
1623950448470000,0,3920.00000000,0.00002189
1623950471377000,0,2387.00000000,0.00002189
1623950473216000,0,26.16000000,0.00002187
1623950477386000,0,0.00039800,0.00002187
1623950504211000,0,6036.05710947,0.00002190
1623950509133000,1,45.65856700,0.00002189
1623950510165000,0,3835.40000000,0.00002191
1623950510165000,0,855.60000000,0.00002191
1623950513183000,0,1435.32382750,0.00002191
1623950513183000,0,3587.67617250,0.00002191
1623950521037000,0,6033.42663099,0.00002192
1623950521037000,0,1434.71537710,0.00002192
1623950521037000,0,3586.78641287,0.00002192
1623950522285000,1,1434.01422547,0.00002191
1623950578135000,0,1432.97294623,0.00002194
1623950578135000,0,3582.43236556,0.00002194
1623950578135000,0,6136.59468821,0.00002194
1623950593294000,1,3920.00000000,0.00002193
1623950593294000,1,6000.00000000,0.00002193
1623950597135000,0,1432.00000000,0.00002194
1623950597680000,1,3920.00000000,0.00002193
1623950632581000,0,67.00000000,0.00002190
1623950632756000,0,0.04266600,0.00002190
1623950667218000,0,4106.00000000,0.00002194
1623950749287000,0,2383.00000000,0.00002194
1623950754182000,0,1432.23636649,0.00002194
1623950754182000,0,3579.76363351,0.00002194
1623950779592000,0,219.00000000,0.00002193
1623950803957000,0,6029.18877392,0.00002194
1623950803957000,0,3584.71982601,0.00002194
1623950803957000,0,1433.09140007,0.00002194
1623950819369000,0,6021.44798615,0.00002195
1623950819369000,0,1433.44003139,0.00002195
1623950819369000,0,3583.11198246,0.00002195
1623950823231000,1,5918.00000000,0.00002193
1623950825322000,0,2894.00000000,0.00002195
1623950866338000,0,2350.00000000,0.00002195
1623950883387000,0,1436.73871459,0.00002194
1623950883387000,0,3146.26128541,0.00002194
1623950916350000,0,3584.70310524,0.00002195
1623950948131000,0,32.58900000,0.00002194
1623950948260000,0,0.00018800,0.00002194
1623950952959000,0,527.00000000,0.00002195
1623950973005000,1,10.83586800,0.00002194
1623950998405000,0,2313.00000000,0.00002196
1623951002343000,0,23664.00000000,0.00002197
1623951006136000,1,50.00000000,0.00002195
1623951025688000,0,1084.00000000,0.00002197
1623951072405000,0,4344.50000000,0.00002196
1623951072405000,0,6040.11920027,0.00002196
1623951072405000,0,3919.38079973,0.00002196
1623951097193000,0,1114.00000000,0.00002198
1623951109841000,1,37.85994900,0.00002195
1623951114819000,1,1435.69680206,0.00002196
1623951114819000,1,3589.24200514,0.00002196
1623951114819000,1,9333.73558933,0.00002196
1623951133111000,0,31.93847732,0.00002197
1623951146054000,1,3920.00000000,0.00002195
1623951146054000,1,9336.27877129,0.00002195
1623951146054000,1,1435.69680206,0.00002195
1623951146054000,1,3589.24200514,0.00002195
1623951159760000,1,3920.00000000,0.00002195
1623951172365000,1,32.51135900,0.00002196
1623951216571000,0,1430.93349387,0.00002198
1623951216571000,0,2993.06650613,0.00002198
1623951239242000,0,4344.00000000,0.00002199
1623951245053000,1,74.37950400,0.00002197
1623951300558000,0,17424.00000000,0.00002200
1623951303577000,0,17424.00000000,0.00002200
1623951370659000,1,1817.71680000,0.00002196
1623951450810000,1,1432.21829000,0.00002197
1623951450811000,1,0.00000625,0.00002197
1623951511894000,1,1433.44062570,0.00002197
1623951690717000,1,6017.63099567,0.00002195
1623951690808000,0,6017.63099567,0.00002195
1623952264525000,0,534.90879077,0.00002196
1623952304972000,1,58.74900000,0.00002199
1623952351183000,0,1008.83526831,0.00002200
1623952351479000,0,10804.82899700,0.00002200
1623952351526000,0,2647.91015238,0.00002200
1623952351528000,0,2989.72000000,0.00002200
1623952351531000,0,9541.43211367,0.00002200
1623952351604000,0,254.65999999,0.00002200
1623952351642000,0,8000.00000000,0.00002200
1623952351705000,0,2899.77263788,0.00002200
1623952351711000,0,266.35000000,0.00002200
1623952351724000,0,6500.00000000,0.00002200
1623952351730000,0,2419.39000000,0.00002200
1623952351796000,0,4257.75795000,0.00002200
1623952351829000,0,790.45000000,0.00002200
1623952351981000,0,60325.66171926,0.00002200
1623952352027000,0,186.32000000,0.00002200
1623952352110000,0,2925.91217954,0.00002200
1623952352140000,0,559.00000000,0.00002200
1623952352374000,0,3653.71000000,0.00002200
1623952352497000,0,6736.32786410,0.00002200
1623952352775000,0,83.00000000,0.00002202
1623952368035000,1,1435.25117000,0.00002199
1623952380354000,1,1435.90416000,0.00002198
1623952394841000,0,1436.05196306,0.00002200
1623952407425000,1,1433.52634000,0.00002201
1623952410874000,1,14.26920500,0.00002200
1623952441520000,1,32.91539800,0.00002200
1623952462176000,1,10.00000000,0.00002201
1623952489983000,0,75.09228485,0.00002201
1623952551356000,1,14.27202900,0.00002200
1623952593082000,0,74.06718920,0.00002200
1623952698429000,0,27.29677638,0.00002201
1623952742393000,1,20.93785209,0.00002200
1623952742393000,1,278.81214791,0.00002200
1623952749967000,0,3594.45335561,0.00002201
1623952762038000,1,1437.00000000,0.00002201
1623952810290000,0,1268.88000000,0.00002201
1623952890874000,0,2339.00000000,0.00002200
1623952896023000,0,942.00000000,0.00002201
1623952957551000,1,9.63725500,0.00002201
1623953031852000,1,1830.00000000,0.00002200
1623953032218000,0,25.19105083,0.00002201
1623953036890000,1,3920.00000000,0.00002200
1623953036890000,1,1781.67523459,0.00002200
1623953036890000,1,6018.22226796,0.00002200
1623953036890000,1,1433.83386514,0.00002200
1623953289241000,0,3592.60053183,0.00002202
1623953289241000,0,1437.11972930,0.00002202
1623953289241000,0,3920.00000000,0.00002202
1623953289241000,0,765.27973887,0.00002202
1623953299345000,0,1436.37195894,0.00002203
1623953302462000,0,3920.00000000,0.00002203
1623953305588000,1,972.33985700,0.00002203
1623953305917000,1,1435.00000000,0.00002202
1623953385270000,0,3920.00000000,0.00002201
1623953385270000,0,1191.80245231,0.00002202
1623953430559000,0,2728.19754769,0.00002202
1623953430559000,0,1438.09780086,0.00002202
1623953430559000,0,143.70465145,0.00002202
1623953818293000,0,6488.00000000,0.00002202
1623953839098000,0,3920.00000000,0.00002203
1623953929516000,1,14618.00000000,0.00002201
1623953938909000,1,14617.00000000,0.00002200
1623954146684000,1,3456.00000000,0.00002199
1623954256040000,1,1615.00000000,0.00002199
1623954342960000,1,340.00000000,0.00002198
1623954545099000,0,1048.15000000,0.00002200
1623954629357000,0,4413.00000000,0.00002199
1623954638959000,0,6040.00000000,0.00002199
1623954741675000,1,221.24860013,0.00002193
1623954745900000,1,5961.78800000,0.00002190
1623954892517000,0,4149.20000000,0.00002198
1623954892517000,0,743.80000000,0.00002198
1623954898339000,1,3920.00000000,0.00002195
1623954903820000,0,1439.08772246,0.00002197
1623954903820000,0,3597.71930615,0.00002197
1623954903820000,0,9353.19297139,0.00002197
1623954955991000,1,3920.00000000,0.00002196
1623954955991000,1,3585.00000000,0.00002196
1623955004611000,1,51.05005900,0.00002196
1623955113224000,0,79.80790000,0.00002197
1623955113267000,0,0.00003100,0.00002197
1623955113267000,0,40.53606900,0.00002197
1623955128091000,0,0.00009300,0.00002197
1623955201101000,0,1435.20788931,0.00002198
1623955201101000,0,8309.65804169,0.00002198
1623955300952000,1,4165.20000000,0.00002193
1623955300952000,1,3919.80000000,0.00002193
1623955314013000,0,2382.00000000,0.00002194
1623955394927000,0,4752.00000000,0.00002195
1623955641769000,0,1436.10050655,0.00002196
1623955641769000,0,3590.04712417,0.00002196
1623955641769000,0,6317.85236928,0.00002196
1623955807061000,0,219.00000000,0.00002193
1623955811554000,0,3920.00000000,0.00002194
1623955811554000,0,2856.00000000,0.00002194
1623955902043000,0,1435.52819491,0.00002194
1623955902043000,0,3151.47180509,0.00002194
1623955910512000,0,1435.42906766,0.00002194
1623955910512000,0,3587.57093234,0.00002194
1623955945403000,0,3920.00000000,0.00002194
1623955945403000,0,1435.84226668,0.00002194
1623955945403000,0,6030.14172980,0.00002194
1623956243007000,1,3920.00000000,0.00002193
1623956243007000,1,3800.50000000,0.00002193
1623956243007000,1,5876.16440000,0.00002193
1623956243007000,1,1437.44229154,0.00002193
1623956243007000,1,3593.60572886,0.00002193
1623956243007000,1,23024.05000000,0.00002192
1623956243007000,1,6033.65725106,0.00002192
1623956243007000,1,42480.00000000,0.00002192
1623956243007000,1,350.00000000,0.00002192
1623956243007000,1,9345.26528979,0.00002192
1623956243096000,0,139.00000000,0.00002192
1623956243105000,0,0.66237475,0.00002192
1623956391059000,0,1436.52672470,0.00002195
1623956391059000,0,55.47327530,0.00002195
1623956652026000,1,3920.00000000,0.00002195
1623956877169000,1,1437.84587131,0.00002193
1623956877169000,1,3594.61467827,0.00002193
1623956877169000,1,1162.85778042,0.00002193
1623956877259000,1,790.45000000,0.00002193
1623957025128000,0,33.43699300,0.00002196
1623957174160000,0,1438.71768781,0.00002193
1623957174160000,0,3595.53696481,0.00002193
1623957174160000,0,3919.74534738,0.00002193
1623957526909000,0,15.95539100,0.00002196
1623957681684000,0,3952.00000000,0.00002198
1623957810438000,1,1434.27453440,0.00002197
1623957810438000,1,3585.68633601,0.00002197
1623958481961000,0,3920.00000000,0.00002197
1623958481961000,0,6025.00000000,0.00002197
1623958495212000,0,14618.00000000,0.00002197
1623958753543000,1,6025.00000000,0.00002193
1623958834920000,0,14617.00000000,0.00002193
1623958855316000,1,487.94946500,0.00002193
1623958940984000,1,10.63377500,0.00002195
1623959036805000,0,0.00354058,0.00002199
1623959065847000,0,1429.95280179,0.00002200
1623959065847000,0,3574.88200448,0.00002200
1623959085132000,0,99.43129600,0.00002200
1623959176430000,1,80.41156400,0.00002197
1623959525842000,1,12136.00000000,0.00002198
1623959591798000,1,259.49000000,0.00002199
1623959599394000,1,2222.00000000,0.00002199
1623960000749000,0,6030.00000000,0.00002200
1623960002250000,0,0.66232269,0.00002200
1623960002250000,0,3920.00000000,0.00002201
1623960003550000,0,10289.00000000,0.00002201
1623960003603000,0,1405.83839118,0.00002201
1623960003622000,0,2923.49699343,0.00002201
1623960012347000,0,3920.00000000,0.00002201
1623960012347000,0,1433.76773024,0.00002201
1623960012347000,0,9319.18613970,0.00002201
1623960012347000,0,2838.04613006,0.00002201
1623960034480000,1,4481.00000000,0.00002198
1623960061625000,1,8127.00000000,0.00002198
1623960141353000,0,5781.00000000,0.00002202
1623960153375000,0,11393.00000000,0.00002204
1623960162707000,1,3920.00000000,0.00002205
1623960324594000,0,3577.35898596,0.00002209
1623960406848000,0,39.26630500,0.00002208
1623960582484000,1,13403.61677786,0.00002208
1623960582484000,1,3920.00000000,0.00002207
1623960582484000,1,1433.77226952,0.00002207
1623960582484000,1,3584.43067381,0.00002207
1623960582484000,1,9319.51975190,0.00002207
1623960582484000,1,3920.00000000,0.00002206
1623960582484000,1,2425.64052691,0.00002206
1623960585646000,0,790.45000000,0.00002206
1623960585898000,0,2683.61654548,0.00002206
1623960585937000,0,2622.69177294,0.00002206
1623960657764000,0,60.88212955,0.00002208
1623960721006000,1,3574.25824019,0.00002207
1623960721006000,1,1429.70328981,0.00002207
1623960765832000,1,3920.00000000,0.00002209
1623960802692000,1,8076.03847000,0.00002208
1623960802756000,1,1201.34504154,0.00002208
1623960802756000,1,3567.50991661,0.00002208
1623960802756000,1,1427.00395185,0.00002208
1623960821607000,1,1425.40681977,0.00002207
1623960821607000,1,3563.51703023,0.00002207
1623960821661000,1,0.00001918,0.00002207
1623960825571000,1,3920.00000000,0.00002206
1623960838256000,1,790.45000000,0.00002206
1623960848315000,1,1426.69853415,0.00002206
1623960848315000,1,3566.74632585,0.00002206
1623960851523000,1,8521.85845944,0.00002206
1623961319590000,1,3920.00000000,0.00002202
1623961319590000,1,2909.00000000,0.00002202
1623962014224000,0,138.92468800,0.00002200
1623962564645000,0,1643.73467400,0.00002201
1623962575254000,0,2276.26532600,0.00002201
1623962582845000,1,185.17326627,0.00002201
1623962582923000,1,800.00000000,0.00002201
1623962583475000,1,560.00000000,0.00002201
1623962583508000,1,390.67396767,0.00002201
1623962583579000,1,485.70000000,0.00002201
1623962886444000,0,9284.75887074,0.00002208
1623962886444000,0,1428.12186477,0.00002208
1623962886444000,0,3331.17516449,0.00002208
1623962886450000,0,239.08984737,0.00002208
1623962886960000,0,1784.08255507,0.00002209
1623962886966000,0,905.76917709,0.00002209
1623962887710000,0,3920.00000000,0.00002212
1623962887795000,0,1424.87791703,0.00002213
1623962887795000,0,3562.19479258,0.00002213
1623962900323000,1,53.60983652,0.00002214
1623962900935000,0,1422.30593000,0.00002217
1623962908781000,1,122.83120000,0.00002218
1623962924812000,1,1421.25110520,0.00002216
1623962924812000,1,4578.74889480,0.00002216
1623963024698000,0,5993.88071490,0.00002211
1623963024953000,0,3563.49143387,0.00002212
1623963024953000,0,1425.39657355,0.00002212
1623963024953000,0,4711.11199258,0.00002212
1623963024964000,0,4553.96573549,0.00002212
1623963025137000,1,1425.39657355,0.00002213
1623963025154000,1,8124.60342645,0.00002213
1623963025219000,0,350.00000000,0.00002213
1623963025300000,0,790.06372349,0.00002213
1623963025300000,0,0.38627651,0.00002213
1623963025401000,0,42.08000000,0.00002213
1623963025465000,0,3521.02515736,0.00002213
1623963025465000,0,144.69000000,0.00002215
1623963050259000,1,790.45000000,0.00002216
1623963143514000,0,1423.63457908,0.00002216
1623963143514000,0,2252.28712092,0.00002216
1623963143633000,0,1306.79932679,0.00002216
1623963143633000,0,519.03097321,0.00002216
1623963143633000,0,1248.86820000,0.00002216
1623963143653000,0,4000.00000000,0.00002216
1623963143707000,0,1674.74940000,0.00002216
1623963143718000,0,1809.45315569,0.00002216
1623963400452000,1,1643.73467400,0.00002208
1623963520482000,0,3571.08666029,0.00002208
1623963520482000,0,1427.91333971,0.00002208
1623963600638000,0,1425.90496282,0.00002211
1623963600638000,0,5993.09503718,0.00002211
1623963790437000,0,3920.00000000,0.00002210
1623963790437000,0,6006.00000000,0.00002210
1623963914980000,0,0.24377470,0.00002210
1623963914980000,0,3920.00000000,0.00002210
1623963914980000,0,6011.97802769,0.00002210
1623963914980000,0,1429.34936830,0.00002210
1623963914980000,0,3573.37342075,0.00002210
1623963914980000,0,9290.05540856,0.00002210
1623964024052000,0,3920.00000000,0.00002208
1623964024052000,0,6021.13525907,0.00002208
1623964024052000,0,1431.86474093,0.00002208
1623964025678000,0,3920.00000000,0.00002209
1623964025678000,0,1785.95000000,0.00002209
1623964416234000,0,3920.00000000,0.00002208
1623964416234000,0,6027.40017593,0.00002208
1623964416234000,0,1869.05363373,0.00002208
1623964416234000,0,5935.74690000,0.00002209
1623964416234000,0,3920.00000000,0.00002209
1623964416234000,0,3327.79929034,0.00002209
1623964421727000,0,1899.00000000,0.00002208
1623964446316000,0,1211.88138689,0.00002208
1623964446316000,0,3920.00000000,0.00002208
1623964446316000,0,4279.40000000,0.00002209
1623964446316000,0,6022.33220000,0.00002209
1623964446316000,0,3920.00000000,0.00002209
1623964446316000,0,5646.38641311,0.00002209
1623964464688000,0,1434.31576410,0.00002208
1623964464688000,0,3585.82775477,0.00002208
1623964464688000,0,813.85648113,0.00002208
1623964466442000,0,878.21175718,0.00002208
1623964466442000,0,378.67472052,0.00002209
1623964466442000,0,5885.55500000,0.00002209
1623964466564000,1,6025.06113363,0.00002209
1623964466689000,1,10017.99466464,0.00002209
1623964466690000,1,1814.50272403,0.00002209
1623964486598000,0,1433.11895250,0.00002209
1623964486598000,0,3582.79738124,0.00002209
1623964486598000,0,5876.56310000,0.00002209
1623964486598000,0,9314.29443741,0.00002209
1623964486598000,0,1780.46725851,0.00002210
1623964486598000,0,2739.00000000,0.00002210
1623964486598000,0,273.75887034,0.00002210
1623964547002000,0,6026.27517660,0.00002210
1623964547002000,0,4232.80000000,0.00002210
1623964547002000,0,1156.69435000,0.00002210
1623964547002000,0,13584.23047340,0.00002210
1623964603569000,0,0.06525122,0.00002211
1623964603569000,0,1432.54276455,0.00002211
1623964603569000,0,3581.35691138,0.00002211
1623964604342000,0,1875.00000000,0.00002212
1623964709737000,0,15.80000000,0.00002211
1623964960886000,0,1431.68929864,0.00002214
1623964960886000,0,3579.25551866,0.00002214
1623965062995000,0,6002.88950000,0.00002214
1623965063001000,0,0.00004733,0.00002214
1623965063099000,0,774.65000000,0.00002215
1623965063157000,0,655.42677556,0.00002215
1623965063157000,0,3264.57322444,0.00002215
1623965063158000,0,310.52372773,0.00002215
1623965063572000,0,9292.06649504,0.00002216
1623965064763000,0,4232.80000000,0.00002218
1623965064763000,0,8308.31171196,0.00002218
1623965124456000,0,1427.15494059,0.00002217
1623965124456000,0,3567.88735149,0.00002217
1623965124456000,0,7579.95770792,0.00002217
1623965124460000,0,1696.54940595,0.00002217
1623965125041000,0,652.78490544,0.00002218
1623965125167000,0,9277.21127098,0.00002218
1623965228811000,0,5983.48582667,0.00002221
1623965228811000,0,9256.14963925,0.00002221
1623965228811000,0,1424.39309907,0.00002221
1623965228811000,0,3560.90918821,0.00002221
1623965229060000,0,4645.20860000,0.00002222
1623965229152000,0,23315.78148000,0.00002222
1623965229896000,0,3278.01208966,0.00002225
1623965229896000,0,2557.25851034,0.00002225
1623965241431000,1,157.40976100,0.00002223
1623965357878000,0,1422.47999735,0.00002222
1623965357878000,0,3556.19999336,0.00002222
1623965357878000,0,744.32000929,0.00002222
1623965915306000,1,14618.00000000,0.00002215
1623966222354000,1,5980.00000000,0.00002213
1623966297484000,1,0.43372065,0.00002213
1623966297484000,1,1423.85799207,0.00002212
1623966297484000,1,3559.89012638,0.00002212
1623966397634000,0,1070.52000000,0.00002210
1623967160432000,0,5988.80895806,0.00002213
1623967160432000,0,4916.11760494,0.00002213
1623967284442000,0,1614.41733014,0.00002215
1623967284453000,0,1803.06912638,0.00002215
1623967284467000,0,1781.74905225,0.00002215
1623967353795000,1,125.00000000,0.00002214
1623967430034000,1,106.02468200,0.00002217
1623967487017000,1,6270.37228663,0.00002221
1623967505508000,1,1419.89114000,0.00002219
1623967505538000,1,0.00000623,0.00002219
1623967639067000,1,1400.93964200,0.00002214
1623968203859000,1,60.00000000,0.00002213
1623968365181000,1,5976.00000000,0.00002212
1623968501512000,1,0.10032939,0.00002212
1623968501512000,1,5988.89967061,0.00002212
1623968540064000,1,0.37110641,0.00002212
1623968540064000,1,5992.62889359,0.00002212
1623968541869000,1,0.42763956,0.00002212
1623968541869000,1,5992.57236044,0.00002212
1623969374052000,0,545.56030976,0.00002215
1623969745568000,1,5982.00000000,0.00002217
1623969751808000,0,14618.61677786,0.00002218
1623970183963000,1,5974.00000000,0.00002212
1623970392163000,1,5969.01915810,0.00002216
1623970392163000,1,1646.43970747,0.00002216
1623970399105000,1,34.15251000,0.00002216
1623970713549000,1,0.72395750,0.00002212
1623970713549000,1,1420.90655722,0.00002212
1623970713549000,1,5958.36948528,0.00002212
1623970846467000,1,0.62848157,0.00002212
1623970846467000,1,1419.09465768,0.00002212
1623970846467000,1,5963.01743437,0.00002212
1623971011320000,1,5957.74827386,0.00002206
1623971011320000,1,1419.50244444,0.00002206
1623971018968000,1,145.17000000,0.00002206
1623971018968000,1,349.83000000,0.00002206
1623971037051000,1,1420.14591789,0.00002205
1623971037051000,1,3550.36479473,0.00002205
1623971116797000,1,5945.00000000,0.00002206
1623971135517000,1,0.10624392,0.00002206
1623971139407000,0,1416.00000000,0.00002206
1623971189192000,0,5943.94666463,0.00002206
1623971189192000,0,1416.27757273,0.00002206
1623971189192000,0,3538.77576264,0.00002206
1623971318659000,1,5942.77169486,0.00002203
1623971419449000,1,1416.45748352,0.00002202
1623971419449000,1,3541.14370879,0.00002202
1623971419449000,1,9206.97364286,0.00002202
1623971419449000,1,4000.00000000,0.00002202
1623971419449000,1,5945.79245748,0.00002202
1623971884808000,0,377.02000000,0.00002207
1623972312091000,0,1420.24217890,0.00002204
1623972415426000,1,39.50000000,0.00002205
1623972669086000,0,1825.00000000,0.00002210
1623972715476000,0,395.46466801,0.00002211
1623972723279000,0,203.46000000,0.00002212
1623972725183000,0,563.25000000,0.00002212
1623972737099000,0,285.56747520,0.00002212
1623972747095000,0,580.52000000,0.00002212
1623972974913000,1,8714.00000000,0.00002210
1623972977294000,1,5904.00000000,0.00002210
1623973642197000,0,14618.00000000,0.00002213
1623973646711000,0,1418.01746490,0.00002213
1623973646711000,0,3545.04366226,0.00002213
1623973921012000,0,4000.00000000,0.00002213
1623974258054000,0,57.72751300,0.00002208
