timestamp ms,type,amount,price
1626998432779000,1,637.00000000,0.00001833
1626998432847000,1,1350.26432247,0.00001833
1626998467926000,1,8441.67855397,0.00001831
1626998863903000,1,311.00000000,0.00001829
1626998863995000,1,902.00000000,0.00001829
1626998864138000,1,902.00000000,0.00001829
1626998865103000,1,1113.00000000,0.00001829
1626998878322000,1,1993.23914331,0.00001827
1626998895945000,1,4400.00000000,0.00001827
1626999763868000,1,3779.00000000,0.00001833
1626999763887000,1,0.60000000,0.00001833
1626999806403000,1,8434.96701597,0.00001832
1626999806403000,1,549.03298403,0.00001832
1626999806504000,1,0.96701597,0.00001832
1626999828332000,1,550.00000000,0.00001831
1626999828678000,1,550.00000000,0.00001831
1627000352657000,0,17.18547488,0.00001832
1627001383113000,1,1985.57848612,0.00001835
1627001383113000,1,3658.29166388,0.00001835
1627001492150000,0,3658.80000000,0.00001837
1627001608191000,1,4160.00000000,0.00001844
1627001608244000,1,0.90000000,0.00001844
1627001641394000,1,4160.00000000,0.00001844
1627001641456000,1,0.90000000,0.00001844
1627004276133000,1,359.00000000,0.00001847
1627004294478000,1,2718.00000000,0.00001843
1627004298183000,1,10128.14019000,0.00001843
1627004326682000,1,12854.94977400,0.00001841
1627004326682000,1,4944.95287843,0.00001841
1627004326682000,1,1978.45541195,0.00001841
1627005647744000,1,1987.08553370,0.00001832
1627005833373000,1,1993.15193178,0.00001828
1627005833373000,1,4981.29424386,0.00001828
1627005855241000,0,197.60000000,0.00001828
1627006072370000,0,1785.00000000,0.00001833
1627006072385000,0,2615.00000000,0.00001833
1627006187593000,0,2525.00000000,0.00001833
1627006187612000,0,0.31937103,0.00001833
1627006188910000,0,718.30858435,0.00001834
1627006193198000,0,2527.00000000,0.00001833
1627006193267000,0,0.94561567,0.00001833
1627006235342000,0,1766.00000000,0.00001834
1627006329184000,0,3015.60039100,0.00001834
1627006329275000,0,1384.39960900,0.00001834
1627006329275000,0,7316.90929200,0.00001835
1627006329828000,1,1438.00000000,0.00001834
1627006329880000,1,0.53608000,0.00001834
1627006333870000,1,323.00000000,0.00001834
1627006341045000,1,2621.07025100,0.00001832
1627006349671000,0,1508.22759600,0.00001834
1627006353255000,0,29.26750900,0.00001834
1627006365993000,0,2515.00000000,0.00001833
1627006365996000,0,0.46081951,0.00001833
1627006370009000,1,158.00000000,0.00001834
1627006370100000,1,0.55493100,0.00001834
1627006375539000,0,113.25507300,0.00001834
1627006383449000,0,202.00000000,0.00001833
1627006383477000,0,2284.71147865,0.00001833
1627006388074000,0,178.99108700,0.00001834
1627006388803000,0,147.96952800,0.00001834
1627006399018000,0,2488.00000000,0.00001834
1627006399138000,0,0.85045709,0.00001834
1627006442261000,0,443.00000000,0.00001834
1627006501467000,1,113.25560700,0.00001833
1627006522262000,0,113.31739400,0.00001833
1627006563702000,0,113.31739400,0.00001833
1627006606242000,0,227.11509000,0.00001833
1627006668396000,0,113.74047400,0.00001831
1627006775963000,0,4400.00000000,0.00001831
1627006775963000,0,206.00000000,0.00001831
1627006775970000,0,4167.60000000,0.00001831
1627006835320000,0,113.86141700,0.00001831
1627006876755000,0,113.92413800,0.00001831
1627006898337000,0,108.60667500,0.00001831
1627007068901000,0,491.09347700,0.00001833
1627007080625000,1,228.00000000,0.00001831
1627007084547000,1,0.98662400,0.00001831
1627007084547000,1,4197.90000000,0.00001830
1627007084547000,1,1990.18801327,0.00001830
1627007212554000,0,11.38582000,0.00001832
1627007280810000,1,1988.90743364,0.00001831
1627007295697000,1,113.00000000,0.00001832
1627007295724000,1,0.88549900,0.00001832
1627007364132000,0,113.82336800,0.00001832
1627007405039000,0,394.89000000,0.00001832
1627007407403000,0,789.08000000,0.00001832
1627007504314000,1,16.87630000,0.00001830
1627007504316000,1,18.88340000,0.00001830
1627007504320000,1,35.67500000,0.00001830
1627007504322000,1,140.47610000,0.00001830
1627007504326000,1,265.39880000,0.00001830
1627007504330000,1,29.04310000,0.00001830
1627007504332000,1,291.90490000,0.00001830
1627007504337000,1,1403.52172867,0.00001830
1627007518996000,1,1992.00000000,0.00001829
1627007519081000,1,0.17568378,0.00001829
1627007652454000,1,113.00000000,0.00001830
1627007652504000,1,0.97232800,0.00001830
1627007720326000,1,4400.00000000,0.00001829
1627007731067000,1,611.00000000,0.00001829
1627007745083000,1,4400.00000000,0.00001828
1627007745083000,1,3794.50000000,0.00001828
1627007745083000,1,8390.97443721,0.00001828
1627007745083000,1,1991.52556279,0.00001828
1627007746069000,1,4400.00000000,0.00001828
1627008078517000,1,3794.50000000,0.00001825
1627008125071000,0,1112.98000000,0.00001830
1627008206151000,0,163.46269300,0.00001829
1627008231702000,0,114.11443200,0.00001830
1627008272579000,0,114.11443200,0.00001830
1627008293873000,0,114.11443200,0.00001830
1627008663536000,0,1975.91939000,0.00001831
1627008719995000,0,2278.00000000,0.00001833
1627008720052000,0,2122.00000000,0.00001833
1627008949627000,0,1970.08416556,0.00001834
1627009003244000,0,335.00000000,0.00001835
1627009003246000,0,4065.00000000,0.00001835
1627009248470000,0,1084.94168900,0.00001832
1627009254737000,0,116.07949900,0.00001833
1627009292592000,0,1970.00000000,0.00001832
1627009292601000,0,0.84628690,0.00001832
1627009296905000,0,113.87257500,0.00001833
1627009499689000,0,113.87204000,0.00001833
1627009603150000,0,23.38912600,0.00001831
1627009604211000,0,113.99642300,0.00001832
1627009625712000,0,39.91994000,0.00001831
1627009892095000,0,113.87204000,0.00001832
1627009912271000,0,13.06565200,0.00001832
1627010106502000,0,158.13000000,0.00001832
1627010218265000,0,51.16870200,0.00001831
1627010846646000,0,1177.00000000,0.00001832
1627010846677000,0,3223.00000000,0.00001832
1627011072645000,0,2429.00000000,0.00001835
1627011123402000,0,1968.41318851,0.00001836
1627011123402000,0,4920.58681149,0.00001836
1627011123453000,0,0.44615979,0.00001836
1627011139445000,1,12.18142710,0.00001834
1627011147220000,0,703.00000000,0.00001836
1627011147327000,0,478.00000000,0.00001836
1627011147574000,0,478.00000000,0.00001836
1627011147641000,0,478.00000000,0.00001836
1627011147824000,0,703.00000000,0.00001836
1627011186110000,0,237.21000000,0.00001837
1627011665432000,0,189.46000000,0.00001836
1627011749166000,0,327.00000000,0.00001833
1627011749211000,0,327.00000000,0.00001833
1627011749212000,0,246.00000000,0.00001833
1627012374188000,0,1973.00000000,0.00001830
1627012374198000,0,0.98824509,0.00001830
1627012584394000,0,4400.00000000,0.00001832
1627012967303000,0,300.14273518,0.00001833
1627012967548000,0,3609.00000000,0.00001833
1627013131360000,0,8381.51331749,0.00001833
1627013131360000,0,754.48668251,0.00001833
1627013131415000,0,4078.00000000,0.00001833
1627013131419000,0,93.24674010,0.00001833
1627013131419000,0,727.89505990,0.00001833
1627013131425000,0,1242.54594745,0.00001833
1627013151834000,0,2226.00000000,0.00001836
1627013151835000,0,1650.10000000,0.00001836
1627013151835000,0,764.90000000,0.00001836
1627013151930000,0,5103.00000000,0.00001836
1627013165640000,0,1964.00315199,0.00001839
1627013174690000,1,3500.00000000,0.00001841
1627013174761000,1,4000.00000000,0.00001841
1627013175528000,1,4000.00000000,0.00001840
1627013177194000,0,1143.00000000,0.00001841
1627013177378000,0,3257.00000000,0.00001841
1627013177378000,0,3331.81266969,0.00001841
1627013180384000,0,785.00000000,0.00001841
1627013256434000,0,1966.00000000,0.00001836
1627013256459000,0,0.74375942,0.00001836
1627013260263000,0,8358.77220920,0.00001837
1627013461509000,0,113.85030600,0.00001837
1627014129321000,0,58.02196800,0.00001838
1627014181068000,0,300.85297800,0.00001839
1627014300270000,1,113.00000000,0.00001840
1627014300298000,1,0.36636800,0.00001840
1627014364872000,0,115.47622700,0.00001840
1627014401872000,0,140.00000000,0.00001841
1627014401875000,0,4751.74033277,0.00001841
1627014401875000,0,1957.18166945,0.00001841
1627014651971000,1,4058.60000000,0.00001842
1627014651971000,1,617.40000000,0.00001842
1627014651992000,1,1335.58385114,0.00001842
1627014651992000,1,4882.45962786,0.00001842
1627014917292000,1,1391.00000000,0.00001844
1627014920199000,1,4400.00000000,0.00001843
1627015204655000,1,197.60000000,0.00001847
1627015207997000,0,1947.07235825,0.00001848
1627015207997000,0,4867.68089562,0.00001848
1627015207997000,0,3922.39671913,0.00001848
1627015209450000,1,1947.63228935,0.00001846
1627015284824000,1,1948.96342761,0.00001846
1627015284824000,1,4870.64110084,0.00001846
1627015486613000,1,2614.53858200,0.00001848
1627015776481000,0,67.90198200,0.00001846
1627015857867000,0,418.82437800,0.00001847
1627015857962000,0,112.69679500,0.00001847
1627016115198000,1,300.00000000,0.00001844
1627016166084000,0,40.52571100,0.00001844
1627016423352000,1,53.86308500,0.00001845
1627016440520000,0,43.06711300,0.00001844
1627016460902000,0,112.69939900,0.00001843
1627016474185000,1,21.55692400,0.00001843
1627016585983000,0,156.50000000,0.00001845
1627017091580000,1,857.69000000,0.00001845
1627017146917000,0,1611.09925000,0.00001846
1627017191209000,0,536.89376000,0.00001845
1627017316117000,1,1073.77477500,0.00001848
1627017333581000,1,1498.00000000,0.00001846
1627017339702000,0,460.11572000,0.00001848
1627017425958000,1,14.12434400,0.00001851
1627017682696000,0,1286.28828800,0.00001850
1627017705911000,0,2147.14732300,0.00001849
1627017768515000,0,112.50331300,0.00001849
1627017789622000,0,11.25038400,0.00001848
1627017835014000,0,3372.15802900,0.00001848
1627017873003000,1,112.00000000,0.00001849
1627017875392000,1,0.56419200,0.00001849
1627017895226000,0,273.76690100,0.00001849
1627017986920000,1,429.00000000,0.00001848
1627017986961000,1,0.18164500,0.00001848
1627018142094000,0,1944.04022664,0.00001849
1627018142094000,0,4860.10056660,0.00001849
1627018182213000,0,230.39416098,0.00001851
1627018200853000,1,100.00000000,0.00001849
1627018250742000,1,375.00000000,0.00001850
1627018285898000,1,26.03259200,0.00001850
1627018353828000,1,358.95348500,0.00001852
1627018389325000,1,3692.60000000,0.00001853
1627018602106000,1,4400.00000000,0.00001852
1627018684697000,1,111.00000000,0.00001851
1627018684732000,1,0.91602300,0.00001851
1627018838800000,0,133.84974600,0.00001852
1627018843357000,0,30.56146300,0.00001852
1627019094295000,0,3712.00000000,0.00001854
1627019094295000,0,0.40000000,0.00001854
1627019124822000,0,53.53628200,0.00001854
1627019503071000,0,528.79445277,0.00001856
1627019512506000,1,902.35626800,0.00001855
1627019710407000,1,53.55478000,0.00001855
1627019710407000,1,1485.44522000,0.00001854
1627019710469000,1,1539.00000000,0.00001854
1627019710670000,1,1375.00000000,0.00001854
1627019710706000,1,0.55478000,0.00001854
1627019746252000,0,82.34930600,0.00001856
1627019806864000,1,1940.31914208,0.00001852
1627019910223000,1,1126.00000000,0.00001852
1627019910270000,1,0.40144900,0.00001852
1627020029614000,1,1861.49639000,0.00001851
1627020105264000,0,1945.00000000,0.00001853
1627020105271000,0,0.48180993,0.00001853
1627020105271000,0,113.51819007,0.00001853
1627020105273000,0,342.00000000,0.00001853
1627020220372000,1,1826.66735400,0.00001850
1627020506134000,0,39.13400000,0.00001850
1627021014705000,0,39.30400000,0.00001848
1627021167704000,1,4400.00000000,0.00001847
1627021653349000,0,1003.78935400,0.00001843
1627021674809000,0,107.98456000,0.00001844
1627021690571000,0,48.53843800,0.00001844
1627021696254000,0,561.52120200,0.00001843
1627021699522000,0,113.01465200,0.00001843
1627021755044000,1,49.95831900,0.00001843
1627021759500000,0,584.87812900,0.00001843
1627021762853000,0,14.58535600,0.00001843
1627021799760000,0,540.12536600,0.00001843
1627021826040000,0,38.63213200,0.00001843
1627021826135000,0,15.84107500,0.00001843
1627021847347000,0,19.31633200,0.00001842
1627021859538000,0,1961.09832402,0.00001842
1627021859538000,0,4113.90167598,0.00001842
1627021859555000,0,788.84413407,0.00001842
1627022078814000,1,112.00000000,0.00001844
1627022092532000,1,0.74722300,0.00001844
1627022124607000,0,112.79773200,0.00001844
1627022214998000,0,377.61313800,0.00001844
1627022366251000,0,107.91012700,0.00001843
1627022425036000,0,112.85893600,0.00001844
1627022445921000,0,112.60557200,0.00001844
1627022487817000,0,112.79773200,0.00001844
1627022566180000,1,93.61833000,0.00001842
1627022680201000,0,112.79773200,0.00001843
1627022706572000,1,1781.00000000,0.00001843
1627022706593000,1,0.48425900,0.00001843
1627022807127000,0,21.59362900,0.00001843
1627022860981000,1,33.20300400,0.00001843
1627022860981000,1,112.85893600,0.00001843
1627022891433000,1,16.20120600,0.00001843
1627022897155000,0,41.03174000,0.00001844
1627022922075000,0,431.70058600,0.00001844
1627022927903000,0,359.45174400,0.00001844
1627023019642000,0,21.58510900,0.00001844
1627023125442000,0,784.76000000,0.00001846
1627023221239000,0,65.40957600,0.00001846
1627023389218000,0,1859.00000000,0.00001847
1627023389220000,0,2081.70531500,0.00001847
1627023459895000,0,431.37042500,0.00001847
1627023477680000,0,112.61505100,0.00001846
1627023530614000,0,112.67605600,0.00001846
1627023531788000,0,273.62831700,0.00001846
1627023552066000,0,16.41784500,0.00001845
1627023618402000,1,224.00000000,0.00001845
1627023618525000,1,0.80259200,0.00001845
1627023635564000,0,11.23970400,0.00001846
1627023678301000,0,1078.22637100,0.00001846
1627023678904000,0,21.57553100,0.00001846
1627023721815000,0,112.32500500,0.00001846
1627023744810000,0,16.86210700,0.00001845
1627023787668000,0,112.38588600,0.00001845
1627023831909000,0,138.40639700,0.00001844
1627023873305000,0,21.60797000,0.00001844
1627023960595000,0,4285.00000000,0.00001845
1627024102401000,1,378.00000000,0.00001845
1627024102465000,1,0.71019400,0.00001845
1627024305021000,1,4400.00000000,0.00001842
1627024322429000,1,4400.00000000,0.00001842
1627024348051000,1,4000.00000000,0.00001842
1627024400321000,1,1039.00000000,0.00001840
1627024526208000,0,3778.00000000,0.00001841
1627024526297000,0,0.19360300,0.00001841
1627025060104000,1,1000.00000000,0.00001839
1627025184441000,1,500.00000000,0.00001842
1627025389509000,1,1218.00000000,0.00001842
1627025389552000,1,0.30858435,0.00001842
1627025504546000,1,1967.62946000,0.00001843
1627025504548000,1,0.00000398,0.00001843
1627025526735000,0,790.53000000,0.00001844
1627026048512000,1,112.00000000,0.00001841
1627026048543000,1,0.89564100,0.00001841
1627026586909000,1,408.87017400,0.00001841
1627026627552000,1,27.57424000,0.00001841
1627026669612000,1,17.20483300,0.00001841
1627026729820000,1,22.11034300,0.00001841
1627026732649000,0,3139.00000000,0.00001843
1627026732668000,0,1261.00000000,0.00001843
1627026732668000,0,684.00000000,0.00001843
1627026732720000,0,6057.00000000,0.00001843
1627026771190000,0,15.62092800,0.00001842
1627026771199000,1,11.25377900,0.00001842
1627027100132000,0,4400.00000000,0.00001844
1627027100132000,0,4422.90000000,0.00001844
1627027175472000,1,3864.60000000,0.00001842
1627027198802000,0,960.00000000,0.00001844
1627027198951000,0,3462.90000000,0.00001844
1627027339825000,1,1500.00000000,0.00001840
1627027339837000,1,15295.00000000,0.00001840
1627027339848000,1,12894.96000000,0.00001840
1627027343153000,0,16983.00000000,0.00001839
1627027346417000,0,13978.00000000,0.00001840
1627027346428000,0,848.00000000,0.00001840
1627027352641000,0,23133.00000000,0.00001842
1627027352663000,0,7672.00000000,0.00001842
1627027352679000,0,8993.00000000,0.00001842
1627027352679000,0,2040.00000000,0.00001842
1627027352744000,0,1988.80000000,0.00001842
1627027803663000,0,113.00323600,0.00001842
1627027846058000,0,33.29123900,0.00001840
1627027897600000,0,1974.00000000,0.00001839
1627028008150000,0,113.03708400,0.00001840
1627028028519000,0,113.03708400,0.00001840
1627028225177000,0,116.25457100,0.00001840
1627028258880000,0,113.01150800,0.00001840
1627028360388000,1,113.00000000,0.00001838
1627028360433000,1,0.07296100,0.00001838
1627028361401000,1,113.00000000,0.00001838
1627028365174000,1,0.13448100,0.00001838
1627028365174000,1,64.86551900,0.00001836
1627028423621000,1,78.43800000,0.00001838
1627028424013000,1,187.00000000,0.00001838
1627028424025000,1,0.47916500,0.00001838
1627028528967000,0,81.34235700,0.00001838
1627028591577000,0,113.22381900,0.00001835
1627028693280000,0,113.40902700,0.00001834
1627028769271000,1,519.23000000,0.00001833
1627028815861000,0,113.34722400,0.00001835
1627028836131000,0,226.80771400,0.00001833
1627028856960000,1,113.52759300,0.00001833
1627028856960000,1,11.33705600,0.00001833
1627028877163000,1,24.46380600,0.00001833
1627029261584000,1,1975.00000000,0.00001836
1627029261600000,1,0.64089247,0.00001836
1627029535921000,0,113.40902700,0.00001833
1627029555078000,0,54.43393700,0.00001833
1627029599093000,0,48.55827800,0.00001832
1627029621427000,1,122.64534500,0.00001832
1627029621427000,1,113.35465500,0.00001832
1627029786230000,0,113.34722400,0.00001834
1627029827906000,0,113.40902700,0.00001834
1627029831778000,1,400.00000000,0.00001834
1627029831812000,1,0.74187000,0.00001834
1627029910381000,0,113.45966600,0.00001833
1627029910758000,0,383.09707200,0.00001833
1627029995158000,0,167.26451800,0.00001833
1627030530842000,1,528.79445000,0.00001829
1627030531310000,1,0.00000277,0.00001829
1627030539309000,0,1987.52814166,0.00001828
1627030539385000,0,8445.50347302,0.00001829
1627030539385000,0,4400.00000000,0.00001829
1627030539385000,0,4966.10218109,0.00001829
1627030539385000,0,11942.76434589,0.00001829
1627030625854000,1,4400.00000000,0.00001827
1627030625854000,1,8303.39210000,0.00001827
1627030629988000,1,1990.97386424,0.00001824
1627030629988000,1,5197.02613576,0.00001824
1627030630003000,1,31214.00000000,0.00001824
1627030630017000,1,4791.97386424,0.00001824
1627030630017000,1,3853.00000000,0.00001824
1627030630286000,1,4400.00000000,0.00001823
1627030631044000,0,4400.00000000,0.00001823
1627030635805000,1,1830.00000000,0.00001823
1627030635806000,1,165.34003499,0.00001823
1627030671496000,0,114.04673600,0.00001824
1627030749628000,0,114.04673600,0.00001824
1627030791058000,1,8250.70520000,0.00001823
1627030791058000,1,4400.00000000,0.00001823
1627030791058000,1,4400.00000000,0.00001822
1627030791058000,1,4338.30000000,0.00001822
1627030791058000,1,8488.25336407,0.00001822
1627030791058000,1,500.00000000,0.00001822
1627030791058000,1,4996.53674177,0.00001822
1627030791058000,1,1998.34078891,0.00001822
1627030791058000,1,8486.41787740,0.00001821
1627030791058000,1,37159.00000000,0.00001821
1627030791058000,1,12991.15094762,0.00001821
1627030791058000,1,531.40937039,0.00001820
1627030791058000,1,7339.09348184,0.00001820
1627030817418000,1,228.00000000,0.00001825
1627030817470000,1,0.45662000,0.00001825
1627030985219000,0,560.32000000,0.00001827
1627031029432000,1,68.70307900,0.00001827
1627031030713000,1,25.11071800,0.00001827
1627031052989000,0,40826.00000000,0.00001829
1627031052989000,0,4053.30000000,0.00001829
1627031052989000,0,4975.37036438,0.00001829
1627031052989000,0,1990.14814575,0.00001829
1627031114273000,0,1988.86468078,0.00001830
1627031152169000,1,4400.00000000,0.00001830
1627031446002000,0,4400.00000000,0.00001833
1627031522682000,1,262.62251000,0.00001832
1627032823348000,1,113.00000000,0.00001826
1627032823348000,1,0.98911100,0.00001826
1627032983973000,0,96.00000000,0.00001826
1627032983974000,0,85.00000000,0.00001826
1627032983977000,0,85.00000000,0.00001826
1627033251170000,1,39.27062164,0.00001825
1627033638470000,0,113.91910100,0.00001827
1627034148348000,0,1986.75370475,0.00001828
1627034737149000,1,366.50659400,0.00001829
1627034779081000,1,4400.00000000,0.00001831
1627034779081000,1,500.00000000,0.00001831
1627034779081000,1,4971.50650647,0.00001831
1627034779081000,1,311.66625953,0.00001831
1627034799358000,1,14.78998600,0.00001831
1627034854619000,1,212.50340400,0.00001831
1627034966714000,1,500.00000000,0.00001831
1627034966714000,1,242.90000000,0.00001830
1627035023873000,1,181.90148600,0.00001830
1627035829439000,0,19.59275000,0.00001829
1627035849720000,0,114.21273800,0.00001829
1627035849942000,0,21.92722900,0.00001829
1627035954056000,1,114.00000000,0.00001828
1627035987877000,0,54.84618300,0.00001829
1627036031361000,0,22.63918900,0.00001829
1627036055367000,0,114.27170100,0.00001829
1627036072809000,0,109.65115400,0.00001829
1627036219610000,0,114.24303800,0.00001827
1627036485203000,1,47.63773100,0.00001826
1627036835593000,0,1992.07419325,0.00001829
1627036835593000,0,1488.92580675,0.00001829
1627036835610000,0,2822.00000000,0.00001829
1627036835612000,0,669.30018602,0.00001829
1627037784383000,1,114.00000000,0.00001827
1627037784450000,1,0.35298400,0.00001827
1627037885674000,0,1603.40000000,0.00001828
1627037993950000,0,1993.72305482,0.00001827
1627038241777000,1,1993.00000000,0.00001827
1627038359238000,0,4400.00000000,0.00001828
1627039097727000,0,1980.04623885,0.00001833
1627039395458000,1,1217.00000000,0.00001830
1627039395508000,1,0.57580600,0.00001830
1627039986411000,0,8458.00000000,0.00001828
1627040101406000,0,4400.00000000,0.00001828
1627040425758000,0,113.98439000,0.00001828
1627040509689000,0,13.61822600,0.00001828
1627040546659000,0,228.10904400,0.00001828
1627040614416000,0,2143.00000000,0.00001829
1627040736443000,0,4400.00000000,0.00001829
1627040785873000,0,36.87077200,0.00001829
1627040869757000,0,66.22551700,0.00001828
1627040890476000,0,114.04281700,0.00001828
1627040905627000,0,11.20661500,0.00001828
1627040932145000,0,114.10520400,0.00001828
1627040955397000,0,109.43815100,0.00001828
1627040974445000,0,114.10627700,0.00001828
1627041091079000,1,22.72225000,0.00001828
1627041091079000,1,10.94360000,0.00001828
1627041105432000,1,513.00000000,0.00001827
1627041147211000,0,1092.94638200,0.00001829
1627041159301000,0,24.70000000,0.00001829
1627041347318000,0,254.00000000,0.00001829
1627041347320000,0,240.00000000,0.00001829
1627041347603000,0,3332.10000000,0.00001829
1627041529441000,0,749.00000000,0.00001829
1627041529464000,0,7717.23889649,0.00001829
1627041529464000,0,748.76110351,0.00001829
1627041626650000,1,1994.70814302,0.00001825
1627041722828000,0,109.81627000,0.00001827
1627041937469000,0,4743.02970000,0.00001826
1627041937474000,0,15.49610000,0.00001826
1627041937475000,0,136.24090000,0.00001826
1627041937476000,0,51.58190000,0.00001826
1627041937478000,0,50.53770000,0.00001826
1627041937482000,0,118.25970000,0.00001826
1627041937488000,0,288.82620000,0.00001826
1627041937489000,0,26.20320000,0.00001826
1627041937489000,0,366.77490000,0.00001826
1627041937491000,0,184.40840000,0.00001826
1627041937632000,0,6946.13240000,0.00001827
1627041937634000,0,50.53770000,0.00001827
1627041937637000,0,656.06510000,0.00001827
1627041937640000,0,171.28800000,0.00001827
1627041937648000,0,26.20320000,0.00001827
1627041937650000,0,1223.97680000,0.00001827
1627041937650000,0,184.40840000,0.00001827
1627041937652000,0,362.90020000,0.00001827
1627041938344000,0,3482.00000000,0.00001830
1627041941510000,0,1993.43334351,0.00001829
1627041958394000,0,1770.00000000,0.00001830
1627042163221000,0,457.36560000,0.00001831
1627042241440000,0,114.27461600,0.00001831
1627042267191000,0,1899.00000000,0.00001830
1627042267309000,0,2814.00000000,0.00001830
1627042273188000,0,228.48789300,0.00001830
1627042277231000,0,5558.00000000,0.00001830
1627042277235000,0,0.51210700,0.00001830
1627042283451000,0,11.34159200,0.00001830
1627042325827000,0,114.16776400,0.00001831
1627042432053000,0,114.21274100,0.00001830
1627042469548000,0,84.70432900,0.00001831
1627042623875000,0,114.41053100,0.00001829
1627042706076000,0,535.11620200,0.00001830
1627042749807000,0,22.68662700,0.00001829
1627042750605000,0,114.28609600,0.00001829
1627042843614000,0,3979.00000000,0.00001830
1627042843618000,0,2521.00000000,0.00001830
1627042844404000,1,1986.51408000,0.00001829
1627042871159000,0,1980.00000000,0.00001830
1627042871185000,0,4520.00000000,0.00001830
1627043192831000,0,8446.00000000,0.00001830
1627043195615000,0,0.64842640,0.00001830
1627043195615000,0,90.35157360,0.00001830
1627043195670000,0,8356.29685280,0.00001830
1627043195670000,0,810.70314720,0.00001830
1627043195678000,0,3589.29685280,0.00001830
1627043231668000,0,587.28794800,0.00001829
1627043460076000,1,327.45410000,0.00001829
1627043460198000,1,0.00009600,0.00001829
1627043460198000,1,114.16610300,0.00001829
1627043605885000,0,3913.05620400,0.00001831
1627043732098000,0,113.98585600,0.00001829
1627043856484000,0,114.04871400,0.00001829
1627043941246000,1,114.00000000,0.00001829
1627043941251000,1,0.04496100,0.00001829
1627044309674000,0,1520.80883600,0.00001831
1627044316614000,0,5918.00000000,0.00001831
1627044316665000,0,5918.00000000,0.00001831
1627044446859000,0,1984.15152616,0.00001833
1627044545463000,0,916.67000000,0.00001834
1627044609757000,0,205.52306000,0.00001835
1627044857886000,1,33.05056300,0.00001834
1627045042422000,0,3015.61490838,0.00001835
1627045120651000,1,535.38033700,0.00001834
1627045446079000,1,105.81614400,0.00001835
1627045473139000,1,17.10424500,0.00001836
1627045590996000,1,172.24174200,0.00001836
1627045738983000,1,94.13155200,0.00001836
1627046111017000,1,735.97541400,0.00001835
1627046141052000,0,241.00000000,0.00001836
1627046141091000,0,3560.30000000,0.00001836
1627046141091000,0,1027.70000000,0.00001836
1627046141141000,0,7386.49624554,0.00001836
1627046141141000,0,37368.00000000,0.00001836
1627046141141000,0,37289.88000000,0.00001836
1627046141141000,0,4400.00000000,0.00001836
1627046401602000,1,4400.00000000,0.00001832
1627046417892000,1,3441.00000000,0.00001831
1627046417909000,1,959.00000000,0.00001831
1627046664031000,1,113.00000000,0.00001832
1627046664048000,1,0.75918600,0.00001832
1627046686544000,1,113.00000000,0.00001832
1627046686598000,1,0.75758100,0.00001832
1627046787061000,0,1895.00000000,0.00001832
1627046787117000,0,1985.24792443,0.00001832
1627046971967000,0,1838.00000000,0.00001833
1627047047667000,0,111.84900000,0.00001833
1627047102986000,0,0.00098400,0.00001833
1627047383597000,0,707.00000000,0.00001833
1627047383635000,0,0.59000000,0.00001833
1627047583108000,0,1473.00000000,0.00001835
1627047583141000,0,2030.00000000,0.00001835
1627047837139000,1,6934.61024800,0.00001833
1627047933345000,0,4400.00000000,0.00001834
1627047933345000,0,2200.68976200,0.00001834
1627048404517000,0,1983.00000000,0.00001834
1627048460604000,1,1499.79920000,0.00001836
1627048462574000,1,749.40000000,0.00001837
1627048463849000,1,374.69986244,0.00001837
1627048653959000,0,450.00000000,0.00001835
1627048832573000,1,93.22000000,0.00001835
1627048862182000,0,236.79000000,0.00001838
1627048918682000,1,160.00000000,0.00001835
1627049001871000,1,557.53527800,0.00001834
1627049127720000,1,500.00000000,0.00001833
1627050292823000,0,563.86588172,0.00001833
1627050510292000,0,1951.78108000,0.00001834
1627050624190000,0,296.00000000,0.00001834
1627050624234000,0,296.00000000,0.00001834
1627050625469000,0,3448.00000000,0.00001834
1627050739422000,1,11.93788650,0.00001832
1627051130645000,1,290.39750400,0.00001834
1627051380223000,1,4400.00000000,0.00001834
1627051380223000,1,8100.00000000,0.00001834
1627051629840000,1,799.39448300,0.00001834
1627051908932000,1,261.52599800,0.00001834
1627052073915000,1,429.83671900,0.00001834
1627052203703000,1,1716.13611200,0.00001836
1627052319197000,1,33.81874800,0.00001835
1627052441988000,1,808.06290000,0.00001835
1627052495941000,0,1973.16408447,0.00001835
1627052495941000,0,4932.91021118,0.00001835
1627052759084000,1,243.36065573,0.00001830
1627052770378000,1,4400.00000000,0.00001827
1627052787866000,0,85.75100000,0.00001827
1627052802536000,0,816.00000000,0.00001828
1627052802580000,0,3056.00000000,0.00001828
1627052802762000,0,191.70000000,0.00001828
1627052817378000,0,315.95107100,0.00001829
1627052852703000,0,227.73409600,0.00001828
1627052874861000,1,25.00000000,0.00001827
1627053185506000,0,113.89594600,0.00001828
1627053204824000,1,1985.97046121,0.00001826
1627053204824000,1,4964.92615302,0.00001826
1627053224696000,0,227.87252600,0.00001826
1627053233060000,0,2242.00000000,0.00001826
1627053233096000,0,13536.00000000,0.00001826
1627053233139000,0,1741.00000000,0.00001826
1627053259178000,1,4400.00000000,0.00001825
1627053463947000,0,322.00000000,0.00001826
1627053907643000,1,4400.00000000,0.00001825
1627053913828000,1,1272.00000000,0.00001824
1627053913844000,1,3118.10000000,0.00001824
1627053946892000,1,114.00000000,0.00001824
1627053962231000,0,11.33697700,0.00001825
1627054075096000,0,5939.00000000,0.00001826
1627054230829000,0,114.09058600,0.00001826
1627054252814000,0,114.09058600,0.00001826
1627054273934000,0,114.09112300,0.00001826
1627054557721000,0,200.02256200,0.00001825
1627054687223000,1,58.60000000,0.00001825
1627054698723000,1,0.00059000,0.00001825
1627054885646000,0,177.02935200,0.00001823
1627055004772000,0,2065.36853800,0.00001822
1627055121229000,0,114.28748100,0.00001822
1627055260319000,1,1996.05548298,0.00001817
1627055267185000,0,2619.00000000,0.00001818
1627055316287000,0,114.53448800,0.00001819
1627055360744000,0,3149.00000000,0.00001817
1627055400207000,0,39.21784300,0.00001818
1627055411285000,1,1997.31574000,0.00001817
1627055413242000,0,8463.07652689,0.00001818
1627055413242000,0,1726.92347311,0.00001818
1627055418354000,0,222.00000000,0.00001819
1627055418373000,0,6754.00000000,0.00001819
1627055418395000,0,87.00000000,0.00001819
1627055427103000,1,21.97361800,0.00001818
1627055506069000,0,57.33784100,0.00001818
1627055525440000,0,217.92000000,0.00001818
1627055570991000,1,8324.31180000,0.00001817
1627055570991000,1,500.00000000,0.00001817
1627055570991000,1,2754.24582000,0.00001817
1627055571144000,1,1645.75418000,0.00001817
1627055571390000,1,500.00000000,0.00001817
1627055620448000,0,1577.11087186,0.00001818
1627055620661000,0,2003.98328010,0.00001818
1627055620716000,0,1635.50893505,0.00001818
1627055620730000,0,310.33476377,0.00001818
1627055620854000,0,601.19498403,0.00001818
1627055735205000,0,114.63527600,0.00001818
1627055759956000,0,229.35032000,0.00001818
1627055830583000,1,4390.10000000,0.00001814
1627055830583000,1,2000.80295176,0.00001814
1627055830583000,1,4835.21003824,0.00001814
1627055830850000,1,4400.00000000,0.00001814
1627055840880000,1,533.75554863,0.00001812
1627055840880000,1,4000.00000000,0.00001812
1627055840880000,1,5066.24445137,0.00001812
1627055840931000,1,7954.30233604,0.00001812
1627055840931000,1,545.69766396,0.00001812
1627055840967000,1,4462.20494658,0.00001812
1627055840967000,1,2003.73764347,0.00001812
1627055842474000,1,2003.73764347,0.00001809
1627055842474000,1,4571.26235653,0.00001809
1627055842531000,1,139.00000000,0.00001809
1627055842568000,1,297.64025401,0.00001809
1627056027848000,1,43.89032000,0.00001811
1627056027848000,1,30.66577800,0.00001811
1627056211507000,0,115.25343000,0.00001809
1627056232399000,0,1257.41707700,0.00001810
1627056261233000,1,6087.10632000,0.00001807
1627056354221000,0,1997.75000000,0.00001809
1627056398144000,1,2017.97743449,0.00001807
1627056433200000,0,325.75827200,0.00001807
1627056433200000,0,6775.24172800,0.00001807
1627056435168000,1,1499.76384903,0.00001805
1627056435178000,1,280.69349900,0.00001805
1627056436645000,1,327.73746940,0.00001805
1627056450364000,1,536.41988581,0.00001803
1627056471316000,1,2026.98175412,0.00001801
1627056630525000,1,8430.10750000,0.00001802
1627056711723000,0,4356.70000000,0.00001800
1627056711723000,0,4793.30000000,0.00001800
1627056711778000,0,38635.70000000,0.00001800
1627056717795000,1,2031.65606761,0.00001799
1627056717795000,1,5079.36757020,0.00001799
1627056727801000,0,4285.00000000,0.00001799
1627056727877000,0,0.10000000,0.00001799
1627056728947000,1,2033.58733860,0.00001797
1627056763748000,1,539.00000000,0.00001794
1627056782756000,0,1943.00000000,0.00001795
1627056782795000,0,95.42598464,0.00001795
1627056795586000,0,1474.00000000,0.00001795
1627056795592000,0,563.63360287,0.00001795
1627056819231000,0,2063.00000000,0.00001797
1627056819267000,0,11173.09436973,0.00001797
1627056819267000,0,4396.90000000,0.00001797
1627056848093000,1,2086.87854000,0.00001796
1627056895411000,0,38.69180400,0.00001800
1627056918682000,0,4396.00000000,0.00001802
1627056937069000,1,34.52778100,0.00001801
1627056998364000,0,278.00000000,0.00001797
1627057028268000,0,0.37973400,0.00001797
1627057028268000,0,4396.62026600,0.00001798
1627057043410000,1,361.28295300,0.00001797
1627057065402000,1,143.64359000,0.00001797
1627057097114000,0,101.00000000,0.00001800
1627057172765000,1,40.40867800,0.00001796
1627057218271000,0,654.00000000,0.00001798
1627057218298000,0,1384.57350038,0.00001798
1627057318785000,1,2039.26733126,0.00001798
1627057318785000,1,5097.73266874,0.00001798
1627057351852000,0,1668.00000000,0.00001798
1627057351900000,0,374.03783915,0.00001798
1627057361606000,0,2042.76174860,0.00001798
1627057365961000,0,197.60000000,0.00001798
1627057417140000,0,4092.10000000,0.00001802
1627057444366000,1,3005.00000000,0.00001801
1627057445723000,1,0.42501000,0.00001801
1627057455979000,0,23.00000000,0.00001801
1627057475807000,0,54.65981500,0.00001800
1627057475807000,0,2036.14067852,0.00001800
1627057475807000,0,4091.19950648,0.00001800
1627057475813000,0,0.90049352,0.00001800
1627057484599000,0,4092.00000000,0.00001801
1627057504250000,0,2036.14067852,0.00001800
1627057504250000,0,5090.35169629,0.00001800
1627057509058000,0,2035.02360971,0.00001801
1627057559834000,0,2035.61967877,0.00001801
1627057610753000,1,2198.00000000,0.00001800
1627057610815000,1,1446.00000000,0.00001800
1627057610948000,1,6.83388888,0.00001800
1627057714371000,0,8657.00000000,0.00001799
1627057714416000,0,0.92193998,0.00001799
1627057802835000,0,2035.00000000,0.00001800
1627057802880000,0,0.68582809,0.00001800
1627058067235000,0,2039.00000000,0.00001796
1627058067244000,0,0.05973634,0.00001796
1627058289822000,0,100.00000000,0.00001800
1627058381815000,0,138.00000000,0.00001801
1627058381860000,0,1894.13854812,0.00001801
1627058381860000,0,1726.86145188,0.00001801
1627058404152000,0,2032.00000000,0.00001801
1627058477014000,0,2030.00000000,0.00001802
1627058526080000,0,1637.04000000,0.00001802
1627058534351000,0,2031.00000000,0.00001801
1627058739947000,0,4400.00000000,0.00001802
1627058740160000,0,4400.00000000,0.00001802
1627058755408000,0,4400.00000000,0.00001802
1627058795965000,0,5071.11926761,0.00001803
1627058795965000,0,2028.17720239,0.00001803
1627058795988000,0,0.00001158,0.00001803
1627058855299000,1,5069.70184547,0.00001801
1627058855299000,1,2027.74522787,0.00001801
1627058885923000,0,8623.92750402,0.00001802
1627058885923000,0,4257.80000000,0.00001802
1627058885923000,0,5073.10172037,0.00001802
1627058885923000,0,2029.05077557,0.00001802
1627058885923000,0,13187.36933485,0.00001802
1627058934803000,1,780.39917600,0.00001800
1627059100429000,0,2036.00000000,0.00001798
1627059100562000,0,0.53756004,0.00001798
1627059123587000,0,3923.00000000,0.00001799
1627059231099000,1,13.53245000,0.00001799
1627059685086000,0,4137.60000000,0.00001796
1627059685086000,0,2039.95165927,0.00001796
1627059685086000,0,499.44834073,0.00001796
1627059685110000,0,1495.00000000,0.00001796
1627059685113000,0,3105.74642991,0.00001796
1627059703403000,0,2038.00000000,0.00001797
1627059703448000,0,0.78752490,0.00001797
1627060046237000,0,215.00000000,0.00001796
1627060046291000,0,1823.56764009,0.00001796
1627060227429000,0,3955.00000000,0.00001799
1627060227444000,0,0.50000000,0.00001799
1627060301014000,1,250.00000000,0.00001798
1627060413870000,0,21.27298000,0.00001798
1627060417247000,0,37.72902000,0.00001798
1627060482039000,1,109.91200000,0.00001798
1627060501522000,0,8623.00680000,0.00001800
1627060501522000,0,3955.50000000,0.00001801
1627060501522000,0,5099.14159011,0.00001801
1627060501522000,0,1657.10409289,0.00001801
1627060528278000,1,4400.00000000,0.00001798
1627060528278000,1,8661.11916524,0.00001798
1627060715805000,0,66.35848100,0.00001798
1627060753541000,0,2037.86283944,0.00001799
1627060753541000,0,4353.13716056,0.00001799
1627060753548000,0,741.51993804,0.00001799
1627060886294000,1,197.60000000,0.00001799
1627060986623000,1,189.44000000,0.00001798
1627061006158000,1,13.26063400,0.00001799
1627061066572000,1,4400.00000000,0.00001797
1627061155876000,1,4400.00000000,0.00001797
1627061155876000,1,8517.65060000,0.00001797
1627061155876000,1,500.00000000,0.00001797
1627061155876000,1,807.21678800,0.00001797
1627061307318000,1,91.34882600,0.00001798
1627061475161000,1,2439.53252600,0.00001798
1627061769878000,1,73.04396200,0.00001797
1627061843020000,1,16.27417200,0.00001798
1627061897285000,0,58.56300000,0.00001798
1627061907122000,0,0.00072600,0.00001798
1627061907122000,0,16.63427400,0.00001798
1627061924582000,0,0.00171100,0.00001798
1627062114273000,1,19.40151300,0.00001798
1627062300654000,1,1328.94787000,0.00001796
1627062555992000,1,107.14426500,0.00001796
1627062571358000,1,137.91951800,0.00001796
1627062701069000,1,50.09146600,0.00001798
1627062767874000,1,127.60249000,0.00001799
1627062831281000,1,144.00560000,0.00001798
1627063025769000,0,2032.90886284,0.00001800
1627063025769000,0,1784.09113716,0.00001800
1627063025805000,0,3298.18101995,0.00001800
1627063774723000,0,2038.65084299,0.00001797
1627063774723000,0,5096.30058332,0.00001797
1627064955545000,1,4400.00000000,0.00001803
1627064955545000,1,8586.15182420,0.00001803
1627064955545000,1,179.81210680,0.00001803
1627065040762000,0,12.27083970,0.00001804
1627065504197000,1,68.57501900,0.00001804
1627065539685000,1,328.51929800,0.00001804
1627065725054000,0,385.00000000,0.00001806
1627065770954000,1,105.13472600,0.00001803
1627065972486000,1,26.94799200,0.00001804
1627066093489000,1,20.10940400,0.00001805
1627066518165000,0,7483.00000000,0.00001808
1627066680293000,1,12.50743200,0.00001807
1627066821239000,0,4400.00000000,0.00001808
1627066891108000,1,276.53835400,0.00001807
1627066947242000,1,20.10645900,0.00001808
1627066986430000,1,171.41246700,0.00001808
1627066996207000,0,1093.00000000,0.00001810
1627067061261000,1,20.14773700,0.00001809
1627067433217000,1,7483.00000000,0.00001809
1627067433231000,1,0.72305482,0.00001809
1627068186059000,0,57.05838500,0.00001805
1627068186059000,0,216.94161500,0.00001805
1627068186063000,0,520.05838500,0.00001805
1627068244981000,0,809.54000000,0.00001806
1627068247384000,0,324.33000000,0.00001806
1627068400760000,1,570.67542900,0.00001806
1627068400849000,1,41.81378400,0.00001806
1627068481574000,1,11.54362200,0.00001806
1627068536084000,1,463.79786700,0.00001807
1627068766005000,1,215.19448800,0.00001806
1627068822430000,1,1499.79920000,0.00001808
1627068823585000,1,520.88025300,0.00001808
1627068823585000,1,978.91894700,0.00001808
1627068824774000,1,1499.79920000,0.00001808
1627068825975000,1,378.69153522,0.00001808
1627068845278000,0,1627.17000000,0.00001810
1627068854762000,0,3073.00000000,0.00001811
1627068854765000,0,1975.40527126,0.00001811
1627068854765000,0,2018.81173186,0.00001811
1627069504260000,1,75.19800000,0.00001813
1627069752810000,1,119.44885500,0.00001811
1627069757856000,1,52.13584400,0.00001811
1627070720164000,0,2018.33972464,0.00001811
1627070720229000,0,2018.00000000,0.00001811
1627070853307000,0,89.79779614,0.00001815
1627070960022000,0,95.00000000,0.00001813
1627070960061000,0,0.32803600,0.00001813
1627071112438000,1,1092.00000000,0.00001813
1627071112511000,1,355.00000000,0.00001813
1627071217720000,1,8325.81180000,0.00001812
1627071891951000,1,1686.00000000,0.00001815
1627071892051000,1,0.89623400,0.00001815
1627072092246000,0,1995.43905687,0.00001822
1627072092246000,0,4988.59764219,0.00001822
1627072093560000,0,4327.30000000,0.00001825
1627072111648000,0,460.00000000,0.00001823
1627072111692000,0,2172.00000000,0.00001823
1627072112118000,0,1194.00000000,0.00001823
1627072112147000,0,574.00000000,0.00001823
1627072112534000,0,3038.00000000,0.00001823
1627072112720000,0,1362.00000000,0.00001823
1627072572731000,0,11.85933800,0.00001814
1627072655440000,0,8509.95013738,0.00001813
1627072655440000,0,4400.00000000,0.00001813
1627072655440000,0,2003.40648019,0.00001813
1627072655440000,0,5008.51620047,0.00001813
1627072655440000,0,4388.14066200,0.00001814
1627072655440000,0,8510.70356018,0.00001814
1627072655440000,0,4327.30000000,0.00001814
1627072655440000,0,28948.13000000,0.00001814
1627072655440000,0,500.00000000,0.00001814
1627072655440000,0,13020.36351952,0.00001814
1627072655440000,0,28455.01000000,0.00001815
1627072655440000,0,5884.76058626,0.00001815
1627073017031000,0,4327.30000000,0.00001813
1627073045596000,0,180.54000000,0.00001814
1627074775688000,0,1999.42170326,0.00001813
1627074775688000,0,994.57829674,0.00001813
1627074775702000,0,1652.00000000,0.00001813
1627074775712000,0,2351.97596141,0.00001813
1627074999749000,1,5864.00000000,0.00001810
1627075385347000,0,169.00000000,0.00001813
1627075465658000,1,4400.00000000,0.00001810
1627075558040000,1,4400.00000000,0.00001807
1627076735770000,1,103.16055321,0.00001810
1627076832195000,1,1180.81883000,0.00001812
1627076862738000,1,44.17766800,0.00001813
1627076920564000,1,156.00000000,0.00001817
1627077486674000,0,199.93667400,0.00001816
1627077602238000,0,4181.36332600,0.00001818
1627077602238000,0,744.63667400,0.00001818
1627077602249000,0,757.00000000,0.00001818
1627077692460000,1,33.74070800,0.00001820
1627078812405000,1,1978.00000000,0.00001817
1627079099020000,0,85.00000000,0.00001824
1627079099085000,0,0.49622600,0.00001824
1627079421556000,0,1975.86806895,0.00001821
1627079474166000,1,3742.00000000,0.00001819
1627079474167000,1,353.10000000,0.00001819
1627079685288000,0,1971.54451661,0.00001819
1627079685288000,0,4928.45548339,0.00001819
1627079685314000,0,0.40580813,0.00001819
1627079702429000,1,595.00000000,0.00001818
1627079820196000,1,1968.88272243,0.00001813
1627079820196000,1,4186.11727757,0.00001813
1627079820204000,1,2843.00000000,0.00001813
1627079844682000,1,116.93783200,0.00001812
1627080400593000,1,18.89589500,0.00001808
1627080443017000,1,908.82881900,0.00001807
1627080604597000,0,157.64000000,0.00001808
1627080679124000,1,1968.26658008,0.00001806
1627080679124000,1,4921.15381490,0.00001806
1627080868940000,1,23.64926700,0.00001801
1627081204751000,0,500.00000000,0.00001809
1627081204751000,0,1524.02000000,0.00001809
1627081290660000,1,13749.00000000,0.00001806
1627081290662000,1,12539.00000000,0.00001806
1627081344719000,0,387.88085700,0.00001805
1627081390780000,1,1968.00000000,0.00001803
1627081470891000,1,712.15808400,0.00001802
1627081612156000,0,194.04603000,0.00001806
1627081897997000,0,2000.00000000,0.00001810
1627083340860000,1,682.00000000,0.00001808
1627083347161000,0,1945.46295375,0.00001811
1627083507142000,0,8053.00000000,0.00001816
1627083530802000,1,536.00000000,0.00001815
1627083540943000,1,5656.00000000,0.00001815
1627083540970000,1,2432.00000000,0.00001815
1627083619750000,0,1935.91615000,0.00001818
1627083619790000,0,0.00000730,0.00001818
1627083653407000,0,215.79760000,0.00001820
1627083653410000,0,119.91070000,0.00001820
1627083653410000,0,466.94880000,0.00001820
1627083653413000,0,286.83590000,0.00001820
1627083653416000,0,44.65720000,0.00001820
1627083653423000,0,330.91310000,0.00001820
1627083653424000,0,233.98390000,0.00001820
1627083653431000,0,47.38150000,0.00001820
1627083653433000,0,186.54630000,0.00001820
1627083653434000,0,38.02540000,0.00001820
1627083653436000,0,612.16490000,0.00001820
1627083653517000,0,3950.92473238,0.00001820
1627083653517000,0,1933.91944135,0.00001820
1627083653570000,0,8572.93170000,0.00001821
1627083653573000,0,38.77300000,0.00001821
1627083653698000,0,4240.00000000,0.00001822
1627083653743000,0,4907.03910000,0.00001822
1627083653749000,0,270.78030000,0.00001822
1627083653749000,0,500.92120000,0.00001822
1627083653751000,0,21.85230000,0.00001822
1627083653762000,0,715.05300000,0.00001822
1627083654409000,0,360.19999999,0.00001825
1627083654422000,0,343.20000000,0.00001825
1627083654455000,0,400.99398369,0.00001825
1627083654733000,0,16.23700000,0.00001824
1627083654862000,1,440.52861500,0.00001823
1627083655605000,1,439.87264300,0.00001823
1627083664835000,0,0.00088400,0.00001824
1627083665019000,0,3135.60601632,0.00001825
1627083703051000,1,8101.52730000,0.00001824
1627083712244000,1,4166.80000000,0.00001822
1627083712244000,1,1738.20000000,0.00001822
1627083712310000,1,21709.00000000,0.00001822
1627083725071000,0,387.89000000,0.00001822
1627083736179000,1,1934.00000000,0.00001820
1627083764549000,1,674.66704500,0.00001818
1627084235955000,0,8227.32628205,0.00001815
1627084235955000,0,4240.00000000,0.00001815
1627084236059000,1,8227.32628205,0.00001815
1627084236102000,1,16.23700000,0.00001815
1627084236137000,1,4289.11043590,0.00001815
1627084338697000,1,521.00000000,0.00001814
1627084338697000,1,1416.26524625,0.00001814
1627084405062000,0,3772.00000000,0.00001817
1627084405618000,0,3309.00000000,0.00001818
1627084405637000,0,463.50000000,0.00001818
