timestamp ms,type,amount,price
1622246512087000,1,9287.98498594,0.00002519
1622246577493000,0,13.27474400,0.00002521
1622246577493000,0,94.92525600,0.00002521
1622246579537000,1,1340.73612093,0.00002520
1622246705030000,0,105.62000000,0.00002517
1622246774391000,1,1355.72872827,0.00002516
1622246778816000,1,1355.72872827,0.00002513
1622246947652000,1,1347.24761000,0.00002525
1622246954481000,1,718.60000000,0.00002524
1622247480503000,1,2960.00000000,0.00002520
1622247544755000,1,202.29201700,0.00002523
1622247630933000,0,100.00000000,0.00002522
1622247657438000,1,12875.29188779,0.00002521
1622247689282000,0,1343.44830249,0.00002523
1622247689282000,0,200.00000000,0.00002523
1622247694138000,1,200.00000000,0.00002526
1622247725730000,0,3402.91420800,0.00002524
1622247726247000,0,200.00000000,0.00002524
1622247727439000,1,200.00000000,0.00002527
1622247912765000,0,585.01700000,0.00002522
1622247913425000,0,0.00094488,0.00002522
1622247913425000,0,200.00000000,0.00002522
1622247915150000,1,200.00000000,0.00002524
1622248057177000,1,385.01700000,0.00002520
1622248061203000,0,1082.47253900,0.00002521
1622248479095000,0,200.00000000,0.00002519
1622248496022000,1,200.00000000,0.00002520
1622248529645000,1,2960.00000000,0.00002519
1622248652678000,1,1346.86011000,0.00002520
1622248763773000,0,2960.00000000,0.00002518
1622248763773000,0,1347.19428119,0.00002518
1622248763773000,0,2186.53313426,0.00002519
1622248763773000,0,2960.00000000,0.00002519
1622248763773000,0,559.00599655,0.00002519
1622248812936000,0,2960.00000000,0.00002514
1622248813831000,0,24287.24000000,0.00002516
1622248813831000,0,200.00000000,0.00002516
1622248817849000,1,200.00000000,0.00002518
1622249465156000,0,625.96000000,0.00002523
1622249466840000,1,2960.00000000,0.00002522
1622249535026000,0,2960.00000000,0.00002531
1622249535026000,0,1040.00000000,0.00002532
1622249538137000,0,2960.00000000,0.00002532
1622249558214000,0,200.00000000,0.00002535
1622249560546000,1,200.00000000,0.00002536
1622249579186000,0,200.00000000,0.00002533
1622249579844000,1,200.00000000,0.00002534
1622249582302000,0,2960.00000000,0.00002535
1622249585956000,0,4162.44764077,0.00002537
1622249586800000,0,2960.00000000,0.00002539
1622249589508000,0,2960.00000000,0.00002542
1622249600365000,0,1038.71872053,0.00002542
1622249600365000,0,199.99997947,0.00002542
1622249600371000,0,0.00002053,0.00002542
1622249607862000,0,23.52387499,0.00002544
1622249607862000,0,176.47612501,0.00002544
1622249608294000,1,200.00000000,0.00002548
1622249610853000,1,200.00000000,0.00002549
1622249615244000,0,100.00000000,0.00002550
1622249615244000,0,100.00000000,0.00002550
1622249619657000,0,166.85000000,0.00002547
1622249660164000,0,2960.00000000,0.00002547
1622249660413000,0,200.00000000,0.00002547
1622249663435000,1,198.80000000,0.00002557
1622249664988000,0,1215.41443000,0.00002555
1622249665336000,0,200.00000000,0.00002555
1622249666382000,0,16.53353930,0.00002559
1622249666382000,0,200.00000000,0.00002559
1622249666939000,0,2960.00000000,0.00002563
1622249667817000,1,200.00000000,0.00002570
1622249667817000,1,2760.00000000,0.00002563
1622249671841000,1,198.21000000,0.00002567
1622249844991000,0,1311.86100234,0.00002558
1622249845883000,0,200.00000000,0.00002561
1622249847361000,1,199.32000000,0.00002565
1622249870326000,0,1310.64182445,0.00002561
1622249870947000,0,200.00000000,0.00002562
1622249871281000,1,199.64000000,0.00002565
1622249905473000,0,200.00000000,0.00002569
1622249909040000,1,199.64000000,0.00002572
1622249910283000,1,1304.88539632,0.00002570
1622249910283000,1,3260.94512368,0.00002570
1622249972128000,0,1307.48537000,0.00002569
1622249974930000,0,3159.63999939,0.00002571
1622249974930000,0,199.99999061,0.00002571
1622249976032000,1,199.65000000,0.00002574
1622249977400000,1,3263.37562000,0.00002571
1622249977586000,1,3263.37562000,0.00002571
1622250001337000,0,2960.00000000,0.00002566
1622250025058000,1,1307.89281000,0.00002567
1622250120838000,0,2960.00000000,0.00002557
1622250121094000,0,200.00000000,0.00002557
1622250122737000,0,200.00000000,0.00002560
1622250122737000,0,1309.07986000,0.00002560
1622250123442000,1,200.00000000,0.00002562
1622250126953000,1,200.00000000,0.00002561
1622250130144000,0,1309.05452423,0.00002560
1622250130994000,0,200.00000000,0.00002561
1622250136862000,1,199.27000000,0.00002563
1622250245433000,0,101.62000000,0.00002564
1622250255751000,1,102.24000000,0.00002564
1622250270946000,0,200.00000000,0.00002559
1622250271644000,1,198.80000000,0.00002561
1622250401152000,1,1304.90396000,0.00002565
1622250425492000,0,1305.92222776,0.00002564
1622250425492000,0,2452.05656224,0.00002564
1622250427860000,0,480.20000000,0.00002566
1622250538857000,0,13.35711339,0.00002561
1622250538857000,0,200.00000000,0.00002561
1622250540125000,0,1306.76200412,0.00002564
1622250544116000,1,199.50000000,0.00002565
1622250568464000,1,1306.65496000,0.00002564
1622250618238000,0,1306.65496000,0.00002565
1622250727466000,0,718.60000000,0.00002560
1622250727651000,0,588.18776930,0.00002560
1622250727651000,0,200.00000000,0.00002560
1622250729657000,1,250.00000000,0.00002562
1622250731558000,1,199.86000000,0.00002561
1622250914070000,1,2960.00000000,0.00002559
1622250972873000,1,3677.50000000,0.00002551
1622250972873000,1,7168.03960105,0.00002551
1622251134171000,0,1315.32687841,0.00002550
1622251134171000,0,1844.17312159,0.00002550
1622251167325000,0,1315.25256682,0.00002551
1622251170905000,0,449.86000000,0.00002551
1622251171044000,0,23234.88743318,0.00002551
1622251171044000,0,200.00000000,0.00002551
1622251175763000,1,199.89000000,0.00002551
1622251182472000,1,518.71000000,0.00002548
1622251182494000,1,2768.31765988,0.00002548
1622251182971000,1,149.00000000,0.00002547
1622251360829000,1,687.57270000,0.00002542
1622251402796000,1,437.75000000,0.00002541
1622251748467000,0,241.71760047,0.00002547
1622251748643000,0,1072.62091442,0.00002547
1622251807771000,1,1314.80670930,0.00002542
1622251926850000,0,153.14000000,0.00002548
1622251999374000,1,2296.20391434,0.00002548
1622252081641000,1,93.89663854,0.00002545
1622252092872000,0,92.92576590,0.00002546
1622252114029000,1,2960.00000000,0.00002545
1622252295078000,1,3280.22042409,0.00002546
1622252295078000,1,1312.08816964,0.00002546
1622252550744000,1,92.92576590,0.00002543
1622252610369000,1,2960.00000000,0.00002542
1622252610369000,1,1314.57375587,0.00002542
1622252610369000,1,4177.20000000,0.00002541
1622252610369000,1,53.17357413,0.00002541
1622252632938000,1,1271.62300600,0.00002542
1622252955348000,1,1315.10160720,0.00002544
1622252955348000,1,1973.82970280,0.00002544
1622253194019000,0,200.00000000,0.00002548
1622253197480000,1,199.88000000,0.00002548
1622253202849000,1,223.81780800,0.00002548
1622253459841000,1,209.56135600,0.00002560
1622253471089000,1,2960.00000000,0.00002564
1622253578155000,0,1304.66657000,0.00002560
1622253651748000,0,1303.56721471,0.00002561
1622253652278000,1,1656.43278529,0.00002561
1622253717634000,1,1304.66193649,0.00002553
1622253723530000,1,486.97489000,0.00002553
1622253735562000,1,0.00000900,0.00002553
1622253735562000,1,249.99999100,0.00002552
1622253801600000,1,324.16219800,0.00002545
1622253900240000,1,2960.00000000,0.00002545
1622254181343000,0,2960.00000000,0.00002550
1622254181343000,0,4842.21795374,0.00002551
1622254271906000,1,1304.81033000,0.00002558
1622254382984000,0,796.68068787,0.00002564
1622254383225000,0,325.69536546,0.00002564
1622254405311000,1,1302.15634565,0.00002561
1622254405311000,1,1953.23451435,0.00002561
1622254405605000,1,1302.15634000,0.00002561
1622254461746000,1,1304.44713421,0.00002555
1622254461746000,1,3261.11782579,0.00002555
1622254643775000,1,1309.62751000,0.00002549
1622254684077000,1,1311.53844000,0.00002546
1622254937000000,1,1309.49456000,0.00002556
1622254963033000,1,1309.13555000,0.00002556
1622254976026000,0,2960.00000000,0.00002556
1622255506258000,1,3283.14889227,0.00002553
1622255506258000,1,1313.77374773,0.00002553
1622255556188000,1,1311.94510381,0.00002554
1622255940847000,1,5398.96067543,0.00002549
1622255940847000,1,1313.09830517,0.00002549
1622255941060000,1,2960.00000000,0.00002549
1622255941242000,1,321.52656000,0.00002549
1622255941246000,1,0.00000091,0.00002549
1622256127092000,0,101.80000000,0.00002547
1622256213252000,1,2960.00000000,0.00002546
1622256213252000,1,1040.00000000,0.00002546
1622256314782000,1,51.96694432,0.00002550
1622256482594000,0,3407.18238000,0.00002554
1622256483046000,0,0.00000700,0.00002554
1622256483046000,0,200.00000000,0.00002554
1622256507885000,1,199.59000000,0.00002557
1622256729273000,0,2749.46373970,0.00002551
1622256817635000,1,1314.81992000,0.00002549
1622256845108000,1,1315.33594000,0.00002547
1622257310239000,0,1311.18612000,0.00002549
1622257479281000,0,1318.40268659,0.00002545
1622257481828000,0,1317.36702069,0.00002547
1622257697457000,0,8527.32560000,0.00002558
1622257697543000,0,0.00000810,0.00002558
1622257709471000,1,2960.00000000,0.00002562
1622257734677000,1,100.00000000,0.00002561
1622257747268000,1,384.45589700,0.00002563
1622257817894000,1,1308.67665000,0.00002561
1622257829204000,0,1307.99927000,0.00002563
1622257880868000,1,123.56972000,0.00002562
1622258719711000,0,200.00000000,0.00002549
1622258723020000,1,199.94000000,0.00002549
1622258883091000,0,518.60000000,0.00002546
1622259146022000,0,2777.86703625,0.00002541
1622259605286000,0,200.00000000,0.00002543
1622259613346000,1,199.73000000,0.00002545
1622259789818000,1,652.00000000,0.00002543
1622260160495000,1,518.87000000,0.00002537
1622260222982000,1,199.80000000,0.00002540
1622260260743000,1,397.83629600,0.00002541
1622260267861000,1,518.80000000,0.00002544
1622260267914000,0,200.00000000,0.00002545
1622260270702000,1,199.88000000,0.00002545
1622260281640000,0,2760.12000000,0.00002545
1622260281640000,0,200.00000000,0.00002545
1622260285748000,1,199.64000000,0.00002548
1622261944820000,0,408.07000000,0.00002541
1622262217774000,1,2960.00000000,0.00002535
1622262217774000,1,2960.00000000,0.00002534
1622262217774000,1,5421.56495520,0.00002534
1622262217774000,1,3658.43504480,0.00002534
1622263199546000,1,1509.73000000,0.00002546
1622263207052000,1,1310.97536000,0.00002546
1622263408522000,1,3924.70000000,0.00002540
1622263408522000,1,2960.00000000,0.00002540
1622263408522000,1,1317.38324220,0.00002540
1622263408776000,0,2960.00000000,0.00002540
1622263411476000,0,1837.91675780,0.00002540
1622263411476000,0,200.00000000,0.00002540
1622263418475000,1,199.73000000,0.00002542
1622263579038000,0,2960.00000000,0.00002547
1622263579038000,0,5399.28886918,0.00002548
1622263579038000,0,3282.26169063,0.00002548
1622263579038000,0,1078.00000000,0.00002548
1622263579038000,0,200.00000000,0.00002548
1622263579038000,0,1312.82084890,0.00002548
1622263579038000,0,3240.00000000,0.00002549
1622263579038000,0,603.33483229,0.00002549
1622263582631000,1,199.89000000,0.00002547
1622264019982000,1,1327.56376342,0.00002535
1622264019982000,1,3319.40593658,0.00002535
1622264040084000,1,241.59990000,0.00002534
1622264109560000,1,1330.39833000,0.00002540
1622264205155000,0,200.00000000,0.00002530
1622264210133000,1,199.72000000,0.00002533
1622264235210000,0,2960.00000000,0.00002533
1622264235286000,0,200.00000000,0.00002533
1622264237568000,1,199.79000000,0.00002534
1622264370960000,1,11.43400000,0.00002524
1622264447921000,0,1992.90313000,0.00002526
1622264448238000,0,0.00000600,0.00002526
1622264448238000,0,199.99999400,0.00002526
1622264448255000,0,0.00000600,0.00002526
1622264450247000,0,200.00000000,0.00002530
1622264451809000,1,199.50000000,0.00002531
1622264453761000,1,199.57000000,0.00002530
1622264808470000,1,2960.00000000,0.00002528
1622264989026000,0,329.53400000,0.00002525
1622265065293000,0,103.73000000,0.00002532
1622265121941000,1,2951.46685000,0.00002527
1622265122341000,1,0.00000793,0.00002527
1622265433091000,1,2960.00000000,0.00002521
1622265523357000,0,200.00000000,0.00002525
1622265525593000,1,200.00000000,0.00002526
1622265526267000,0,200.00000000,0.00002527
1622265526969000,1,199.95000000,0.00002528
1622265527650000,0,200.00000000,0.00002529
1622265528487000,1,199.71000000,0.00002531
1622265543862000,1,718.60000000,0.00002529
1622265543950000,1,2241.40000000,0.00002529
1622265560270000,0,200.00000000,0.00002528
1622265562289000,1,199.77000000,0.00002529
1622265631034000,0,1304.48686000,0.00002527
1622265641703000,0,3259.92610858,0.00002527
1622265641703000,0,1303.97043142,0.00002527
1622265646637000,0,718.60000000,0.00002528
1622265646941000,0,584.85442822,0.00002528
1622265646996000,0,1303.45442000,0.00002528
1622265648277000,0,35.91902800,0.00002529
1622265648277000,0,295.47404000,0.00002530
1622265651309000,1,718.60000000,0.00002528
1622265654687000,1,2960.00000000,0.00002527
1622265689010000,1,2960.00000000,0.00002525
1622265689010000,1,3316.30138300,0.00002525
1622265853568000,1,1526.32687000,0.00002530
1622265867296000,1,0.00000747,0.00002530
1622265890973000,0,12.54788900,0.00002531
1622265975775000,0,200.00000000,0.00002524
1622265979586000,1,199.88000000,0.00002524
1622266030761000,0,718.48000000,0.00002521
1622266051336000,0,1299.36948000,0.00002519
1622266065711000,1,11.00000000,0.00002518
1622266070800000,0,3248.42370000,0.00002519
1622266107134000,0,1299.47818000,0.00002519
1622266217162000,0,395.79730265,0.00002521
1622266499958000,0,2960.00000000,0.00002522
1622266499958000,0,1306.05367151,0.00002522
1622266500051000,1,718.60000000,0.00002522
1622266500121000,1,7120.86939049,0.00002522
1622266623798000,0,12.80029800,0.00002514
1622266624301000,0,1311.77356866,0.00002513
1622266624301000,0,2083.86857934,0.00002514
1622266728025000,0,1312.18263520,0.00002513
1622266728909000,0,200.00000000,0.00002515
1622266728909000,0,1311.02964000,0.00002515
1622266732078000,1,199.97000000,0.00002514
1622266890513000,0,107.84860700,0.00002509
1622266996858000,0,1311.45329314,0.00002511
1622266996858000,0,535.76143886,0.00002511
1622267107396000,0,2960.00000000,0.00002513
1622267117126000,0,1310.74561000,0.00002512
1622267165641000,0,1312.05787750,0.00002511
1622267165641000,0,1572.37922550,0.00002511
1622267289731000,1,404.37522900,0.00002505
1622267382754000,0,845.18179300,0.00002503
1622267396423000,0,22.20903500,0.00002503
1622267426001000,0,718.60000000,0.00002504
1622267456625000,1,60.00000000,0.00002504
1622267593607000,1,1230.15251400,0.00002507
1622267666093000,1,678.95000000,0.00002509
1622267714176000,1,0.00006500,0.00002509
1622267714176000,1,39.64993500,0.00002509
1622267851364000,1,1318.73394631,0.00002505
1622267891344000,1,365.87000000,0.00002501
1622267891359000,1,1284.13000000,0.00002501
1622267891410000,1,1650.78632586,0.00002501
1622267891410000,1,1320.84223399,0.00002501
1622267939768000,1,219.11666700,0.00002500
1622267939768000,1,2959.99999300,0.00002500
1622267940735000,1,16.53353930,0.00002497
1622267979787000,1,372.39450900,0.00002497
1622267979983000,1,29.00000000,0.00002493
1622267990956000,0,19.83007000,0.00002495
1622268010761000,1,2960.00000000,0.00002496
1622268011894000,1,352.39773600,0.00002495
1622268018836000,1,2959.99999999,0.00002493
1622268018848000,1,0.00000001,0.00002493
1622268026186000,1,2960.00000000,0.00002491
1622268050610000,1,1326.27096168,0.00002485
1622268069830000,1,1327.33838298,0.00002484
1622268149462000,0,200.00000000,0.00002485
1622268153507000,0,125.02640400,0.00002485
1622268166068000,1,1326.07758360,0.00002483
1622268166068000,1,3315.06559805,0.00002483
1622268177541000,1,2960.00000000,0.00002480
1622268187052000,0,1328.69967922,0.00002481
1622268187052000,0,3321.74918078,0.00002481
1622268211821000,1,2960.00000000,0.00002485
1622268217982000,1,2960.00000000,0.00002482
1622268249432000,1,567.05082000,0.00002480
1622268295952000,0,50.43687000,0.00002476
1622268296076000,1,2877.05078000,0.00002473
1622268298281000,0,25.26424900,0.00002475
1622268425064000,0,718.60000000,0.00002474
1622268473728000,1,9.72667800,0.00002475
1622268473728000,1,252.31991800,0.00002475
1622268490775000,1,718.60000000,0.00002476
1622268490786000,1,2049.14965300,0.00002476
1622268490786000,1,3322.21984351,0.00002474
1622268490786000,1,1328.40370031,0.00002474
1622268573359000,0,385.36922068,0.00002481
1622268573557000,0,200.00000000,0.00002481
1622268574085000,0,2936.33123274,0.00002483
1622268580434000,1,199.82000000,0.00002482
1622269536870000,1,378.28480000,0.00002493
1622269643925000,0,125.08781400,0.00002492
1622269685243000,0,256.67000000,0.00002491
1622269735375000,0,37.80747900,0.00002488
1622269835813000,0,31.49386700,0.00002488
1622269897621000,0,37.88470300,0.00002486
1622269973166000,1,2467.37569300,0.00002484
1622270122287000,0,128.82384300,0.00002488
1622270222030000,0,281.61493900,0.00002484
1622270239545000,0,26.75632200,0.00002485
1622270284702000,0,25.35487400,0.00002484
1622270347936000,0,17.73428300,0.00002485
1622270450145000,0,9.57755500,0.00002484
1622270451126000,0,82.18099700,0.00002484
1622270495341000,1,985.37928398,0.00002484
1622270495341000,1,75.95120800,0.00002484
1622270523426000,0,149.94910600,0.00002482
1622270563449000,0,75.06873000,0.00002482
1622270613596000,0,112.49595200,0.00002482
1622270617696000,0,14.98460000,0.00002482
1622270666122000,1,524.90954400,0.00002482
1622270666122000,1,14.99502200,0.00002482
1622270677100000,1,48.03684400,0.00002481
1622270696963000,0,2026.58445700,0.00002482
1622270742388000,0,1246.44407700,0.00002484
1622270811375000,0,2960.00000000,0.00002485
1622270811375000,0,4501.85333900,0.00002485
1622270827983000,0,1331.51363354,0.00002484
1622270827983000,0,1155.13803146,0.00002484
1622270855611000,0,169.01618200,0.00002484
1622270871782000,0,224.81121900,0.00002484
1622270935226000,1,467.21251000,0.00002484
1622270936906000,1,0.00000100,0.00002484
1622270941590000,0,226.10926800,0.00002483
1622271222888000,0,2312.47744000,0.00002491
1622271224700000,0,0.00000100,0.00002491
1622271224700000,0,199.99999900,0.00002491
1622271231415000,0,199.71000000,0.00002493
1622271234292000,0,381.80072800,0.00002492
1622271301774000,0,322.92409400,0.00002492
1622271345047000,0,15.01183700,0.00002492
1622271416407000,0,187.91596800,0.00002491
1622271647643000,0,153.95682600,0.00002496
1622271691495000,0,151.39360000,0.00002496
1622271722635000,1,200.00000000,0.00002496
1622271722763000,1,1434.68123000,0.00002496
1622271740763000,1,1333.79611030,0.00002494
1622271771563000,0,37.48870200,0.00002495
1622271796622000,1,1333.38535314,0.00002494
1622271822973000,0,200.00000000,0.00002494
1622271836690000,0,88.80208300,0.00002495
1622271844016000,1,199.84000000,0.00002494
1622271844645000,0,751.02141900,0.00002494
1622271931830000,0,1252.83975500,0.00002492
1622271964492000,0,8.25251800,0.00002492
1622272104056000,0,487.19783300,0.00002490
1622272188196000,0,60.35571100,0.00002491
1622272198176000,1,22.49903500,0.00002490
1622272233091000,0,338.84772200,0.00002491
1622272261779000,0,718.60000000,0.00002492
1622272262076000,0,612.63707000,0.00002492
1622272263153000,0,1330.70788000,0.00002493
1622272321086000,1,187.49000000,0.00002492
1622272354508000,0,8.33746500,0.00002493
1622272354659000,0,236.61458400,0.00002493
1622272354858000,0,787.19547200,0.00002493
1622272365980000,0,38.34179000,0.00002493
1622272376832000,0,75.01614300,0.00002493
1622272388041000,0,150.57533500,0.00002493
1622272400058000,1,8.71400000,0.00002493
1622272428944000,1,0.00098900,0.00002493
1622272482654000,0,1281.51677100,0.00002491
1622272579233000,0,234.33928500,0.00002490
1622272601170000,0,75.19832300,0.00002489
1622272606209000,0,77.99900000,0.00002488
1622272632422000,1,522.39600000,0.00002484
1622272881068000,1,599.85153000,0.00002484
1622273194499000,0,112.05458100,0.00002485
1622273219818000,1,132.81559900,0.00002484
1622273225709000,0,18.24002800,0.00002483
1622273259349000,0,12.53199000,0.00002484
1622273281070000,0,24.91908800,0.00002484
1622273285760000,0,103.91000000,0.00002485
1622273523782000,0,11.67956300,0.00002487
1622273626914000,0,166.54515100,0.00002485
1622273648760000,0,100.16700000,0.00002484
1622273652640000,0,2134.75480300,0.00002483
1622273653028000,1,351.00000000,0.00002481
1622273654995000,1,1343.98330433,0.00002481
1622273754523000,1,2960.00000000,0.00002482
1622273754523000,1,1343.73414377,0.00002482
1622273754523000,1,3359.33535942,0.00002482
1622273754523000,1,2960.00000000,0.00002481
1622273754523000,1,5529.61269139,0.00002481
1622273754523000,1,9082.08079530,0.00002481
1622273754523000,1,8736.57181366,0.00002481
1622273754523000,1,4549.46201946,0.00002480
1622273839463000,0,56.77516000,0.00002485
1622273967233000,0,22.70367300,0.00002487
1622273975769000,0,25.70000000,0.00002487
1622273977602000,1,2937.29632000,0.00002487
1622273999181000,1,151.29799500,0.00002488
1622274014803000,0,9.40396200,0.00002488
1622274044888000,1,77.42725200,0.00002486
1622274051554000,0,9.84793200,0.00002487
1622274082903000,1,132.02920000,0.00002483
1622274082962000,1,0.00009700,0.00002483
1622274094735000,1,1354.42814000,0.00002480
1622274094816000,1,0.00000195,0.00002480
1622274094816000,1,2959.99999805,0.00002480
1622274110600000,1,2500.00000000,0.00002471
1622274111316000,1,1540.00000000,0.00002471
1622274114311000,0,200.00000000,0.00002471
1622274124184000,0,2960.00000000,0.00002474
1622274124184000,0,19310.46848000,0.00002474
1622274125100000,1,199.60000000,0.00002474
1622274128097000,1,538.27599515,0.00002471
1622274447368000,1,380.33374000,0.00002480
1622274447402000,1,0.00000300,0.00002480
1622274447402000,1,2960.00000000,0.00002479
1622274658850000,1,19.45965800,0.00002477
1622274738471000,1,55.94800800,0.00002475
1622274738471000,1,12.89443400,0.00002475
1622275088467000,0,15.38700000,0.00002480
1622275088677000,0,0.00067200,0.00002480
1622275248066000,1,155.54793500,0.00002482
1622275299591000,1,75.58056700,0.00002483
1622275322977000,0,1427.77142261,0.00002485
1622275322989000,0,554.38087028,0.00002485
1622275323004000,0,892.41700318,0.00002485
1622275323014000,0,507.57377318,0.00002485
1622275323014000,0,1353.26321901,0.00002485
1622275337731000,1,8.83847300,0.00002486
1622275342048000,1,15.38700000,0.00002486
1622275362622000,1,160.79439500,0.00002489
1622275384805000,1,131.41688000,0.00002490
1622275419021000,1,1347.43560000,0.00002487
1622275431957000,1,0.00000153,0.00002487
1622275492950000,1,39.78689000,0.00002485
1622275492950000,1,762.21311000,0.00002485
1622275509566000,1,0.72428300,0.00002485
1622275509566000,1,2467.27571700,0.00002485
1622275511889000,0,1355.00000000,0.00002486
1622275525692000,0,1354.00000000,0.00002488
1622275533212000,1,2960.00000000,0.00002486
1622275541033000,0,2681.00000000,0.00002486
1622275556455000,0,289.00000000,0.00002487
1622275578712000,1,2960.00000000,0.00002485
1622275599153000,0,608.72249800,0.00002485
1622275618516000,0,2960.00000000,0.00002486
1622275655918000,0,2960.00000000,0.00002479
1622275696071000,1,2960.00000000,0.00002475
1622275706148000,0,1355.64466886,0.00002476
1622275706148000,0,550.43573814,0.00002476
1622275748432000,0,32.89233400,0.00002475
1622275763752000,1,2960.00000000,0.00002473
1622275771513000,0,1358.30620032,0.00002475
1622275791874000,1,9.14385900,0.00002475
1622275791874000,1,26.73994800,0.00002475
1622275801964000,1,1358.85523000,0.00002473
1622275804261000,1,1359.95463000,0.00002470
1622275804360000,1,0.00000017,0.00002470
1622275804360000,1,2960.00000000,0.00002470
1622275804609000,1,3397.13808184,0.00002469
1622275804609000,1,8834.86191816,0.00002468
1622275807144000,0,2960.00000000,0.00002466
1622275807496000,1,40.56795131,0.00002465
1622275807496000,1,2959.43204869,0.00002465
1622275808846000,0,38.01520000,0.00002466
1622275811708000,0,9.85994059,0.00002461
1622275815318000,0,1364.00000000,0.00002464
1622275831952000,1,1368.24748079,0.00002462
1622275843056000,1,12.95924700,0.00002463
1622275843056000,1,2960.00000000,0.00002463
1622275848465000,1,1367.69196009,0.00002463
1622275848465000,1,2960.00000000,0.00002463
1622275893822000,0,1365.00000000,0.00002467
1622275893826000,0,0.12671498,0.00002467
1622275909913000,1,1365.17732864,0.00002465
1622275910135000,1,3412.94332000,0.00002464
1622275910192000,1,0.00000161,0.00002464
1622275933108000,0,1367.39532593,0.00002463
1622275933108000,0,199.60467407,0.00002463
1622275935682000,1,199.00000000,0.00002464
1622275935728000,1,0.47000000,0.00002464
1622275945714000,0,2960.00000000,0.00002464
1622275945714000,0,1366.84015121,0.00002464
1622275945714000,0,3417.10037803,0.00002464
1622275972372000,0,1364.00000000,0.00002465
1622275972433000,0,0.25970850,0.00002465
1622276036314000,0,200.00000000,0.00002466
1622276039410000,1,199.00000000,0.00002466
1622276039444000,1,0.88000000,0.00002466
1622276058286000,0,1363.00000000,0.00002466
1622276062540000,0,1363.00000000,0.00002466
1622276073563000,0,3577.00000000,0.00002468
1622276123682000,1,2960.00000000,0.00002461
1622276123682000,1,4047.00000000,0.00002461
1622276127848000,0,200.00000000,0.00002462
1622276140528000,1,199.00000000,0.00002465
1622276142786000,0,200.00000000,0.00002467
1622276149999000,1,200.00000000,0.00002467
1622276149999000,1,2960.00000000,0.00002467
1622276155155000,0,1359.00000000,0.00002468
1622276161429000,0,3567.00000000,0.00002468
1622276164361000,0,9953.20577927,0.00002469
1622276167503000,1,2960.00000000,0.00002467
1622276172277000,0,317.00000000,0.00002469
1622276172304000,0,1042.13924098,0.00002469
1622276181114000,1,508.00000000,0.00002467
1622276181121000,1,851.66760761,0.00002467
1622276307520000,0,1360.00000000,0.00002465
1622276307550000,0,0.80180729,0.00002465
1622276332330000,0,25.79699000,0.00002466
1622276413386000,1,1361.00000000,0.00002463
1622276420219000,0,1360.00000000,0.00002467
1622276430622000,0,200.00000000,0.00002467
1622276438375000,1,200.00000000,0.00002468
1622276464076000,0,2960.00000000,0.00002465
1622276508573000,0,1362.00000000,0.00002463
1622276508626000,0,0.55581724,0.00002463
1622276513547000,0,1362.00283192,0.00002465
1622276607387000,0,536.37068100,0.00002465
1622276611629000,0,2960.00000000,0.00002465
1622276623521000,0,1363.00000000,0.00002465
1622276625287000,0,2960.00000000,0.00002465
1622276627253000,0,2960.00000000,0.00002465
1622276628752000,0,2960.00000000,0.00002465
1622276630811000,0,3650.00000000,0.00002466
1622276634202000,0,2960.00000000,0.00002466
1622276638361000,0,2960.00000000,0.00002466
1622276653470000,0,30.69601800,0.00002465
1622276665555000,0,2960.00000000,0.00002466
1622276681539000,0,1362.00000000,0.00002465
1622276700572000,0,2960.00000000,0.00002465
1622276700572000,0,1363.52718595,0.00002465
1622276702362000,1,22.51687200,0.00002464
1622276704552000,1,0.45952800,0.00002464
1622276706148000,0,156.51389800,0.00002465
1622276748287000,0,1367.00000000,0.00002461
1622276764154000,0,1501.00000000,0.00002462
1622276764203000,0,0.23154946,0.00002462
1622276764382000,0,200.00000000,0.00002462
1622276767490000,1,200.00000000,0.00002463
1622276781440000,1,192.00000000,0.00002462
1622276795758000,1,0.37269200,0.00002462
1622276802026000,0,1057.00000000,0.00002461
1622276820671000,0,1367.77488986,0.00002461
1622276900088000,1,16.78903930,0.00002459
1622276900088000,1,1367.99971002,0.00002459
1622276919949000,0,15.40314700,0.00002458
1622276922183000,1,114.00000000,0.00002455
1622276922551000,1,0.30063333,0.00002455
1622276922551000,1,4477.49310207,0.00002454
1622276935338000,0,2960.00000000,0.00002456
1622276945262000,1,2960.00000000,0.00002455
1622276965474000,0,2960.00000000,0.00002451
1622276965474000,0,1375.00000000,0.00002451
1622276982067000,1,7425.29490283,0.00002453
1622276983622000,0,2960.00000000,0.00002454
1622277005392000,0,2145.00000000,0.00002459
1622277033691000,0,2960.00000000,0.00002460
1622277033691000,0,200.00000000,0.00002460
1622277034916000,1,199.99000000,0.00002460
1622277041316000,0,173.00000000,0.00002460
1622277053725000,1,1377.00000000,0.00002459
1622277065052000,0,1376.79981019,0.00002462
1622277092599000,1,2960.00000000,0.00002460
1622277192864000,0,1376.71114457,0.00002462
1622277211521000,1,2960.00000000,0.00002459
1622277238775000,0,840.00000000,0.00002460
1622277238775000,0,2943.00000000,0.00002460
1622277248075000,1,2960.00000000,0.00002459
1622277261268000,0,1380.54885919,0.00002460
1622277262751000,1,17.66244800,0.00002459
1622277262751000,1,1169.33755200,0.00002459
1622277263341000,1,0.82265800,0.00002459
1622277279011000,0,5673.00000000,0.00002460
1622277288747000,0,1378.00000000,0.00002460
1622277321853000,1,1376.00000000,0.00002464
1622277321868000,1,0.41477821,0.00002464
1622277334342000,0,2960.00000000,0.00002464
1622277350780000,1,65.11972600,0.00002461
1622277350780000,1,26.71767000,0.00002461
1622277350780000,1,1376.99584842,0.00002461
1622277364854000,0,3973.34322547,0.00002462
1622277364854000,0,1376.65677453,0.00002462
1622277364863000,0,0.82586788,0.00002462
1622277378471000,0,1376.00000000,0.00002463
1622277378492000,0,0.43677581,0.00002463
1622277418166000,1,2960.00000000,0.00002460
1622277430918000,1,2960.00000000,0.00002462
1622277441712000,1,2960.00000000,0.00002462
1622277470907000,0,5650.52213684,0.00002463
1622277527429000,1,1374.54718676,0.00002465
1622277533606000,0,1697.64987000,0.00002467
1622277537709000,1,51.97232300,0.00002464
1622277537709000,1,88.02767700,0.00002464
1622277545760000,1,0.05775800,0.00002464
1622277545760000,1,1375.16486577,0.00002464
1622277576094000,1,2960.00000000,0.00002462
1622277602571000,1,2960.00000000,0.00002461
1622277614737000,0,2960.00000000,0.00002463
1622277614737000,0,804.00000000,0.00002463
1622277620205000,1,2960.00000000,0.00002460
1622277640326000,0,27.73022312,0.00002465
1622277651429000,0,2960.00000000,0.00002463
1622277653797000,1,2900.80000000,0.00002463
1622277671946000,1,29.00140900,0.00002465
1622277676395000,1,532.00000000,0.00002463
1622277678150000,0,808.00000000,0.00002465
1622277681260000,1,2960.00000000,0.00002463
1622277686399000,1,26.02100900,0.00002462
1622277686399000,1,1376.76964463,0.00002462
1622277688742000,0,6322.18588800,0.00002463
1622277694276000,1,850.00000000,0.00002461
1622277694288000,1,703.00000000,0.00002461
1622277700242000,1,1890.32156351,0.00002461
1622277700242000,1,2596.67843649,0.00002461
1622277714343000,0,69.10976700,0.00002463
1622277714748000,0,6143.00000000,0.00002461
1622277714766000,0,0.69045400,0.00002461
1622277759298000,1,65.21219900,0.00002462
1622277759298000,1,83.78780100,0.00002462
1622277762540000,1,0.05972400,0.00002462
1622277779078000,0,823.35557300,0.00002461
1622277795190000,0,51.99422000,0.00002460
1622277808326000,1,2960.00000000,0.00002458
1622277808326000,1,1382.00000000,0.00002458
1622277808328000,1,0.70213076,0.00002458
1622277822384000,1,390.27455700,0.00002460
1622277824019000,1,1382.62721603,0.00002458
1622277848423000,1,2960.00000000,0.00002453
1622277848423000,1,19548.70848000,0.00002453
1622277848600000,1,712.00000000,0.00002452
1622277862065000,1,2960.00000000,0.00002454
1622277881312000,1,2960.00000000,0.00002455
1622277893683000,1,2960.00000000,0.00002454
1622277917710000,1,1386.77643000,0.00002456
1622277917896000,1,0.00000798,0.00002456
1622277917896000,1,2960.00000000,0.00002456
1622277918010000,1,3467.22656514,0.00002455
1622277918106000,0,718.59000000,0.00002455
1622277928404000,1,11401.37800000,0.00002452
1622277928404000,1,2598.62200000,0.00002452
1622277928504000,1,361.37800000,0.00002452
1622277928504000,1,1387.09848959,0.00002452
1622277928504000,1,5983.75966041,0.00002452
1622277929136000,1,9015.18704150,0.00002452
1622277933949000,1,1389.93161559,0.00002447
1622277933949000,1,2959.06838441,0.00002447
1622277933957000,1,0.93161559,0.00002447
1622277934342000,1,3974.30000000,0.00002446
1622277934342000,1,3025.70000000,0.00002445
1622277943419000,1,1391.06810914,0.00002445
1622277946342000,1,23.52300000,0.00002444
1622277947295000,1,0.00087499,0.00002444
1622277953583000,1,1392.20646275,0.00002443
1622277953583000,1,14971.87710000,0.00002443
1622277954512000,1,1592.34350000,0.00002443
1622277956907000,0,23.52300000,0.00002444
1622277957045000,0,1369.17384196,0.00002444
1622277961064000,1,4500.00000000,0.00002444
1622277961064000,1,2960.00000000,0.00002444
1622277961064000,1,11339.51010000,0.00002444
1622277977221000,0,1392.20646275,0.00002445
1622277977221000,0,10738.61969725,0.00002445
1622277977233000,0,5887.03730275,0.00002445
1622277977331000,0,5887.03730000,0.00002445
1622277977433000,0,5711.78874996,0.00002446
1622277977433000,0,3479.31769521,0.00002446
1622277977466000,1,199.99998483,0.00002446
1622278033088000,1,718.60000000,0.00002449
1622278033174000,1,1863.45125400,0.00002449
1622278035073000,0,718.00000000,0.00002449
1622278035437000,0,0.59999600,0.00002449
1622278090156000,0,6538.00000000,0.00002450
1622278090159000,0,7603.67118884,0.00002450
1622278169374000,0,444.28917400,0.00002453
1622278190353000,0,300.52832400,0.00002452
1622278212441000,0,132.46776200,0.00002452
1622278246969000,1,166.45755300,0.00002452
1622278246969000,1,261.54244700,0.00002452
1622278252361000,1,0.21847400,0.00002452
1622278275741000,0,9.38506600,0.00002453
1622278325307000,0,11336.83480000,0.00002456
1622278418492000,0,1381.00000000,0.00002452
1622278510318000,0,52.20248600,0.00002452
1622278553575000,0,307.93233600,0.00002451
1622278554046000,0,778.58697100,0.00002451
1622278575723000,0,522.48942000,0.00002451
1622278580740000,0,38.91488800,0.00002451
1622278621798000,1,49.89840000,0.00002449
1622278621798000,1,131.10160000,0.00002449
1622278708866000,1,13.06162400,0.00002451
1622278718330000,0,200.00000000,0.00002450
1622278718734000,1,2760.00000000,0.00002450
1622278725231000,1,199.75000000,0.00002451
1622278727767000,0,1182.30594670,0.00002451
1622278728228000,0,1671.99446051,0.00002452
1622278728272000,0,184.66834844,0.00002452
1622278728291000,0,533.77833357,0.00002452
1622278728776000,0,137.46544485,0.00002452
1622278757778000,0,3459.37410679,0.00002449
1622278760455000,0,1383.24215046,0.00002449
1622278773200000,1,26.11459100,0.00002450
1622278776491000,1,1008.00000000,0.00002450
1622278776578000,1,0.91996700,0.00002450
1622278781075000,0,1388.59392840,0.00002449
1622278781075000,0,2082.40607160,0.00002450
1622278791731000,1,20.04013600,0.00002450
1622278791731000,1,521.95986400,0.00002450
1622278802807000,1,1213.53520000,0.00002451
1622278809475000,1,0.00000500,0.00002451
1622278823689000,0,44.27025800,0.00002451
1622278837211000,0,1385.99283165,0.00002453
1622278852700000,0,200.00000000,0.00002455
1622278862677000,1,199.00000000,0.00002457
1622278878471000,0,1382.00000000,0.00002459
1622278940774000,0,2317.19787800,0.00002462
1622278941211000,0,25.77158100,0.00002462
1622278983955000,0,15.60765600,0.00002458
1622278991960000,1,4222.20000000,0.00002455
1622278999873000,0,232.67349900,0.00002455
1622278999998000,0,42.34283100,0.00002455
1622279000612000,0,213.65589000,0.00002455
1622279004470000,1,13082.00000000,0.00002453
1622279013872000,0,1382.00000000,0.00002455
1622279028316000,1,260.70484400,0.00002455
1622279060998000,0,2960.00000000,0.00002455
1622279080593000,0,2960.00000000,0.00002456
1622279080593000,0,3468.00000000,0.00002456
1622279091978000,1,98.00000000,0.00002457
1622279102973000,1,0.71715000,0.00002457
1622279105160000,0,161.33000000,0.00002457
1622279106993000,1,6946.70848884,0.00002453
1622279106993000,1,1387.89957896,0.00002453
1622279117873000,0,1387.25708920,0.00002455
1622279122944000,0,3468.14272301,0.00002456
1622279122944000,0,1387.69047699,0.00002456
1622279123276000,0,200.00000000,0.00002456
1622279129226000,1,200.00000000,0.00002456
1622279142598000,1,16.13593600,0.00002455
1622279142598000,1,1392.86406400,0.00002454
1622279154330000,0,2960.00000000,0.00002455
1622279156828000,0,404.80187500,0.00002456
1622279162872000,0,200.00000000,0.00002455
1622279164933000,0,200.00000000,0.00002456
1622279166451000,1,200.00000000,0.00002456
1622279167446000,1,200.00000000,0.00002456
1622279174725000,0,199.28346600,0.00002456
1622279177526000,0,1392.00000000,0.00002456
1622279195996000,0,286.87208500,0.00002456
1622279197566000,0,2673.00000000,0.00002456
1622279208082000,0,1394.00000000,0.00002455
1622279208088000,0,0.86264972,0.00002455
1622279215128000,0,2960.00000000,0.00002457
1622279235151000,1,9.22478018,0.00002456
1622279237411000,0,2960.00000000,0.00002457
1622279240700000,0,2960.00000000,0.00002458
1622279242463000,0,2960.00000000,0.00002458
1622279254272000,0,2960.00000000,0.00002457
1622279260150000,1,0.18826082,0.00002456
1622279264942000,1,9559.69525386,0.00002454
1622279270296000,0,2960.00000000,0.00002455
1622279276662000,0,2960.00000000,0.00002455
1622279287153000,0,200.00000000,0.00002459
1622279291154000,0,200.00000000,0.00002458
1622279314393000,1,2960.00000000,0.00002453
1622279314393000,1,1396.34898028,0.00002453
1622279315541000,1,2960.00000000,0.00002452
1622279317320000,0,2960.00000000,0.00002454
1622279321361000,0,1395.00000000,0.00002455
1622279323443000,1,2960.00000000,0.00002453
1622279342371000,1,38.17184900,0.00002455
1622279342371000,1,3489.44992730,0.00002453
1622279351259000,1,2960.00000000,0.00002452
1622279352710000,0,1396.00000000,0.00002452
1622279352745000,0,0.91845377,0.00002452
1622279355112000,1,1396.91845377,0.00002451
1622279367132000,1,1401.00000000,0.00002452
1622279372614000,0,8.88183300,0.00002453
1622279387585000,0,2960.00000000,0.00002453
1622279387767000,0,200.00000000,0.00002453
1622279390428000,1,2960.00000000,0.00002453
1622279390428000,1,439.00000000,0.00002453
1622279392811000,1,199.97000000,0.00002455
1622279400171000,0,1398.64124716,0.00002458
1622279405273000,0,1398.07223119,0.00002459
1622279406172000,0,1396.83937091,0.00002461
1622279451454000,1,2960.00000000,0.00002461
1622279458169000,1,131.00000000,0.00002461
1622279489976000,1,0.25966100,0.00002461
1622279505061000,1,20170.00000000,0.00002463
1622279537656000,1,1392.00000000,0.00002463
1622279537730000,1,0.35678552,0.00002463
1622279538875000,0,1077.01572500,0.00002464
1622279539074000,0,75.72014800,0.00002464
1622279541341000,0,140.87805500,0.00002464
1622279542046000,0,11.21721400,0.00002464
1622279555639000,1,4317.10000000,0.00002461
1622279563684000,0,188.35028200,0.00002462
1622279584775000,0,2960.00000000,0.00002461
1622279591079000,1,26.71130800,0.00002461
1622279599136000,1,1393.60527911,0.00002459
1622279611812000,0,1616.97702630,0.00002460
1622279624427000,0,1396.00000000,0.00002458
1622279628660000,0,34.33722900,0.00002458
1622279654966000,1,2960.00000000,0.00002457
1622279670752000,1,2960.00000000,0.00002458
1622279688917000,1,2960.00000000,0.00002460
1622279692007000,1,2960.00000000,0.00002459
1622279724130000,0,1394.38243420,0.00002463
1622279790009000,1,1392.43206766,0.00002464
1622279804202000,0,2960.00000000,0.00002466
1622279804202000,0,200.00000000,0.00002466
1622279815650000,1,199.00000000,0.00002466
1622279815652000,1,0.88000000,0.00002466
1622279818495000,1,20611.00000000,0.00002463
1622279832194000,1,0.27000000,0.00002463
1622279832194000,1,29389.23000000,0.00002461
1622279839273000,1,1394.69526484,0.00002461
1622279855041000,0,2960.00000000,0.00002458
1622279879781000,1,2960.00000000,0.00002457
1622279879781000,1,1399.50723160,0.00002457
1622279879781000,1,3497.94530553,0.00002457
1622279905758000,0,1399.00000000,0.00002459
1622279937262000,0,1401.00000000,0.00002460
1622279938091000,0,0.37573055,0.00002460
1622279938091000,0,18627.62426945,0.00002460
1622279941629000,0,2960.00000000,0.00002461
1622279952045000,1,90.00000000,0.00002461
1622279957348000,0,1401.00000000,0.00002464
1622280036577000,0,2960.00000000,0.00002469
1622280040032000,0,3675.40000000,0.00002470
1622280040032000,0,1398.14238943,0.00002470
1622280040032000,0,11465.57660000,0.00002470
1622280040032000,0,3177.13307057,0.00002470
1622280070339000,1,2960.00000000,0.00002470
1622280072484000,0,2960.00000000,0.00002471
1622280119748000,0,1393.00000000,0.00002473
1622280123702000,1,20028.00000000,0.00002470
1622280140805000,0,38.17027800,0.00002469
1622280157283000,0,1398.00000000,0.00002471
1622280157350000,0,0.02998562,0.00002471
1622280159678000,0,269.00000000,0.00002473
1622280165349000,1,19288.00000000,0.00002471
1622280169871000,0,2960.00000000,0.00002474
1622280169871000,0,1396.00000000,0.00002474
1622280175162000,0,2960.00000000,0.00002474
1622280204613000,1,2960.00000000,0.00002471
1622280210015000,1,1163.76473000,0.00002473
1622280213545000,0,1394.98971104,0.00002474
1622280213787000,0,5746.48905024,0.00002475
1622280213787000,0,3485.84905493,0.00002475
1622280213787000,0,5747.11769902,0.00002476
1622280213787000,0,5504.26419581,0.00002476
1622280213875000,0,3557.28955031,0.00002476
1622280213875000,0,200.00000000,0.00002476
1622280213875000,0,1736.85423305,0.00002477
1622280213939000,1,5741.61184771,0.00002483
1622280220921000,1,199.00000000,0.00002476
1622280221030000,1,0.87000000,0.00002476
1622280228551000,1,0.00000700,0.00002473
1622280245540000,0,1396.03246652,0.00002472
1622280258182000,0,1395.00000000,0.00002472
1622280269176000,0,200.00000000,0.00002471
1622280273010000,1,199.80000000,0.00002472
1622280273010000,1,284.97641300,0.00002471
1622280273010000,1,15.76556200,0.00002471
1622280273046000,0,11389.86960000,0.00002471
1622280283301000,0,24439.04000000,0.00002472
1622280283301000,0,2959.96000000,0.00002472
1622280294677000,0,1399.54100375,0.00002472
1622280315993000,1,76.00000000,0.00002473
1622280328684000,1,0.52451900,0.00002473
1622280365673000,1,11.75650300,0.00002473
1622280365673000,1,2959.24349700,0.00002473
1622280375427000,1,2960.00000000,0.00002472
1622280379064000,0,2960.00000000,0.00002475
1622280379064000,0,1414.00000000,0.00002475
1622280392876000,1,2960.00000000,0.00002471
1622280396767000,0,1392.00000000,0.00002472
1622280402417000,1,26.35492100,0.00002472
1622280402417000,1,42.64507900,0.00002472
1622280402439000,1,0.58645200,0.00002472
1622280414422000,1,2960.00000000,0.00002471
1622280418195000,1,2960.00000000,0.00002471
1622280436620000,1,2960.00000000,0.00002472
1622280442975000,0,108.00000000,0.00002473
1622280444258000,1,108.00000000,0.00002473
1622280444261000,1,0.77000000,0.00002473
1622280491674000,1,2960.00000000,0.00002473
1622280511798000,0,2960.00000000,0.00002476
1622280552077000,1,2960.00000000,0.00002472
1622280574522000,1,1396.00000000,0.00002473
1622280599731000,0,2960.00000000,0.00002475
1622280602728000,0,1397.00000000,0.00002475
1622280604087000,0,2960.00000000,0.00002476
1622280607206000,0,1040.24000000,0.00002477
1622280626593000,0,2960.00000000,0.00002478
1622280661554000,0,2960.00000000,0.00002480
1622280675821000,0,24.16320000,0.00002478
1622280677292000,0,2935.00000000,0.00002478
1622280677295000,0,0.83680000,0.00002478
1622280677295000,0,1394.94238084,0.00002478
1622280687580000,0,2960.00000000,0.00002478
1622280687580000,0,972.32870200,0.00002479
1622280693606000,1,1396.42266286,0.00002476
1622280697485000,0,2960.00000000,0.00002478
1622280697485000,0,52.07357400,0.00002478
1622280707735000,0,200.00000000,0.00002477
1622280710752000,0,1395.85913474,0.00002478
1622280714551000,1,198.89000000,0.00002479
1622280724193000,0,1395.00000000,0.00002479
1622280737639000,0,2960.00000000,0.00002480
1622280747571000,0,1705.00000000,0.00002481
1622280760981000,0,1394.00000000,0.00002481
1622280782542000,0,2960.00000000,0.00002480
1622280793240000,0,2960.00000000,0.00002480
1622280798866000,0,2960.00000000,0.00002479
1622280819724000,0,46.38732100,0.00002479
1622280824472000,1,602.63462000,0.00002477
1622280828633000,1,1401.61382000,0.00002477
1622280909053000,0,765.00000000,0.00002482
1622280965895000,0,2960.00000000,0.00002484
1622280970538000,1,2960.00000000,0.00002483
1622280980904000,0,1396.00000000,0.00002483
1622280981441000,0,0.11960562,0.00002483
1622280988957000,1,2960.00000000,0.00002481
1622280991435000,1,2960.00000000,0.00002481
1622281006923000,1,2960.00000000,0.00002480
1622281019734000,1,2960.00000000,0.00002481
1622281025774000,1,2973.13678208,0.00002479
1622281026708000,0,3494.00000000,0.00002483
1622281050785000,0,9.39060000,0.00002484
1622281050862000,1,200.00000000,0.00002484
1622281052484000,0,199.71000000,0.00002486
1622281059071000,1,2960.00000000,0.00002485
1622281067242000,1,2960.00000000,0.00002484
1622281071428000,1,2960.00000000,0.00002483
1622281077636000,1,2960.00000000,0.00002483
1622281083072000,1,2960.00000000,0.00002483
1622281083652000,1,2960.00000000,0.00002483
1622281089359000,1,2960.00000000,0.00002482
1622281093482000,1,2960.00000000,0.00002482
1622281104735000,1,1388.74908236,0.00002482
1622281116205000,1,2960.00000000,0.00002481
1622281119548000,1,2960.00000000,0.00002481
1622281123596000,0,1439.00000000,0.00002482
1622281123630000,0,4261.41153787,0.00002482
1622281126805000,1,226.14102800,0.00002482
1622281128965000,0,5705.48599843,0.00002483
1622281128965000,0,2960.00000000,0.00002483
1622281128965000,0,1387.48141996,0.00002483
1622281128965000,0,200.00000000,0.00002483
1622281128965000,0,1386.99852161,0.00002483
1622281129131000,0,0.00002696,0.00002483
1622281132917000,1,199.00000000,0.00002484
1622281133283000,1,0.72000000,0.00002484
1622281144418000,1,2960.00000000,0.00002484
1622281144418000,1,1385.32410364,0.00002484
1622281144418000,1,3463.31025910,0.00002484
1622281151711000,1,2960.00000000,0.00002484
1622281153315000,1,1954.00000000,0.00002484
1622281162114000,1,2960.00000000,0.00002481
1622281166971000,1,2960.00000000,0.00002480
1622281173760000,0,1388.26524929,0.00002482
1622281173760000,0,200.00000000,0.00002482
1622281173760000,0,1387.70569054,0.00002482
1622281176232000,1,199.96000000,0.00002481
1622281202812000,1,8.63218500,0.00002482
1622281216584000,0,1387.00000000,0.00002481
1622281222970000,0,89.50837200,0.00002481
1622281233183000,1,1388.30826752,0.00002479
1622281233183000,1,9024.60436013,0.00002479
1622281383635000,0,8.60267400,0.00002476
1622281463635000,1,22.98159290,0.00002474
1622281463637000,1,0.46901210,0.00002474
1622281527486000,1,91.00000000,0.00002474
1622281527554000,1,0.37500500,0.00002474
1622281530779000,0,1385.00000000,0.00002477
1622281532043000,0,2960.00000000,0.00002476
1622281555113000,1,1948.00000000,0.00002475
1622281555428000,0,358.00000000,0.00002477
1622281555433000,0,1027.39626834,0.00002477
1622281569888000,0,1385.00000000,0.00002477
1622281580682000,0,2960.00000000,0.00002477
1622281580684000,0,200.00000000,0.00002477
1622281584858000,1,199.88000000,0.00002477
1622281597361000,0,1384.30367329,0.00002477
1622281597361000,0,3461.69632671,0.00002477
1622281597401000,0,0.46057832,0.00002477
1622281597581000,0,200.00000000,0.00002477
1622281600724000,1,199.00000000,0.00002479
1622281612628000,1,1383.18684903,0.00002478
1622281621567000,0,2960.00000000,0.00002480
1622281640932000,0,2960.00000000,0.00002478
1622281714174000,1,188.00000000,0.00002478
1622281714308000,1,0.33534500,0.00002478
1622281731432000,1,104.00000000,0.00002478
1622281731471000,1,0.18445600,0.00002478
1622281752792000,1,1379.71428330,0.00002477
1622281828467000,0,2960.00000000,0.00002477
1622281862613000,0,263.27762600,0.00002478
1622281884054000,0,52.14460100,0.00002473
1622281894907000,0,2960.00000000,0.00002473
1622281945901000,1,59.81422800,0.00002473
1622281945901000,1,3459.12010340,0.00002473
1622281945901000,1,1383.06566860,0.00002473
1622281950519000,0,343.17011900,0.00002474
1622281962069000,0,119.84696500,0.00002475
1622281995467000,1,22.07828500,0.00002475
1622281995467000,1,428.92171500,0.00002475
1622282012623000,1,0.56290500,0.00002475
1622282012623000,1,130.49316600,0.00002475
1622282012623000,1,45.94392900,0.00002475
1622282063075000,1,343.06126100,0.00002477
1622282063075000,1,260.77600100,0.00002477
1622282096477000,0,1380.68670093,0.00002479
1622282096477000,0,1380.31329907,0.00002479
1622282096477000,0,0.37340186,0.00002479
1622282119234000,1,180.00000000,0.00002478
1622282152389000,0,1487.00000000,0.00002479
1622282161672000,0,2960.00000000,0.00002480
1622282181105000,0,2960.00000000,0.00002479
1622282282905000,1,75.00000000,0.00002479
1622282285726000,1,0.71008200,0.00002479
1622282368454000,0,2960.00000000,0.00002479
1622282377208000,0,2960.00000000,0.00002479
1622282417949000,0,241.01232764,0.00002479
1622282421983000,0,2960.00000000,0.00002478
1622282423224000,0,200.00000000,0.00002478
1622282427998000,1,200.00000000,0.00002479
1622282430545000,1,1385.00000000,0.00002478
1622282471280000,0,2960.00000000,0.00002477
1622282515451000,0,1383.00000000,0.00002481
1622282517337000,1,217.11664000,0.00002479
1622282534159000,1,436.00000000,0.00002480
1622282536097000,1,2524.00000000,0.00002480
1622282546446000,0,1383.00000000,0.00002480
1622282547093000,0,1577.00000000,0.00002480
1622282547442000,0,200.00000000,0.00002480
1622282555519000,0,200.00000000,0.00002482
1622282558999000,0,1377.00000000,0.00002483
1622282579624000,0,8945.00000000,0.00002486
1622282580671000,0,200.00000000,0.00002486
1622282584624000,1,63.02350260,0.00002484
1622282585076000,1,136.00000000,0.00002484
1622282601325000,1,8056.68078859,0.00002481
1622282601326000,1,3189.70161141,0.00002481
1622282601326000,1,3441.78957462,0.00002480
1622282601326000,1,1425.18960256,0.00002480
1622282601334000,1,7523.46329146,0.00002480
1622282601334000,1,533.21749713,0.00002480
1622282713825000,0,2960.00000000,0.00002483
1622282714105000,0,2960.00000000,0.00002483
1622282748708000,0,2960.00000000,0.00002484
1622282757492000,0,2960.00000000,0.00002484
1622282771578000,0,2960.00000000,0.00002485
1622282825475000,1,9475.00000000,0.00002482
1622282831230000,0,2960.00000000,0.00002484
1622282831230000,0,1383.00000000,0.00002484
1622282838173000,0,1382.00000000,0.00002484
1622282845954000,0,1382.00000000,0.00002485
1622282864595000,0,2722.00000000,0.00002484
1622282868309000,0,2960.00000000,0.00002485
1622283003027000,1,9218.51740085,0.00002487
1622283003027000,1,2959.48259915,0.00002487
1622283004770000,1,1383.00000000,0.00002487
1622283053474000,0,27.41609000,0.00002488
1622283053474000,0,2959.58391000,0.00002488
1622283068562000,0,844.31774100,0.00002486
1622283068686000,1,200.00000000,0.00002486
1622283073459000,0,2960.00000000,0.00002489
1622283079804000,1,200.00000000,0.00002489
1622283099144000,0,1386.00000000,0.00002492
1622283110253000,1,15.40626800,0.00002488
1622283137064000,0,1153.00000000,0.00002491
1622283175213000,1,15.78215100,0.00002491
1622283196422000,1,8.71080800,0.00002491
1622283223513000,1,2960.00000000,0.00002491
1622283239303000,1,2960.00000000,0.00002490
1622283250480000,1,13.47887300,0.00002489
1622283261843000,1,10.00000000,0.00002491
1622283298806000,1,552.67413700,0.00002491
1622283306098000,1,2960.00000000,0.00002490
1622283309914000,1,2960.00000000,0.00002489
1622283339820000,1,2960.00000000,0.00002487
1622283361646000,1,2960.00000000,0.00002487
1622283376282000,0,718.60000000,0.00002489
1622283421358000,0,2960.00000000,0.00002491
1622283421358000,0,1379.37031414,0.00002491
1622283421358000,0,1077.99999586,0.00002491
1622283421447000,0,0.00000414,0.00002491
1622283423182000,1,2960.00000000,0.00002491
1622283437022000,1,2960.00000000,0.00002489
1622283449547000,0,2960.00000000,0.00002490
1622283453014000,0,200.00000000,0.00002490
1622283456682000,0,2960.00000000,0.00002491
1622283458385000,1,200.00000000,0.00002492
1622283479111000,0,2960.00000000,0.00002493
1622283490066000,1,1384.73037050,0.00002490
1622283502772000,1,9003.26379200,0.00002488
1622283502772000,1,1384.73037050,0.00002488
1622283502772000,1,3461.82592624,0.00002488
1622283511318000,0,1270.00000000,0.00002487
1622283511359000,0,120.33648406,0.00002487
1622283511359000,0,3477.23937637,0.00002487
1622283516143000,1,2960.00000000,0.00002486
1622283533411000,0,275.68094800,0.00002487
1622283541754000,0,5742.31703714,0.00002488
1622283541754000,0,200.00000000,0.00002488
1622283541754000,0,3475.84121016,0.00002488
1622283541754000,0,1390.33648406,0.00002488
1622283541754000,0,20028.08421939,0.00002488
1622283545138000,1,200.00000000,0.00002488
1622283577569000,0,2960.00000000,0.00002487
1622283683454000,1,2960.00000000,0.00002484
1622283695230000,0,601.87409493,0.00002486
1622283705556000,1,2960.00000000,0.00002483
1622283746700000,1,2079.00000000,0.00002483
1622283756489000,1,2960.00000000,0.00002482
1622283773981000,1,2960.00000000,0.00002482
1622283777720000,1,2960.00000000,0.00002481
1622283810693000,0,200.00000000,0.00002484
1622283814022000,1,200.00000000,0.00002485
1622283852556000,0,1222.14179500,0.00002485
1622283861187000,0,2960.00000000,0.00002484
1622283927567000,0,2960.00000000,0.00002483
1622283939206000,0,2960.00000000,0.00002483
1622283949222000,0,2960.00000000,0.00002483
1622283953995000,0,2960.00000000,0.00002483
1622283973848000,0,2960.00000000,0.00002483
1622283998708000,0,5726.35130534,0.00002484
1622283998708000,0,1078.00000000,0.00002484
1622283998708000,0,1387.64869466,0.00002484
1622284013090000,0,2960.00000000,0.00002482
1622284056708000,0,2960.00000000,0.00002483
1622284084948000,0,2565.05000000,0.00002484
1622284091169000,0,2960.00000000,0.00002484
1622284131877000,1,2960.00000000,0.00002484
1622284131877000,1,2960.00000000,0.00002483
1622284131877000,1,2127.42765382,0.00002483
1622284131882000,1,1346.71316267,0.00002483
1622284131882000,1,1389.65632660,0.00002483
1622284131882000,1,5143.83799142,0.00002482
1622284136790000,1,2960.00000000,0.00002483
1622284148345000,1,2960.00000000,0.00002481
1622284148345000,1,9102.00000000,0.00002481
1622284208798000,1,2960.00000000,0.00002481
1622284210113000,1,2960.00000000,0.00002481
1622284212101000,1,2960.00000000,0.00002481
1622284219088000,1,2960.00000000,0.00002481
1622284233433000,1,2960.00000000,0.00002479
1622284246612000,1,2960.00000000,0.00002478
1622284255080000,1,2960.00000000,0.00002477
1622284258852000,1,20028.00000000,0.00002477
1622284286802000,1,470.00000000,0.00002478
1622284286808000,1,0.94906900,0.00002478
1622284298542000,1,9769.45288320,0.00002474
1622284298542000,1,2959.54711680,0.00002474
1622284347310000,1,2960.00000000,0.00002475
1622284356769000,0,1392.00000000,0.00002477
1622284359757000,1,2960.00000000,0.00002478
1622284370128000,1,2960.00000000,0.00002476
1622284378587000,1,2960.00000000,0.00002475
1622284398308000,0,1291.60527900,0.00002476
1622284405455000,0,200.00000000,0.00002476
1622284408645000,1,200.00000000,0.00002477
1622284444781000,1,1391.90846030,0.00002475
1622284469039000,0,2960.00000000,0.00002479
1622284564899000,1,20.67880036,0.00002476
1622284572897000,0,1388.00000000,0.00002477
1622284650037000,1,2960.00000000,0.00002478
1622284669523000,0,200.00000000,0.00002479
1622284671818000,1,199.89000000,0.00002479
1622284691847000,0,20028.00000000,0.00002480
1622284698525000,1,2960.00000000,0.00002480
1622284698525000,1,1380.08902722,0.00002480
1622284787505000,1,318.71000000,0.00002481
1622284815677000,1,1380.00000000,0.00002482
1622284821650000,0,2960.00000000,0.00002483
1622284828842000,0,2960.00000000,0.00002483
1622284850484000,0,2960.00000000,0.00002484
1622284861614000,0,2960.00000000,0.00002484
1622284881232000,0,2960.00000000,0.00002483
1622284890396000,1,1384.67845097,0.00002481
1622285029142000,0,2960.00000000,0.00002481
1622285037150000,0,1386.13082930,0.00002481
1622285037150000,0,2959.86917070,0.00002481
1622285058046000,1,70.00000000,0.00002481
1622285079530000,0,2960.00000000,0.00002481
1622285095782000,0,2960.00000000,0.00002482
1622285101279000,0,2960.00000000,0.00002482
1622285105953000,0,2960.00000000,0.00002482
1622285115622000,0,2960.00000000,0.00002482
1622285145909000,1,1386.00000000,0.00002481
1622285146659000,0,2960.00000000,0.00002482
1622285207565000,0,2960.00000000,0.00002480
1622285248879000,1,1390.00000000,0.00002477
1622285248902000,1,0.89000871,0.00002477
1622285315169000,0,762.20645500,0.00002481
1622285324816000,1,2960.00000000,0.00002479
1622285324816000,1,1389.02611502,0.00002479
1622285379105000,0,1078.00000000,0.00002482
1622285418837000,0,153.53311100,0.00002482
1622285444202000,0,200.00000000,0.00002480
1622285444202000,0,843.33364900,0.00002480
1622285450785000,1,199.00000000,0.00002480
1622285450865000,1,0.88000000,0.00002480
1622285461038000,1,2960.00000000,0.00002479
1622285461038000,1,1388.00000000,0.00002479
1622285484689000,1,2960.00000000,0.00002479
1622285534336000,1,2960.00000000,0.00002480
1622285562480000,1,2960.00000000,0.00002478
1622285613649000,1,2960.00000000,0.00002479
1622285621508000,1,2960.00000000,0.00002479
1622285645422000,0,378.20321535,0.00002479
1622285648995000,1,2960.00000000,0.00002478
1622285671954000,0,1386.00000000,0.00002478
1622285671954000,0,0.32147927,0.00002478
1622285677213000,0,1386.32147927,0.00002479
1622285702890000,1,2960.00000000,0.00002478
1622285742437000,0,709.38844000,0.00002477
1622285773785000,1,3905.00000000,0.00002478
1622285825924000,1,0.07971300,0.00002478
1622285834948000,0,2960.00000000,0.00002479
1622285952119000,0,396.45261100,0.00002484
1622285974816000,1,1455.00000000,0.00002481
1622286008272000,1,2960.00000000,0.00002481
1622286008272000,1,1384.00000000,0.00002481
1622286009116000,1,2960.00000000,0.00002481
1622286019071000,0,259.77025400,0.00002482
1622286037875000,1,88.00000000,0.00002475
1622286038020000,1,2872.00000000,0.00002475
1622286038020000,1,1388.74892114,0.00002475
1622286046974000,1,2960.00000000,0.00002473
1622286046974000,1,1389.79469144,0.00002473
1622286050304000,0,15.76928600,0.00002475
1622286053996000,1,2960.00000000,0.00002473
1622286055155000,1,2960.00000000,0.00002472
1622286065383000,0,540.34000000,0.00002472
1622286093903000,1,233.00000000,0.00002472
1622286096513000,1,0.75146500,0.00002472
1622286117726000,1,1393.46836785,0.00002469
1622286117726000,1,20028.70848884,0.00002469
1622286117726000,1,2960.00000000,0.00002469
1622286121458000,1,1394.03275358,0.00002469
1622286121458000,1,2959.96724642,0.00002469
1622286228570000,0,15780.00000000,0.00002464
1622286275610000,0,4248.00000000,0.00002458
1622286278918000,0,1402.00000000,0.00002458
1622286299168000,1,37.65188224,0.00002459
1622286306985000,0,63.31914400,0.00002460
1622286343690000,0,2960.00000000,0.00002462
1622286343690000,0,1403.00000000,0.00002462
1622286366129000,0,119.36000000,0.00002465
1622286370101000,1,1402.00000000,0.00002463
1622286370113000,1,0.63777226,0.00002463
1622286418482000,0,2960.00000000,0.00002466
1622286447934000,0,181.00000000,0.00002466
1622286482003000,0,1393.00000000,0.00002467
1622286583105000,1,5749.00000000,0.00002466
1622286595587000,1,0.49183106,0.00002466
1622286612510000,0,1394.00000000,0.00002467
1622286612533000,0,0.79324435,0.00002467
1622286612932000,0,200.00000000,0.00002468
1622286615752000,0,200.00000000,0.00002470
1622286616030000,0,199.65000000,0.00002471
1622286624868000,1,199.00000000,0.00002471
1622286624879000,1,0.65000000,0.00002471
1622286633826000,0,2960.00000000,0.00002472
1622286643679000,0,200.00000000,0.00002471
1622286643935000,0,1366.00000000,0.00002471
1622286653740000,1,200.00000000,0.00002470
1622286664659000,0,2960.00000000,0.00002470
1622286691188000,0,64.00000000,0.00002468
1622286691203000,0,2896.00000000,0.00002468
1622286713638000,0,2960.00000000,0.00002469
1622286756738000,0,1395.82954662,0.00002469
1622286781195000,1,1396.39511775,0.00002467
1622286789557000,0,2960.00000000,0.00002469
1622286835655000,1,1397.62255459,0.00002465
1622286878285000,0,2960.00000000,0.00002465
1622286881839000,0,2960.00000000,0.00002466
1622286905196000,0,1398.00000000,0.00002465
1622286909404000,0,2960.00000000,0.00002465
1622286922457000,0,1724.00000000,0.00002465
1622286922656000,0,1236.00000000,0.00002465
1622286922656000,0,1724.08145389,0.00002465
1622286927622000,0,2960.00000000,0.00002466
1622286933611000,0,2960.00000000,0.00002467
1622286943061000,0,1400.24600418,0.00002468
1622286943061000,0,2959.75399582,0.00002468
1622286970319000,0,2960.00000000,0.00002467
1622286996092000,0,1401.01694384,0.00002468
1622287031879000,0,1757.40855837,0.00002469
1622287031879000,0,4182.60000000,0.00002470
1622287031879000,0,2960.00000000,0.00002470
1622287031879000,0,5775.05150142,0.00002470
1622287031879000,0,1399.88205770,0.00002470
1622287031879000,0,1742.20077613,0.00002470
1622287032920000,0,2960.00000000,0.00002469
1622287063534000,1,64.00000000,0.00002460
1622287064182000,1,0.12500000,0.00002460
1622287067264000,0,1840.38967000,0.00002460
1622287067481000,0,1840.00000000,0.00002460
1622287067529000,0,1120.00000000,0.00002460
1622287074064000,0,200.00000000,0.00002461
1622287076592000,1,79.46232321,0.00002461
1622287078250000,1,120.00000000,0.00002461
1622287082459000,1,1408.00000000,0.00002460
1622287102392000,0,40.00000000,0.00002463
1622287109643000,1,1413.27226460,0.00002459
1622287113889000,1,20028.00000000,0.00002453
1622287119128000,1,2960.00000000,0.00002452
1622287125852000,0,1417.86156000,0.00002453
1622287132956000,1,1416.00000000,0.00002454
1622287135843000,1,2960.00000000,0.00002453
1622287139034000,0,200.00000000,0.00002455
1622287140893000,1,200.00000000,0.00002457
1622287150618000,0,9572.24960697,0.00002459
1622287150618000,0,1332.75039303,0.00002459
1622287190473000,0,200.00000000,0.00002458
1622287192017000,1,1416.41277538,0.00002457
1622287192115000,1,200.00000000,0.00002459
1622287202929000,0,1417.56620598,0.00002457
1622287218086000,1,2960.00000000,0.00002459
1622287219908000,1,2231.00000000,0.00002458
1622287220201000,1,729.00000000,0.00002458
1622287238289000,1,2960.00000000,0.00002459
1622287248307000,1,798.00000000,0.00002462
1622287254565000,1,2960.00000000,0.00002461
1622287259098000,1,1414.99335448,0.00002461
1622287270269000,0,2960.00000000,0.00002463
1622287270269000,0,436.00000000,0.00002463
1622287270623000,0,1414.99335000,0.00002463
1622287307160000,0,1408.00000000,0.00002465
1622287311381000,1,2960.00000000,0.00002464
1622287331087000,1,11.91266200,0.00002459
1622287331087000,1,264.27766441,0.00002459
1622287333134000,1,2960.00000000,0.00002460
1622287339169000,0,39.75831000,0.00002464
1622287363724000,0,2960.00000000,0.00002466
1622287363724000,0,200.00000000,0.00002466
1622287365295000,1,199.66000000,0.00002468
1622287376490000,1,2960.00000000,0.00002461
1622287392391000,1,849.88301000,0.00002464
1622287395905000,1,0.00000100,0.00002464
1622287399491000,1,2960.00000000,0.00002462
1622287410682000,0,2190.00000000,0.00002467
1622287425151000,1,2960.00000000,0.00002465
1622287425844000,1,2960.00000000,0.00002465
1622287425844000,1,945.07971300,0.00002464
1622287432244000,0,1416.69326915,0.00002467
1622287432244000,0,2336.30673085,0.00002467
1622287463367000,1,2960.00000000,0.00002466
1622287497864000,1,2960.00000000,0.00002466
1622287500386000,1,2960.00000000,0.00002466
1622287525875000,1,2960.00000000,0.00002466
1622287540591000,1,2960.00000000,0.00002466
1622287548425000,1,280.79962300,0.00002466
1622287567258000,1,1398.00000000,0.00002465
1622287567269000,1,1562.00000000,0.00002465
1622287584241000,0,1406.00000000,0.00002468
1622287602515000,1,2960.00000000,0.00002467
1622287610756000,1,9608.91718834,0.00002466
1622287610756000,1,2960.00000000,0.00002466
1622287626982000,1,2960.00000000,0.00002466
1622287629328000,1,2960.00000000,0.00002466
1622287633426000,0,10321.00000000,0.00002470
1622287633426000,0,19788.00000000,0.00002470
1622287682460000,1,14.93200400,0.00002467
1622287682460000,1,103.06799600,0.00002467
1622287691672000,0,2960.00000000,0.00002469
1622287716465000,0,200.00000000,0.00002470
1622287720934000,1,199.00000000,0.00002471
1622287720970000,1,0.86000000,0.00002471
1622287745729000,0,200.00000000,0.00002471
1622287749521000,1,199.79000000,0.00002472
1622287767452000,0,1395.00000000,0.00002472
1622287793523000,1,2960.00000000,0.00002471
1622287793640000,0,8201.27946907,0.00002471
1622287869908000,0,2960.00000000,0.00002467
1622287869908000,0,200.00000000,0.00002467
1622287872757000,1,199.81000000,0.00002468
1622287875746000,0,2960.00000000,0.00002467
1622287878218000,0,2960.00000000,0.00002466
1622287878218000,0,200.00000000,0.00002467
1622287880385000,0,2960.00000000,0.00002467
1622287880385000,0,200.00000000,0.00002467
1622287880500000,1,200.00000000,0.00002466
1622287881457000,1,199.91000000,0.00002468
1622287886509000,0,119.41348462,0.00002468
1622287886866000,0,2840.00000000,0.00002468
1622287886876000,0,0.58651538,0.00002468
1622287887781000,0,2960.00000000,0.00002467
1622287897499000,0,1124.94691000,0.00002465
1622287897499000,0,199.05309000,0.00002465
1622287901110000,1,198.00000000,0.00002466
1622287901152000,1,0.71000000,0.00002466
1622287905622000,0,910.71133200,0.00002467
1622287918953000,0,1124.00000000,0.00002468
1622287920428000,1,2960.00000000,0.00002467
1622287929933000,0,5682.00000000,0.00002468
1622287945355000,1,2960.00000000,0.00002466
1622287950041000,1,2960.00000000,0.00002467
1622287950041000,1,976.80413622,0.00002466
1622287954631000,0,0.11578341,0.00002468
1622287954631000,0,200.00000000,0.00002468
1622287956439000,1,199.79000000,0.00002469
1622287961043000,1,1378.00000000,0.00002468
1622287968623000,1,2960.00000000,0.00002467
1622287972058000,1,2960.00000000,0.00002468
1622287976774000,1,1379.00000000,0.00002467
1622287977415000,1,1581.00000000,0.00002466
1622288043124000,1,1377.21441000,0.00002470
1622288122614000,0,87.42024800,0.00002469
1622288141713000,1,90.29506600,0.00002467
1622288155102000,1,1382.00000000,0.00002465
1622288183451000,1,1384.00000000,0.00002462
1622288183503000,1,0.68984770,0.00002462
1622288201394000,0,11651.00000000,0.00002462
1622288206923000,1,1386.00000000,0.00002460
1622288211757000,1,233.00000000,0.00002461
1622288211993000,1,0.42097500,0.00002461
1622288240839000,0,2960.00000000,0.00002461
1622288266388000,1,1390.05897489,0.00002460
1622288266887000,0,155.43375200,0.00002462
1622288281883000,0,2960.00000000,0.00002460
1622288283267000,0,1391.00000000,0.00002461
1622288288622000,1,1391.75485815,0.00002459
1622288288636000,0,54.98913200,0.00002461
1622288307304000,1,1391.18910414,0.00002459
1622288324293000,0,2960.00000000,0.00002459
1622288329886000,0,19.79232400,0.00002460
1622288332268000,0,2960.00000000,0.00002460
1622288334987000,0,2960.00000000,0.00002460
1622288347250000,0,2960.00000000,0.00002461
1622288356367000,0,3240.00000000,0.00002463
1622288390532000,0,2960.00000000,0.00002465
1622288391332000,1,2960.00000000,0.00002465
1622288410625000,1,783.46548400,0.00002464
1622288431313000,0,1392.74052442,0.00002463
1622288431313000,0,2959.25947558,0.00002463
1622288433022000,0,1078.00000000,0.00002464
1622288434333000,1,2960.00000000,0.00002462
1622288439344000,1,2960.00000000,0.00002461
1622288464313000,0,1078.00000000,0.00002463
1622288468341000,0,1078.00000000,0.00002464
1622288576999000,0,1078.00000000,0.00002465
1622288602571000,1,60.00000000,0.00002462
1622288613059000,0,1078.00000000,0.00002464
1622288622375000,0,200.00000000,0.00002463
1622288626316000,1,199.00000000,0.00002464
1622288628592000,0,1078.00000000,0.00002465
1622288628592000,0,2960.00000000,0.00002465
1622288628592000,0,3470.45013326,0.00002465
1622288628592000,0,1387.54986674,0.00002465
1622288651532000,0,718.60000000,0.00002466
1622288651560000,0,359.40000000,0.00002466
1622288651973000,0,1387.05419763,0.00002467
1622288652506000,0,200.00000000,0.00002468
1622288654209000,1,2960.00000000,0.00002470
1622288656524000,1,200.00000000,0.00002471
1622288670380000,1,518.60000000,0.00002468
1622288680279000,0,1385.00000000,0.00002468
1622288684215000,0,777.52450000,0.00002470
1622288690708000,0,1078.00000000,0.00002470
1622288704318000,0,2960.00000000,0.00002470
1622288736673000,0,23.79574500,0.00002468
1622288737036000,0,40.90523900,0.00002468
1622288764645000,0,1078.00000000,0.00002469
1622288809368000,0,1383.00000000,0.00002470
1622288829587000,0,1078.00000000,0.00002472
1622288834594000,1,13.82974200,0.00002470
1622288859385000,0,1078.00000000,0.00002471
1622288886033000,0,1078.00000000,0.00002473
1622288886033000,0,2960.00000000,0.00002473
1622288894985000,0,1654.00000000,0.00002473
1622288895009000,0,1306.00000000,0.00002473
1622288925559000,0,1703.58615045,0.00002475
1622288940678000,0,2960.00000000,0.00002474
1622288940678000,0,505.00000000,0.00002474
1622288957803000,0,1383.33904982,0.00002472
1622288973100000,1,1705.00000000,0.00002472
1622288994678000,1,1064.21883100,0.00002472
1622289010273000,1,2960.00000000,0.00002468
1622289019952000,0,200.00000000,0.00002470
1622289021145000,1,200.00000000,0.00002473
1622289021145000,1,2960.00000000,0.00002471
1622289028128000,1,12.17692114,0.00002470
1622289028631000,0,2960.00000000,0.00002473
1622289033014000,0,2960.00000000,0.00002474
1622289034241000,0,1376.00000000,0.00002474
1622289034274000,0,0.69854646,0.00002474
1622289051007000,0,2960.00000000,0.00002474
1622289088289000,0,1078.00000000,0.00002474
1622289167158000,0,2960.00000000,0.00002474
1622289179612000,1,2960.00000000,0.00002473
1622289179612000,1,5687.81549959,0.00002473
1622289237118000,0,2960.00000000,0.00002472
1622289256706000,1,265.67371500,0.00002473
1622289256706000,1,2960.00000000,0.00002471
1622289268353000,1,2960.00000000,0.00002470
1622289268918000,0,21390.00000000,0.00002471
1622289268928000,0,0.24000000,0.00002471
1622289269123000,0,200.00000000,0.00002472
1622289272410000,0,199.86000000,0.00002473
1622289474248000,0,43.00000000,0.00002468
1622289477949000,0,129.09211400,0.00002468
1622289478573000,1,1387.62157988,0.00002466
1622289482071000,1,1387.62157988,0.00002466
1622289482071000,1,2081.43236012,0.00002466
1622289490903000,1,2960.00000000,0.00002465
1622289500908000,1,2960.00000000,0.00002465
1622289552641000,0,1078.00000000,0.00002469
1622289575122000,1,1386.00000000,0.00002467
1622289575155000,1,0.41607910,0.00002467
1622289609626000,1,3466.43784748,0.00002466
1622289609626000,1,1386.97829162,0.00002465
1622289609626000,1,9014.05631985,0.00002465
1622289624639000,1,2960.00000000,0.00002463
1622289633933000,0,11.21730700,0.00002465
1622289634250000,0,605.49168356,0.00002465
1622289645647000,1,2960.00000000,0.00002463
1622289645810000,1,2960.00000000,0.00002462
1622289645810000,1,1394.18872693,0.00002462
1622289652269000,1,1395.32129292,0.00002462
1622289652392000,1,1395.32129292,0.00002461
1622289665317000,0,107.85000000,0.00002460
1622289668416000,1,2960.00000000,0.00002457
1622289668518000,1,9084.53180248,0.00002456
1622289668518000,1,3495.40193647,0.00002456
1622289675672000,1,1399.87001759,0.00002454
1622289679694000,0,2960.00000000,0.00002457
1622289679694000,0,200.00000000,0.00002457
1622289685425000,0,1229.00000000,0.00002458
1622289688447000,1,199.00000000,0.00002458
1622289688661000,1,199.55000000,0.00002460
1622289692412000,0,2960.00000000,0.00002458
1622289700443000,0,2960.00000000,0.00002459
1622289702286000,0,2960.00000000,0.00002460
1622289702286000,0,5784.00000000,0.00002460
1622289717863000,0,0.11893018,0.00002460
1622289732545000,0,2960.00000000,0.00002462
1622289744360000,0,2960.00000000,0.00002459
1622289762658000,1,2069.77834000,0.00002460
1622289762800000,1,0.00000600,0.00002460
1622289767411000,1,1401.59316292,0.00002459
1622289769524000,0,2960.00000000,0.00002459
1622289807340000,0,278.80878763,0.00002458
1622289808017000,1,9155.16050672,0.00002456
1622289814600000,0,11151.00000000,0.00002458
1622289847372000,1,2960.00000000,0.00002456
1622289861298000,1,1409.00000000,0.00002455
1622289863945000,1,0.05971968,0.00002455
1622289885444000,0,2960.00000000,0.00002459
1622289885444000,0,1407.00000000,0.00002459
1622289889966000,0,1053.00000000,0.00002460
1622289914906000,1,2960.00000000,0.00002461
1622289934143000,0,3172.94262200,0.00002463
1622289948222000,1,2960.00000000,0.00002459
1622289948472000,1,1410.38527607,0.00002458
1622289959162000,0,2960.00000000,0.00002460
1622289959162000,0,1410.88403544,0.00002460
1622290011756000,1,2960.00000000,0.00002466
1622290014335000,0,2960.00000000,0.00002467
1622290014335000,0,1404.00000000,0.00002467
1622290016290000,1,2960.00000000,0.00002465
1622290016871000,1,2960.00000000,0.00002465
1622290018535000,0,1405.37900099,0.00002466
1622290018535000,0,3513.44750248,0.00002466
1622290027088000,1,2960.00000000,0.00002465
1622290033534000,1,2960.00000000,0.00002463
1622290113594000,0,2960.00000000,0.00002468
1622290116842000,1,2960.00000000,0.00002466
1622290165749000,0,2960.00000000,0.00002470
1622290206081000,1,9.24551094,0.00002466
1622290207538000,1,113.00000000,0.00002463
1622290222853000,1,2960.00000000,0.00002463
1622290246364000,1,2960.00000000,0.00002463
1622290251993000,1,2960.00000000,0.00002462
1622290273150000,1,2960.00000000,0.00002462
1622290382761000,1,1404.00000000,0.00002463
1622290494955000,0,1404.00000000,0.00002463
1622290494972000,0,0.41559273,0.00002463
1622290505533000,0,2960.00000000,0.00002462
1622290535202000,0,1406.62531071,0.00002462
1622290605702000,1,2960.00000000,0.00002459
1622290657494000,0,2744.00000000,0.00002458
1622290671391000,0,2960.00000000,0.00002459
1622290672599000,0,2960.00000000,0.00002459
1622290700878000,0,2960.00000000,0.00002458
1622290717367000,1,2960.00000000,0.00002458
1622290718795000,0,2960.00000000,0.00002458
1622290719618000,0,200.00000000,0.00002458
1622290721848000,1,199.78000000,0.00002460
1622290752169000,0,1397.99336300,0.00002458
1622290847070000,1,2059.45883100,0.00002461
1622290891492000,1,16.67140600,0.00002463
1622290924851000,1,2960.00000000,0.00002464
1622290924851000,1,1405.92936792,0.00002464
1622290924851000,1,5787.78588306,0.00002463
1622290924851000,1,8043.52669852,0.00002463
1622290937743000,0,3523.61914000,0.00002467
1622290946556000,1,20.76522900,0.00002465
1622290995566000,1,25.00000000,0.00002466
1622291012004000,1,1403.00000000,0.00002467
1622291139043000,0,1251.00000000,0.00002464
1622291142441000,0,25.00000000,0.00002463
1622291142441000,0,200.00000000,0.00002463
1622291144885000,1,199.00000000,0.00002464
1622291144925000,1,0.80000000,0.00002464
1622291154264000,0,1411.00000000,0.00002464
1622291162876000,0,9.86000000,0.00002466
1622291162876000,0,199.14000000,0.00002466
1622291163100000,0,0.86000000,0.00002466
1622291165186000,1,199.00000000,0.00002466
1622291193115000,0,74.00000000,0.00002465
1622291222444000,1,2960.00000000,0.00002463
1622291233291000,1,2960.00000000,0.00002465
1622291233291000,1,3520.99662830,0.00002465
1622291233291000,1,1408.03820852,0.00002465
1622291233291000,1,2960.00000000,0.00002464
1622291233291000,1,5799.62171031,0.00002464
1622291233291000,1,8351.34345287,0.00002464
1622291263997000,0,26.93500000,0.00002464
1622291265130000,0,0.00043800,0.00002464
1622291265130000,0,199.99956200,0.00002464
1622291268713000,1,200.00000000,0.00002466
1622291274464000,1,425.28180600,0.00002464
1622291459103000,1,753.93230200,0.00002464
1622291468121000,0,18.31805400,0.00002465
1622291468121000,0,26.89994600,0.00002465
1622291468932000,0,0.00005400,0.00002465
1622291480322000,1,9.45490900,0.00002465
1622291519305000,0,646.44700000,0.00002468
1622291645809000,0,1404.00000000,0.00002467
1622291672270000,1,15.96529500,0.00002467
1622291672533000,1,11.24874000,0.00002467
1622291704553000,1,1403.22855162,0.00002469
1622291715604000,1,1404.91251649,0.00002466
1622291834861000,0,13.00000000,0.00002463
1622291834861000,0,200.00000000,0.00002463
1622291836821000,1,200.00000000,0.00002465
1622291950553000,0,10.51400681,0.00002460
1622291951751000,1,17.93029733,0.00002460
1622292014836000,0,1408.00000000,0.00002461
1622292014837000,0,0.10226436,0.00002461
1622292022597000,0,1078.00000000,0.00002462
1622292022597000,0,2960.00000000,0.00002462
1622292025484000,0,2960.00000000,0.00002462
1622292079626000,0,200.00000000,0.00002464
1622292080889000,1,200.00000000,0.00002464
1622292113612000,0,2960.00000000,0.00002461
1622292118456000,0,2960.00000000,0.00002462
1622292168338000,0,2960.00000000,0.00002460
1622292188873000,0,122.00000000,0.00002462
1622292193393000,0,1415.00000000,0.00002462
1622292212546000,0,2960.00000000,0.00002463
1622292222664000,0,2960.00000000,0.00002463
1622292223303000,0,2960.00000000,0.00002463
1622292277020000,1,413.72402500,0.00002463
1622292296432000,1,8.34517300,0.00002463
1622292298218000,1,30.93135400,0.00002463
1622292339050000,1,2960.00000000,0.00002469
1622292354501000,1,2960.00000000,0.00002466
1622292383132000,1,1409.00000000,0.00002465
1622292431051000,0,2960.00000000,0.00002466
1622292437930000,0,1078.00000000,0.00002468
1622292437930000,0,2960.00000000,0.00002468
1622292467930000,0,991.00000000,0.00002467
1622292515464000,1,2960.00000000,0.00002466
1622292537889000,0,1412.00000000,0.00002467
1622292537907000,0,0.77689770,0.00002467
1622292552502000,1,1412.00000000,0.00002466
1622292567548000,1,2960.00000000,0.00002465
1622292606527000,0,2960.00000000,0.00002468
1622292612200000,1,17.95700000,0.00002466
1622292635056000,1,0.00020455,0.00002466
1622292643333000,1,2960.00000000,0.00002464
1622292678500000,1,2960.00000000,0.00002464
1622292689786000,1,2960.00000000,0.00002465
1622292745072000,1,1412.05272543,0.00002463
1622292765262000,1,2960.00000000,0.00002462
1622292804037000,1,15.27900000,0.00002463
1622292804969000,1,1415.15342295,0.00002462
1622292824626000,0,2960.00000000,0.00002464
1622292827293000,0,2960.00000000,0.00002464
1622292830444000,0,2274.00000000,0.00002464
1622292873120000,0,2960.00000000,0.00002463
1622292873120000,0,3551.75891000,0.00002464
1622292898727000,1,461.97095963,0.00002461
1622292917608000,0,2960.00000000,0.00002462
1622292924733000,0,2960.00000000,0.00002463
1622292943144000,0,2960.00000000,0.00002464
1622292943144000,0,4116.00000000,0.00002464
1622292946953000,0,2960.00000000,0.00002464
1622292975551000,1,36.34622000,0.00002464
1622292976104000,1,11.70308500,0.00002464
1622292976303000,1,213.20159400,0.00002464
1622292995984000,0,1415.00000000,0.00002468
1622292998788000,1,18.58425200,0.00002467
1622293014651000,1,2960.00000000,0.00002464
1622293031137000,0,1078.00000000,0.00002466
1622293055736000,0,887.00000000,0.00002467
1622293065759000,1,24.62899600,0.00002465
1622293086181000,1,20.68965600,0.00002465
1622293086507000,1,25.00000000,0.00002465
1622293095172000,1,2960.00000000,0.00002464
1622293167355000,1,2767.74965300,0.00002464
1622293179528000,0,1078.00000000,0.00002465
1622293213576000,1,2732.14734062,0.00002461
1622293242186000,0,1419.88328446,0.00002461
1622293295857000,1,2960.00000000,0.00002463
1622293295857000,1,1414.54457821,0.00002463
1622293315932000,1,2960.00000000,0.00002463
1622293319610000,1,2960.00000000,0.00002463
1622293319780000,1,2960.00000000,0.00002463
1622293325866000,1,2960.00000000,0.00002463
1622293328728000,1,2960.00000000,0.00002463
1622293332203000,1,8.94767000,0.00002463
1622293334578000,1,2951.00000000,0.00002463
1622293365371000,1,2960.00000000,0.00002463
1622293396303000,1,2960.00000000,0.00002465
1622293399123000,1,2960.00000000,0.00002464
1622293416158000,1,2960.00000000,0.00002465
1622293459005000,1,2960.00000000,0.00002464
1622293510241000,1,2960.00000000,0.00002464
1622293523609000,1,1408.00000000,0.00002462
1622293523640000,1,0.43775453,0.00002462
1622293555631000,0,2960.95017884,0.00002463
1622293560742000,0,1400.16269000,0.00002464
1622293560742000,0,2960.00000000,0.00002464
1622293560742000,0,4111.40000000,0.00002464
1622293560742000,0,1044.43731000,0.00002464
1622293560804000,0,367.68908365,0.00002464
1622293624609000,0,436.00000000,0.00002462
1622293684549000,0,17.59051300,0.00002461
1622293734788000,1,285.36400000,0.00002460
1622293742211000,1,87.00000000,0.00002461
1622293742266000,1,0.75606200,0.00002461
1622293850785000,1,1423.72249011,0.00002455
1622294031131000,0,15.95995500,0.00002460
1622294069288000,1,39.87207000,0.00002460
1622294070141000,1,150.93544930,0.00002457
1622294073591000,1,244.70212000,0.00002457
1622294079891000,1,2564.00000000,0.00002457
1622294079982000,1,1430.62582360,0.00002456
1622294097058000,0,21.92840800,0.00002457
1622294104753000,1,1432.00000000,0.00002449
1622294160392000,0,30.55684200,0.00002454
1622294160700000,0,718.60000000,0.00002454
1622294161120000,0,8568.88095315,0.00002454
1622294161120000,0,200.00000000,0.00002454
1622294168211000,0,199.85000000,0.00002456
1622294222437000,1,1182.00000000,0.00002454
1622294222524000,1,0.69651700,0.00002454
1622294222524000,1,1425.11985343,0.00002453
1622294223420000,1,1361.00000000,0.00002452
1622294223542000,1,0.70344000,0.00002452
1622294288095000,0,8.88785000,0.00002454
1622294328753000,0,2960.00000000,0.00002456
1622294370930000,0,2960.00000000,0.00002455
1622294401183000,0,1432.00000000,0.00002456
1622294401183000,0,1429.00000000,0.00002456
1622294401267000,0,0.93750098,0.00002456
1622294424921000,1,1430.00000000,0.00002454
1622294530904000,1,1422.00000000,0.00002458
1622294530957000,1,0.53766597,0.00002458
1622294548386000,1,1425.00000000,0.00002454
1622294565395000,1,1428.78380000,0.00002455
1622294565700000,1,0.00000708,0.00002455
1622294586706000,1,1428.00000000,0.00002455
1622294706119000,1,2960.00000000,0.00002453
1622294771827000,0,102.88722000,0.00002453
1622294772242000,0,75.58042300,0.00002453
1622294816232000,1,718.06300000,0.00002452
1622294818945000,1,29.10341000,0.00002452
1622294818945000,1,45.89659000,0.00002452
1622294819509000,1,0.98597800,0.00002452
1622294859656000,0,203.50958900,0.00002451
1622294909985000,1,1434.00000000,0.00002448
1622294909985000,1,0.80780772,0.00002448
1622294922025000,0,2960.00000000,0.00002448
1622294922025000,0,2960.00000000,0.00002449
1622294922025000,0,3266.68436096,0.00002449
1622294931099000,1,3591.17913322,0.00002441
1622294931099000,1,3408.82086678,0.00002441
1622294931683000,1,397.00742799,0.00002438
1622294931726000,1,161.11527346,0.00002438
1622294931763000,1,1190.74191279,0.00002438
1622294931830000,1,55.51454461,0.00002438
1622294931878000,1,181.70147209,0.00002438
1622294931944000,1,49.23986757,0.00002438
1622294932476000,1,2308.57950149,0.00002438
1622294932533000,1,3591.17913322,0.00002436
1622294932533000,1,8248.82086678,0.00002436
1622294932600000,1,4343.90000000,0.00002437
1622294932600000,1,1098.63015262,0.00002436
1622294932600000,1,1438.23636048,0.00002436
1622294932953000,1,861.66219265,0.00002433
1622294952985000,1,2960.00000000,0.00002435
1622294953929000,0,1441.18719421,0.00002437
1622294953929000,0,3604.44702579,0.00002437
1622294953953000,0,0.00001063,0.00002437
1622294974475000,1,1444.81275000,0.00002435
1622294981372000,0,328.94737800,0.00002432
1622294984485000,0,1606.63234600,0.00002435
1622295026763000,1,1441.75236950,0.00002440
1622295026763000,1,2960.00000000,0.00002440
1622295034303000,1,161.59647100,0.00002439
1622295036876000,1,7473.93129961,0.00002437
1622295044348000,0,2960.00000000,0.00002440
1622295064535000,0,9241.16843275,0.00002442
1622295064535000,0,2960.00000000,0.00002442
1622295071424000,1,11894.59680000,0.00002439
1622295071424000,1,2960.00000000,0.00002439
1622295072349000,0,200.00000000,0.00002440
1622295074321000,1,2960.00000000,0.00002439
1622295077414000,1,199.92000000,0.00002440
1622295083187000,0,13608.00000000,0.00002439
1622295083212000,0,13608.00000000,0.00002439
1622295083298000,0,13494.00000000,0.00002439
1622295132873000,1,83.44597500,0.00002438
1622295162632000,0,718.60000000,0.00002443
1622295165585000,0,8.68983900,0.00002443
1622295202452000,0,272.00000000,0.00002440
1622295210663000,0,1814.31066100,0.00002443
1622295210663000,0,200.00000000,0.00002443
1622295213961000,1,199.71000000,0.00002445
1622295213961000,1,72.29000000,0.00002442
1622295226029000,1,272.00000000,0.00002440
1622295237882000,1,273.00000000,0.00002441
1622295238362000,1,718.60000000,0.00002441
1622295250648000,1,273.00000000,0.00002441
1622295261432000,1,148.23008100,0.00002443
1622295261432000,1,125.76991900,0.00002442
1622295261916000,1,218.57125195,0.00002443
1622295272467000,1,2960.00000000,0.00002442
1622295273195000,0,275.00000000,0.00002442
1622295293134000,1,268.00000000,0.00002443
1622295298819000,0,14979.48980000,0.00002446
1622295305079000,1,276.00000000,0.00002446
1622295320888000,1,276.00000000,0.00002448
1622295333039000,1,277.00000000,0.00002451
1622295356569000,1,1440.68818632,0.00002448
1622295356569000,1,3601.72046580,0.00002448
1622295356569000,1,2959.59134788,0.00002448
1622295375767000,0,200.00000000,0.00002450
1622295377120000,1,275.00000000,0.00002450
1622295378326000,1,311.45855900,0.00002450
1622295378326000,1,199.88000000,0.00002450
1622295398017000,0,2379.72992600,0.00002449
1622295418868000,1,954.62144000,0.00002448
1622295425940000,1,0.00000800,0.00002448
1622295425940000,1,42.51625900,0.00002448
1622295425940000,1,154.48373300,0.00002448
1622295426050000,1,0.44029700,0.00002448
1622295426758000,1,1241.00000000,0.00002447
1622295440251000,0,1243.10361300,0.00002449
1622295441901000,1,21.05070000,0.00002448
1622295442861000,1,0.00007900,0.00002448
1622295462595000,1,1440.00000000,0.00002444
1622295481675000,1,692.00000000,0.00002446
1622295481689000,1,0.56685900,0.00002446
1622295525173000,0,287.81130600,0.00002444
1622295544632000,0,1118.50000000,0.00002443
1622295572141000,0,987.00000000,0.00002439
1622295586114000,1,1043.00000000,0.00002438
1622295599657000,1,529.45473100,0.00002439
1622295599657000,1,1446.54526900,0.00002439
1622295617514000,0,1374.00000000,0.00002440
1622295618097000,0,291.00000000,0.00002440
1622295678634000,0,344.00000000,0.00002441
1622295683101000,1,1449.00000000,0.00002439
1622295730471000,1,1190.00000000,0.00002438
1622295739549000,0,33.16186700,0.00002440
1622295744578000,1,0.79732600,0.00002438
1622295846957000,0,808.19387900,0.00002444
1622295967109000,1,1438.00000000,0.00002442
1622295999920000,1,364.58754200,0.00002444
1622296008589000,0,1078.00000000,0.00002444
1622296008589000,0,1732.49147900,0.00002444
1622296075091000,0,1078.00000000,0.00002446
1622296101338000,0,1078.00000000,0.00002448
1622296124632000,0,2960.00000000,0.00002449
1622296128794000,0,54.35185193,0.00002448
1622296130229000,1,2960.00000000,0.00002447
1622296169637000,0,800.11075300,0.00002448
1622296186069000,1,2960.00000000,0.00002443
1622296188109000,0,1432.00000000,0.00002444
1622296188113000,0,0.20530991,0.00002444
1622296265758000,0,111.53352100,0.00002446
1622296266164000,0,387.91376100,0.00002446
1622296285244000,1,441.65484700,0.00002445
1622296308034000,0,77.12319700,0.00002443
1622296313634000,1,2960.00000000,0.00002441
1622296313634000,1,1433.13339470,0.00002441
1622296327685000,0,2960.00000000,0.00002440
1622296356413000,0,2960.00000000,0.00002438
1622296373733000,1,87.00000000,0.00002439
1622296374094000,1,0.27907700,0.00002439
1622296387573000,0,2960.00000000,0.00002438
1622296398055000,1,373.18894700,0.00002438
1622296398055000,1,11.81105300,0.00002438
1622296445138000,0,222.97000000,0.00002440
1622296445700000,0,1078.00000000,0.00002440
1622296468128000,0,163.67964800,0.00002441
1622296533195000,0,2960.00000000,0.00002440
1622296543028000,0,2960.00000000,0.00002440
1622296550939000,0,3240.00000000,0.00002441
1622296550939000,0,1078.00000000,0.00002441
1622296554860000,0,718.60000000,0.00002441
1622296554910000,0,1066.76863142,0.00002441
1622296566857000,1,2960.00000000,0.00002440
1622296572300000,0,1078.00000000,0.00002442
1622296602307000,0,2640.00000000,0.00002442
1622296615721000,0,2960.00000000,0.00002441
1622296627702000,1,1790.44222272,0.00002440
1622296627702000,1,2960.00000000,0.00002440
1622296636810000,0,761.00000000,0.00002442
1622296636957000,0,2199.00000000,0.00002442
1622296636957000,0,200.00000000,0.00002442
1622296637595000,1,199.80000000,0.00002443
1622296659178000,0,2960.00000000,0.00002443
1622296660912000,0,50.79800000,0.00002441
1622296661842000,0,0.00015100,0.00002441
1622296661842000,0,200.00000000,0.00002441
1622296665911000,0,199.58000000,0.00002444
1622296667057000,1,2960.00000000,0.00002442
1622296667560000,0,149.00200000,0.00002440
1622296667574000,0,20.90088346,0.00002440
1622296667702000,1,200.00000000,0.00002440
1622296669099000,1,199.74000000,0.00002442
1622296670447000,0,4060.70000000,0.00002443
1622296670447000,0,200.00000000,0.00002443
1622296671073000,0,199.75000000,0.00002443
1622296673734000,1,119.81473221,0.00002441
1622296676307000,1,2960.00000000,0.00002442
1622296692119000,0,2960.00000000,0.00002443
1622296702210000,1,2960.00000000,0.00002441
1622296709254000,1,2960.00000000,0.00002440
1622296715090000,1,1424.00000000,0.00002440
1622296718071000,1,518.86000000,0.00002440
1622296748304000,1,1424.96163433,0.00002440
1622296748304000,1,2959.03836567,0.00002440
1622296783136000,0,80.33115800,0.00002442
1622296787773000,0,5869.18327579,0.00002442
1622296787773000,0,1425.67659225,0.00002442
1622296787773000,0,42416.02000000,0.00002442
1622296787950000,0,200.00000000,0.00002443
1622296787950000,0,518.60000000,0.00002443
1622296788769000,0,200.00000000,0.00002445
1622296789769000,1,200.00000000,0.00002446
1622296793040000,1,200.00000000,0.00002446
1622296847329000,0,2960.00000000,0.00002442
1622296847329000,0,200.00000000,0.00002442
1622296849410000,0,199.36000000,0.00002442
1622296853366000,1,2960.00000000,0.00002439
1622296853366000,1,1425.00000000,0.00002439
1622296853433000,1,0.62584119,0.00002439
1622296881404000,0,1424.45825000,0.00002442
1622296881515000,0,0.00000246,0.00002442
1622296881913000,0,200.00000000,0.00002443
1622296886501000,1,199.00000000,0.00002445
1622296886574000,1,0.67000000,0.00002445
1622296902501000,1,2960.00000000,0.00002444
1622296924367000,1,632.00000000,0.00002440
1622296927265000,0,209.77666400,0.00002442
1622296928014000,1,0.30723800,0.00002440
1622296971697000,0,18922.00000000,0.00002446
1622296971720000,0,2828.29000000,0.00002446
1622296973962000,1,718.60000000,0.00002445
1622296974108000,1,2241.40000000,0.00002445
1622296992696000,1,989.92417800,0.00002443
1622296992696000,1,33.07582200,0.00002443
1622296994520000,1,0.57078600,0.00002443
1622297002563000,0,2427.00000000,0.00002443
1622297005149000,1,1422.00000000,0.00002442
1622297005187000,1,0.03442570,0.00002442
1622297005805000,0,39.78450600,0.00002443
1622297013230000,0,5153.00000000,0.00002441
1622297013242000,0,5153.00000000,0.00002441
1622297018147000,0,2960.00000000,0.00002442
1622297024842000,0,2960.00000000,0.00002443
1622297031418000,0,54.56847400,0.00002442
1622297031566000,0,333.61946100,0.00002442
1622297052415000,0,128.33256100,0.00002443
1622297060194000,0,200.00000000,0.00002443
1622297060194000,0,1419.35737317,0.00002443
1622297064007000,1,199.00000000,0.00002443
1622297064024000,1,0.88000000,0.00002443
1622297074941000,1,594.00000000,0.00002443
1622297074956000,1,0.29966400,0.00002443
1622297075976000,0,2960.00000000,0.00002444
1622297080343000,1,5839.64400278,0.00002442
1622297106746000,0,2851.08660478,0.00002446
1622297114100000,1,1417.32211000,0.00002444
1622297132641000,1,803.35040000,0.00002442
1622297146260000,0,2960.00000000,0.00002443
1622297154783000,1,1411.00000000,0.00002444
1622297154794000,1,0.62064750,0.00002444
1622297155450000,0,215.21187700,0.00002444
1622297157253000,1,3529.00000000,0.00002443
1622297158160000,1,0.05161876,0.00002443
1622297158691000,1,1411.62064750,0.00002443
1622297165248000,1,1411.62064750,0.00002443
1622297165248000,1,3528.37935250,0.00002443
1622297165290000,1,0.67226626,0.00002443
1622297167288000,1,1411.62064750,0.00002442
1622297167288000,1,1411.62064750,0.00002442
1622297170182000,1,1411.62064750,0.00002443
1622297171309000,1,814.92859980,0.00002443
1622297176714000,1,2960.00000000,0.00002441
1622297205221000,0,266.49286400,0.00002443
1622297220600000,0,2960.00000000,0.00002443
1622297237647000,0,58.08793400,0.00002441
1622297243453000,0,897.00000000,0.00002441
1622297243493000,0,2004.91206600,0.00002441
1622297261046000,1,1412.77491716,0.00002439
1622297261046000,1,3531.71773540,0.00002439
1622297267516000,0,2960.00000000,0.00002441
1622297285284000,1,39.81949200,0.00002442
1622297295641000,0,2960.00000000,0.00002441
1622297295641000,0,548.42521800,0.00002442
1622297302508000,0,2960.00000000,0.00002441
1622297338740000,0,2960.00000000,0.00002440
1622297383674000,1,1418.79454419,0.00002438
1622297402030000,0,2960.00000000,0.00002438
1622297404410000,0,18.17761900,0.00002439
1622297412699000,0,239.00000000,0.00002437
1622297414074000,0,2721.00000000,0.00002437
1622297415051000,0,2960.00000000,0.00002437
1622297415740000,0,2960.00000000,0.00002437
1622297441448000,1,2960.00000000,0.00002436
1622297455864000,0,1420.02629944,0.00002437
1622297476480000,0,2960.00000000,0.00002436
1622297504242000,1,1005.75000000,0.00002437
1622297689876000,1,1000.00000000,0.00002438
1622297757408000,0,2960.00000000,0.00002437
1622297861598000,1,1014.00000000,0.00002436
1622297861674000,1,0.48462000,0.00002436
1622297900305000,0,2960.00000000,0.00002437
1622297999025000,1,1428.00000000,0.00002435
1622297999025000,1,0.76194377,0.00002435
1622298065541000,1,3926.00000000,0.00002430
1622298065555000,1,16102.70848884,0.00002430
1622298065555000,1,3926.30000000,0.00002429
1622298065555000,1,1435.76053391,0.00002429
1622298066761000,1,20028.70848884,0.00002430
1622298087743000,0,1183.47132000,0.00002432
1622298088004000,0,1562.81549900,0.00002432
1622298107310000,0,107.14694500,0.00002432
1622298163881000,0,1801.29728618,0.00002432
1622298240869000,0,27.05309900,0.00002430
1622298390626000,0,1438.99283000,0.00002433
1622298390683000,0,0.00000878,0.00002433
1622298498671000,0,718.60000000,0.00002430
1622298545939000,0,125.02000000,0.00002434
1622298659578000,1,2960.00000000,0.00002431
1622298662272000,1,2960.00000000,0.00002431
1622298687875000,0,54.00816800,0.00002432
1622298728210000,1,2960.00000000,0.00002430
1622298737891000,1,2960.00000000,0.00002430
1622298751327000,1,2960.00000000,0.00002429
1622298751327000,1,1431.00000000,0.00002429
1622298758426000,1,880.55309735,0.00002428
1622298845487000,1,2960.00000000,0.00002429
1622298863125000,1,2960.00000000,0.00002427
1622298886993000,0,2960.00000000,0.00002429
1622298888859000,1,2960.00000000,0.00002428
1622298898972000,0,2960.00000000,0.00002427
1622298906201000,0,2960.00000000,0.00002429
1622298908736000,0,2960.00000000,0.00002429
1622298912094000,0,2960.00000000,0.00002430
1622298928664000,0,2960.00000000,0.00002430
1622298931923000,0,2960.00000000,0.00002430
1622298954910000,0,2960.00000000,0.00002430
1622298954910000,0,5944.72518614,0.00002430
1622298954910000,0,1442.27481386,0.00002430
1622299100236000,0,1629.03687500,0.00002433
1622299103783000,1,41.14300000,0.00002432
1622299103962000,1,0.00040100,0.00002432
1622299410872000,0,202.05685700,0.00002430
1622299435061000,1,18.81700000,0.00002430
1622299472599000,0,2428.68815800,0.00002432
1622299480231000,0,511.07173900,0.00002433
1622299576409000,0,54.35036400,0.00002432
1622299751893000,1,2960.00000000,0.00002436
1622299763750000,0,59.96000000,0.00002438
1622299763804000,0,1018.04000000,0.00002438
1622299763804000,0,1439.96838880,0.00002438
1622299818253000,1,718.60000000,0.00002437
1622299820798000,1,18.78138100,0.00002437
1622299820798000,1,110.21861900,0.00002437
1622299820843000,1,0.81471500,0.00002437
1622299861383000,1,2960.00000000,0.00002433
1622299861383000,1,5931.16258126,0.00002433
1622299861383000,1,20027.83741874,0.00002433
1622299865458000,0,200.00000000,0.00002435
1622299865976000,1,199.72000000,0.00002437
1622299989906000,0,18.58275900,0.00002434
1622300024125000,0,27.00907900,0.00002433
1622300051735000,0,13.50314900,0.00002430
1622300137952000,1,80.00000000,0.00002426
1622300152714000,1,0.96277100,0.00002426
1622300155188000,0,64.06260600,0.00002426
1622300156853000,0,32.46245700,0.00002425
1622300176202000,1,1910.00000000,0.00002426
1622300176288000,1,0.30765000,0.00002426
1622300221399000,1,1229.16747300,0.00002427
1622300381968000,0,39.47187900,0.00002430
1622300386769000,0,718.60000000,0.00002430
1622300412132000,1,53.37700000,0.00002430
1622300416477000,1,0.00098100,0.00002430
1622300416477000,1,55.13101900,0.00002429
1622300444092000,1,0.00131300,0.00002429
1622300520372000,1,39.52000000,0.00002427
1622300529683000,1,150.00000000,0.00002429
1622300533282000,1,570.57100000,0.00002428
1622300550663000,1,21.37973300,0.00002429
1622300584748000,0,81.09849000,0.00002427
1622300611502000,0,71.00306500,0.00002427
1622300646432000,0,89.13610700,0.00002425
1622300652946000,0,54.13219400,0.00002424
1622300674203000,0,24.36818800,0.00002424
1622300678950000,1,17.04551925,0.00002422
1622300694989000,0,52.79470800,0.00002423
1622300697125000,0,718.60000000,0.00002423
1622300800604000,0,67.62607900,0.00002425
1622300878563000,1,2960.00000000,0.00002417
1622300880384000,1,274.47300000,0.00002418
1622300880411000,1,0.00073400,0.00002418
1622300891852000,1,271.11900000,0.00002418
1622300892004000,1,0.00017500,0.00002418
1622300896547000,1,2960.00000000,0.00002415
1622300899876000,1,2960.00000000,0.00002414
1622300901385000,1,2960.00000000,0.00002414
1622300903630000,1,2960.00000000,0.00002414
1622300906614000,1,2960.00000000,0.00002414
1622300912730000,0,407.45957600,0.00002416
1622300931363000,1,2960.00000000,0.00002410
1622300933345000,1,2960.00000000,0.00002407
1622300933615000,0,53.04071000,0.00002409
1622300935538000,1,2960.00000000,0.00002406
1622300936301000,1,1464.69599857,0.00002405
1622300936301000,1,3665.62477001,0.00002405
1622300936301000,1,2909.67923142,0.00002405
1622300936361000,1,50.32076858,0.00002405
1622300939713000,0,91.01407200,0.00002405
1622300952426000,0,2960.00000000,0.00002407
1622300952626000,0,17118.54610174,0.00002408
1622300952626000,0,200.00000000,0.00002408
1622300953998000,1,173.00800000,0.00002409
1622300954631000,1,26.81200000,0.00002409
1622300956344000,0,1465.64074726,0.00002409
1622300956344000,0,199.35925274,0.00002409
1622300956447000,0,0.64074726,0.00002409
1622300961139000,1,199.82000000,0.00002409
1622300961163000,1,303.27970359,0.00002407
1622300961414000,1,1161.75238888,0.00002407
1622300961414000,1,3661.05985747,0.00002407
1622300975087000,1,1465.00000000,0.00002407
1622300975122000,1,0.07221471,0.00002407
1622300975829000,0,204.34591700,0.00002408
1622300995930000,1,1463.96608555,0.00002407
1622300995930000,1,15012.03391445,0.00002407
1622300999825000,1,2960.00000000,0.00002408
1622301006267000,0,2960.00000000,0.00002408
1622301018430000,1,2960.00000000,0.00002410
1622301033300000,0,2960.00000000,0.00002409
1622301050963000,0,1463.00000000,0.00002410
1622301060314000,0,2960.00000000,0.00002410
1622301069262000,0,1463.26395365,0.00002410
1622301069262000,0,194.73604635,0.00002411
1622301072273000,0,2716.00000000,0.00002411
1622301072640000,0,0.48088380,0.00002411
1622301072640000,0,199.99911620,0.00002411
