timestamp ms,type,amount,price
1627516871065000,1,3822.00000000,0.00001842
1627516873987000,1,4222.00000000,0.00001840
1627516874052000,1,0.60000000,0.00001840
1627516878077000,1,4222.60000000,0.00001837
1627516899048000,1,1965.00000000,0.00001826
1627517021382000,1,2736.37860000,0.00001817
1627517021385000,1,1486.22140000,0.00001817
1627517023784000,0,139.41772820,0.00001822
1627517173707000,0,44.03520000,0.00001816
1627517190879000,0,17.00000000,0.00001821
1627517204062000,1,354.00000000,0.00001817
1627517204129000,1,0.77995000,0.00001817
1627517213150000,1,14.62976100,0.00001817
1627517320107000,1,2251.57880000,0.00001809
1627517320110000,1,1971.02120000,0.00001809
1627517320181000,1,84.66420000,0.00001808
1627517320181000,1,83.01620000,0.00001808
1627517320192000,1,240.62150000,0.00001808
1627517320200000,1,63.09720000,0.00001808
1627517320201000,1,509.56100000,0.00001808
1627517320201000,1,107.36220000,0.00001808
1627517320207000,1,670.45720000,0.00001808
1627517320211000,1,558.84290000,0.00001808
1627517320212000,1,963.69710000,0.00001808
1627517320547000,1,4000.00000000,0.00001807
1627517524773000,0,186.52000000,0.00001805
1627517579190000,0,969.28646500,0.00001803
1627517698461000,0,364.42841200,0.00001802
1627517702127000,1,4222.00000000,0.00001798
1627517702137000,1,0.60000000,0.00001798
1627517721095000,1,4180.00000000,0.00001795
1627517721097000,1,42.60000000,0.00001795
1627517752140000,1,101.00000000,0.00001793
1627517764097000,1,0.94782300,0.00001793
1627517782027000,0,1330.50766200,0.00001793
1627518076785000,1,4222.60000000,0.00001791
1627518578576000,0,128.31986700,0.00001791
1627518660009000,0,325.89350100,0.00001794
1627518852283000,0,326.93558900,0.00001788
1627518992096000,0,3623.32681564,0.00001790
1627519028614000,1,1606.00000000,0.00001788
1627519028646000,1,0.68906300,0.00001788
1627519123974000,1,4053.32996342,0.00001786
1627519123974000,1,1621.23643385,0.00001786
1627519123974000,1,49.54601920,0.00001786
1627519153081000,1,1621.23643385,0.00001786
1627519153081000,1,4773.76356615,0.00001786
1627519153092000,1,494.00000000,0.00001786
1627519153277000,1,2469.84879398,0.00001786
1627519153277000,1,4053.15120602,0.00001786
1627519192171000,1,2832.89518300,0.00001787
1627519193200000,1,3440.00000000,0.00001791
1627519193220000,0,632.60000000,0.00001791
1627519193220000,0,4458.08640000,0.00001792
1627519193732000,0,4000.00000000,0.00001793
1627519194392000,0,6946.72710000,0.00001795
1627519194392000,0,4072.60000000,0.00001795
1627519194678000,1,276.59530000,0.00001792
1627519194694000,1,2298.14530000,0.00001792
1627519194696000,1,16.03540000,0.00001792
1627519194696000,1,70.78970000,0.00001792
1627519206236000,1,81.67961000,0.00001787
1627519206236000,1,1620.32039000,0.00001787
1627519206839000,1,0.74704032,0.00001787
1627519206839000,1,4052.90741659,0.00001787
1627519206839000,1,8409.34554309,0.00001787
1627519206899000,1,0.77673766,0.00001787
1627519238722000,0,1376.56703800,0.00001789
1627519263177000,1,1619.84200242,0.00001787
1627519263177000,1,85.31434429,0.00001787
1627519263177000,1,4048.84365329,0.00001787
1627519263178000,1,0.99991807,0.00001787
1627519266837000,1,1619.84200242,0.00001786
1627519266837000,1,85.31434429,0.00001786
1627519266837000,1,329.84365329,0.00001786
1627519278032000,1,4257.00000000,0.00001785
1627519322363000,0,96.23683600,0.00001788
1627519450912000,1,675.00000000,0.00001786
1627519451004000,1,177.44343307,0.00001786
1627519451004000,1,3887.55656693,0.00001786
1627519451530000,1,1785.18193622,0.00001786
1627519451530000,1,10526.81806378,0.00001786
1627519451542000,1,0.83300232,0.00001786
1627519453452000,1,852.44343307,0.00001785
1627519453452000,1,1785.18193622,0.00001785
1627519453452000,1,6931.35413216,0.00001785
1627519467840000,0,32.74728800,0.00001788
1627519484652000,1,82.26830161,0.00001784
1627519542291000,1,485.00000000,0.00001784
1627519543213000,1,771.00000000,0.00001784
1627519543244000,1,366.51233962,0.00001784
1627519543244000,1,3564.00345057,0.00001784
1627519543244000,1,6363.48420981,0.00001784
1627519544228000,1,4187.00000000,0.00001784
1627519544284000,1,0.56050789,0.00001784
1627519544284000,1,3079.20161524,0.00001784
1627519550114000,0,19.20286700,0.00001786
1627519570442000,0,97.77858400,0.00001786
1627519591205000,0,107.41533300,0.00001788
1627519605147000,1,1620.80192451,0.00001785
1627519605147000,1,4052.24359238,0.00001785
1627519605147000,1,1436.95448311,0.00001785
1627519605171000,1,0.21364605,0.00001785
1627519678802000,0,63.94183900,0.00001788
1627519693868000,0,109.64545700,0.00001788
1627519782856000,0,180.63558393,0.00001789
1627519833024000,0,3610.96178000,0.00001789
1627519874305000,1,1622.33339850,0.00001788
1627519874305000,1,3533.66660150,0.00001788
1627519874352000,1,0.38947373,0.00001788
1627519899368000,1,2067.00000000,0.00001790
1627519899394000,1,1578.59807233,0.00001790
1627519899394000,1,3505.40192767,0.00001790
1627519932706000,1,3644.38125054,0.00001789
1627519932706000,1,430.71749621,0.00001789
1627519932706000,1,3587.90125325,0.00001789
1627519932712000,1,6960.94098077,0.00001789
1627519948714000,1,3729.00000000,0.00001788
1627519948750000,1,7.90000000,0.00001788
1627519948750000,1,4055.02103216,0.00001788
1627519948750000,1,7101.74787610,0.00001788
1627519948750000,1,825.33109174,0.00001788
1627519948894000,1,796.58170879,0.00001788
1627519988357000,1,1621.91280053,0.00001789
1627519988357000,1,3719.39756297,0.00001789
1627519988357000,1,4054.68963650,0.00001789
1627519988387000,1,0.33139566,0.00001789
1627520052483000,1,178.00000000,0.00001788
1627520052486000,1,303.00000000,0.00001788
1627520110200000,1,160.00000000,0.00001788
1627520110218000,1,1351.32376110,0.00001788
1627520110218000,1,2120.83591614,0.00001788
1627520110218000,1,3522.58682226,0.00001788
1627520128330000,1,1486.00000000,0.00001786
1627520128394000,1,0.29796014,0.00001786
1627520130744000,1,90.57244996,0.00001785
1627520130744000,1,10563.08020101,0.00001785
1627520130744000,1,3440.00000000,0.00001785
1627520130744000,1,723.01103086,0.00001785
1627520143214000,1,3440.00000000,0.00001787
1627520143214000,1,400.00000000,0.00001787
1627520154477000,1,1215.00000000,0.00001786
1627520154528000,1,409.52208963,0.00001786
1627520154528000,1,4061.54484147,0.00001786
1627520154528000,1,2727.33074847,0.00001786
1627520162171000,1,1624.52208963,0.00001785
1627520162171000,1,3121.44875969,0.00001785
1627520162171000,1,3667.02915068,0.00001785
1627520162221000,1,0.54584117,0.00001785
1627520211935000,1,1626.44447458,0.00001789
1627520211935000,1,479.82944585,0.00001789
1627520211935000,1,10575.58578178,0.00001789
1627520215073000,1,10575.58578178,0.00001788
1627520215073000,1,479.82944585,0.00001788
1627520215073000,1,793.58477237,0.00001788
1627520226938000,1,1626.44447458,0.00001787
1627520226970000,1,903.54324464,0.00001787
1627520317443000,1,4063.33984049,0.00001789
1627520317443000,1,465.12797253,0.00001789
1627520317443000,1,77.53218698,0.00001789
1627520317447000,1,0.79308228,0.00001789
1627520325588000,1,4291.20000000,0.00001788
1627520325588000,1,1625.24002468,0.00001788
1627520325588000,1,3616.37245804,0.00001788
1627520325588000,1,441.93337674,0.00001788
1627520347504000,1,1625.24002468,0.00001787
1627520347504000,1,4063.33984049,0.00001787
1627520347504000,1,5834.45507467,0.00001787
1627520430918000,1,193.28000779,0.00001791
1627520464972000,1,1633.23820514,0.00001792
1627520464972000,1,3421.83648113,0.00001792
1627520464972000,1,10619.78064807,0.00001792
1627520468460000,1,1633.23820514,0.00001791
1627520468460000,1,1808.50999701,0.00001791
1627520468460000,1,157.25179785,0.00001791
1627520468514000,1,10462.52885022,0.00001791
1627520468763000,1,4083.33708965,0.00001791
1627520470968000,1,166.00000000,0.00001790
1627520470987000,1,1500.00000000,0.00001790
1627520470988000,1,2417.33708965,0.00001790
1627520470988000,1,1633.23820514,0.00001790
1627520470988000,1,5423.42470521,0.00001790
1627520471884000,1,2697.00000000,0.00001790
1627520472677000,1,0.10700472,0.00001790
1627520472677000,1,2696.89299528,0.00001789
1627520472993000,1,0.21400944,0.00001789
1627520472993000,1,1633.07159019,0.00001789
1627520472993000,1,2697.10690037,0.00001789
1627520473036000,1,0.00010435,0.00001789
1627520628035000,1,161.22119100,0.00001787
1627520705078000,0,1328.47000000,0.00001792
1627520885402000,0,803.45000000,0.00001792
1627521124904000,0,132.92000000,0.00001790
1627521449728000,0,16.40038000,0.00001791
1627521467256000,1,4078.90615346,0.00001789
1627521467256000,1,1631.46599002,0.00001789
1627521467256000,1,159.62785652,0.00001789
1627521467352000,1,7974.77974530,0.00001789
1627521505453000,1,1631.46599002,0.00001787
1627521505453000,1,4075.21697725,0.00001787
1627521505453000,1,80.65565273,0.00001787
1627521505463000,1,0.00001549,0.00001787
1627521598407000,1,728.00000000,0.00001785
1627521598431000,1,217.79430000,0.00001785
1627521598439000,1,9661.94868055,0.00001785
1627521598439000,1,983.40053499,0.00001785
1627521598439000,1,3530.08449662,0.00001785
1627521598792000,1,983.40053499,0.00001783
1627521598792000,1,3530.08449662,0.00001783
1627521598792000,1,2977.51496839,0.00001783
1627521598793000,1,4123.00000000,0.00001783
1627521598972000,1,1765.00000000,0.00001783
1627521599117000,1,609.78660644,0.00001783
1627521599167000,1,587.20627389,0.00001783
1627521623329000,0,65.82123600,0.00001785
1627521632797000,1,560.00000000,0.00001785
1627521632900000,1,0.85351700,0.00001785
1627521632900000,1,559.14648300,0.00001785
1627521633081000,1,1072.24126582,0.00001785
1627521633081000,1,6445.55099418,0.00001785
1627521633431000,1,4162.19198637,0.00001785
1627521633431000,1,3424.80801363,0.00001785
1627521651170000,1,1631.38774882,0.00001783
1627521651170000,1,3305.32557956,0.00001783
1627521651170000,1,8627.28667162,0.00001783
1627521651199000,1,1980.45630893,0.00001783
1627521657543000,1,3440.00000000,0.00001782
1627521740236000,1,1632.74336019,0.00001784
1627521740236000,1,10616.56156156,0.00001784
1627521740236000,1,3429.69507825,0.00001784
1627521741786000,1,1199.08672372,0.00001784
1627521741786000,1,4081.91327628,0.00001784
1627521741789000,1,0.18658975,0.00001784
1627521742330000,1,1199.08672372,0.00001783
1627521742330000,1,3258.91327628,0.00001783
1627521742353000,1,823.18658975,0.00001783
1627521742353000,1,9267.81341025,0.00001783
1627521742530000,1,1632.74336019,0.00001783
1627521742530000,1,2090.44334139,0.00001783
1627521748604000,1,4009.70000000,0.00001781
1627521800144000,1,3440.00000000,0.00001782
1627521858611000,0,16.48212200,0.00001783
1627521878801000,0,97.37679600,0.00001784
1627521979993000,0,33.02558600,0.00001784
1627522000214000,0,95.59170100,0.00001784
1627522043276000,0,3311.38271300,0.00001784
1627522043276000,0,7126.18462366,0.00001784
1627522043276000,0,3562.43266334,0.00001784
1627522097331000,0,302.12696100,0.00001787
1627522099632000,1,6706.88593293,0.00001785
1627522099888000,1,1756.26359094,0.00001785
1627522100215000,1,222.97162867,0.00001784
1627522100256000,1,3861.51761039,0.00001784
1627522131884000,1,226.83672400,0.00001783
1627522131884000,1,30.16327600,0.00001783
1627522134080000,1,1603.53574747,0.00001783
1627522134080000,1,492.58940223,0.00001783
1627522134080000,1,913.87485030,0.00001783
1627522134098000,1,0.02680408,0.00001783
1627522298878000,1,3440.00000000,0.00001780
1627522319361000,1,3875.30000000,0.00001779
1627522319361000,1,3439.70000000,0.00001779
1627522319374000,1,0.30000000,0.00001779
1627522344495000,0,97.66426300,0.00001782
1627522385314000,0,428.17000000,0.00001782
1627522710945000,0,643.44670300,0.00001784
1627522879350000,1,102.00000000,0.00001777
1627522879391000,1,0.86317900,0.00001777
1627522918616000,0,97.57046800,0.00001779
1627522981566000,0,97.62531400,0.00001779
1627523106609000,1,668.06298900,0.00001775
1627523106609000,1,19.21221100,0.00001775
1627523106702000,1,0.00016100,0.00001775
1627523132676000,0,113.12217000,0.00001768
1627523132785000,0,336.23520000,0.00001768
1627523204848000,1,98.00000000,0.00001770
1627523204882000,1,0.17718100,0.00001770
1627523293345000,1,97.87553700,0.00001770
1627523586079000,0,2730.20746900,0.00001773
1627523731195000,0,97.46943000,0.00001771
1627523751363000,0,97.46943000,0.00001771
1627523812127000,0,33.26801000,0.00001771
1627523832673000,0,97.56919000,0.00001771
1627523832773000,0,136.26011600,0.00001771
1627523853679000,0,97.56919000,0.00001771
1627523874176000,0,97.56919000,0.00001771
1627523914672000,0,97.56919000,0.00001771
1627523914770000,0,33.24697400,0.00001771
1627524015621000,0,189.30254900,0.00001771
1627524031760000,1,304.00000000,0.00001768
1627524056136000,0,33.24697400,0.00001770
1627524105984000,1,252.00000000,0.00001767
1627524109747000,1,0.16295500,0.00001767
1627524184328000,0,83.00000000,0.00001771
1627524464283000,0,97.16186600,0.00001773
1627524526388000,0,97.16186600,0.00001773
1627524546937000,0,13.80069200,0.00001772
1627524567215000,0,18.32498300,0.00001773
1627524587458000,0,28.79577000,0.00001773
1627524605385000,0,200.02000000,0.00001773
1627524649572000,1,39.21458000,0.00001773
1627524671577000,0,1180.52217335,0.00001775
1627524826809000,1,96.00000000,0.00001778
1627524826829000,1,0.87523500,0.00001778
1627524935188000,1,96.00000000,0.00001778
1627524935199000,1,0.83392500,0.00001778
1627525281169000,0,96.73936200,0.00001781
1627525323343000,0,16.43711900,0.00001780
1627525567335000,1,122.00000000,0.00001781
1627525612284000,1,0.58369900,0.00001781
1627525721650000,0,96.62842500,0.00001784
1627525791042000,0,96.62286200,0.00001781
1627525832229000,1,96.00000000,0.00001782
1627525832272000,1,0.62842500,0.00001782
1627525974397000,0,1667.37153131,0.00001783
1627525974397000,0,4168.42882827,0.00001783
1627526014713000,0,19.08082700,0.00001782
1627526035063000,0,1667.73362705,0.00001781
1627526035063000,0,2893.14570495,0.00001782
1627526055162000,0,104.22470800,0.00001783
1627526115716000,0,1603.69362800,0.00001783
1627526157158000,0,96.47330900,0.00001783
1627526198167000,0,96.41199900,0.00001782
1627526238378000,0,96.40602300,0.00001782
1627526279817000,0,96.40602300,0.00001780
1627526280019000,0,1616.00426900,0.00001780
1627526361657000,1,693.00000000,0.00001783
1627526361734000,1,0.90485100,0.00001783
1627526386512000,1,1630.44960000,0.00001782
1627526386543000,1,34.11794213,0.00001782
1627526386543000,1,4159.70107390,0.00001782
1627526386543000,1,10815.22279213,0.00001782
1627526386983000,1,1663.88042956,0.00001781
1627526386983000,1,4159.70107390,0.00001781
1627526387319000,1,4000.00000000,0.00001780
1627526402543000,0,1525.93557800,0.00001782
1627526402651000,0,38.00668200,0.00001782
1627526422003000,0,224.36881600,0.00001780
1627526460226000,0,91.32408000,0.00001780
1627526504554000,0,492.68451200,0.00001780
1627526563178000,0,77.69070500,0.00001780
1627526606375000,0,96.51434400,0.00001780
1627526707066000,0,32.82744800,0.00001779
1627526748521000,0,96.43525100,0.00001778
1627526748626000,0,33.52180600,0.00001778
1627526768836000,0,13.14794600,0.00001778
1627526850321000,0,230.04882600,0.00001778
1627526871346000,0,96.48713900,0.00001777
1627526891497000,0,113.60804100,0.00001778
1627526891624000,0,13.79828300,0.00001778
1627526953246000,0,96.58159900,0.00001778
1627527015418000,0,985.92346400,0.00001779
1627527076096000,0,164.51223100,0.00001777
1627527097856000,1,1188.00000000,0.00001777
1627527097857000,1,2102.24738700,0.00001777
1627527116403000,0,104.26895100,0.00001777
1627527279665000,0,200.00031300,0.00001778
1627527360230000,0,16.43686100,0.00001777
1627527380390000,0,16.45536000,0.00001778
1627527381671000,0,96.84596800,0.00001778
1627527400463000,0,96.75800400,0.00001778
1627527442845000,0,55.91598700,0.00001778
1627527442955000,0,28.55157800,0.00001778
1627527530719000,1,1678.00000000,0.00001773
1627527533948000,0,1678.78511857,0.00001775
1627527533948000,0,1356.21488143,0.00001775
1627527533965000,0,2500.98511857,0.00001775
1627527538791000,0,918.00070600,0.00001776
1627527544472000,0,38.14315800,0.00001776
1627527565428000,0,96.88037900,0.00001775
1627527585906000,0,96.90105700,0.00001775
1627527767870000,0,46.84648700,0.00001773
1627527971566000,0,459.96407700,0.00001769
1627527991939000,0,980.93331100,0.00001767
1627528012194000,0,54.38472700,0.00001766
1627528020604000,0,4217.16123327,0.00001766
1627528020768000,1,1686.86449331,0.00001766
1627528025347000,0,280.02000000,0.00001767
1627528047528000,0,1628.78903800,0.00001767
1627528052605000,1,97.00000000,0.00001767
1627528052666000,1,0.45190600,0.00001767
1627528062290000,1,16.57567300,0.00001767
1627528073008000,0,16.56402200,0.00001767
1627528218760000,0,1756.08788500,0.00001766
1627528241096000,0,29.22868900,0.00001766
1627528403702000,0,18.65184900,0.00001768
1627528464135000,1,18.54972800,0.00001769
1627528464135000,1,323.75773300,0.00001769
1627528464135000,1,97.28449800,0.00001769
1627528567170000,0,132.43915500,0.00001767
1627528607500000,0,28.04853600,0.00001767
1627528627624000,0,49.72813100,0.00001767
1627528668276000,0,97.48111500,0.00001767
1627528682863000,0,277.66403600,0.00001767
1627528688703000,0,15.28568400,0.00001767
1627528749930000,0,97.61275100,0.00001766
1627528793025000,1,19.15928300,0.00001766
1627528795890000,0,2010.00000000,0.00001766
1627528810134000,0,103.05220600,0.00001767
1627528817897000,1,33.18732900,0.00001766
1627528831066000,0,97.61275100,0.00001767
1627528851088000,0,50.98594000,0.00001767
1627528913544000,0,97.55750900,0.00001766
1627528955891000,0,97.71248200,0.00001765
1627528980570000,0,142.75666000,0.00001765
1627528999694000,1,12.29072900,0.00001765
1627529017259000,0,194.33786600,0.00001765
1627529039357000,0,97.71473100,0.00001765
1627529039449000,0,63.39887700,0.00001765
1627529060734000,0,97.74341100,0.00001765
1627529102325000,0,97.77884000,0.00001765
1627529102427000,0,66.39797400,0.00001765
1627529102545000,0,11.81061300,0.00001765
1627529143800000,0,97.74172400,0.00001766
1627529143918000,0,15.27706300,0.00001766
1627529247919000,1,97.00000000,0.00001766
1627529255839000,1,0.64155700,0.00001766
1627529327479000,0,95.87886900,0.00001766
1627529469706000,0,1392.58186500,0.00001768
1627529488171000,1,49.79692900,0.00001767
1627529488171000,1,3440.00000000,0.00001767
1627529491996000,0,33.20231800,0.00001768
1627529701663000,1,3440.00000000,0.00001764
1627529733383000,0,97.85184900,0.00001766
1627529753763000,0,97.90725800,0.00001766
1627529795499000,1,27.39596100,0.00001766
1627529819435000,0,1659.12369400,0.00001766
1627529875702000,0,207.26259400,0.00001766
1627529896707000,1,2768.00000000,0.00001766
1627529896726000,1,0.62654000,0.00001766
1627529964081000,0,97.61143400,0.00001766
1627530042492000,0,33.17187600,0.00001768
1627530064081000,0,978.64541700,0.00001767
1627530108270000,1,97.00000000,0.00001767
1627530108300000,1,0.60357000,0.00001767
1627530120993000,1,1690.58029118,0.00001765
1627530120993000,1,10989.18934298,0.00001765
1627530129029000,0,97.60357000,0.00001765
1627530149897000,0,83.38528000,0.00001766
1627530150252000,0,95.75998700,0.00001766
1627530190972000,0,97.71416900,0.00001764
1627530212082000,0,97.76956200,0.00001764
1627530232840000,0,11.51182600,0.00001764
1627530314273000,0,28.77742500,0.00001765
1627530334420000,0,39.88501900,0.00001766
1627530402770000,0,33.22791400,0.00001766
1627530448952000,0,500.00000000,0.00001767
1627530485691000,0,1218.04000000,0.00001767
1627530505272000,0,1702.95044100,0.00001767
1627530526021000,1,574.00000000,0.00001767
1627530526055000,1,123.78787500,0.00001767
1627530545685000,0,269.13000000,0.00001768
1627530546245000,0,97.61966200,0.00001768
1627530546368000,0,73.09834000,0.00001768
1627530567246000,0,195.23932400,0.00001768
1627530710659000,0,39.80059800,0.00001768
1627530763303000,0,37.98506300,0.00001768
1627530769109000,0,31.09280300,0.00001768
1627530772258000,0,44.08326600,0.00001768
1627530793906000,0,97.46583800,0.00001768
1627530855616000,0,231.38863900,0.00001767
1627530875584000,0,34.89352600,0.00001767
1627530976377000,0,166.08164700,0.00001769
1627531017775000,0,16.80244700,0.00001769
1627531017894000,0,38.30849000,0.00001769
1627531038631000,0,97.54596300,0.00001769
1627531047535000,0,555.97102600,0.00001769
1627531080382000,0,97.54596300,0.00001769
1627531082984000,0,48.77270100,0.00001769
1627531083081000,0,165.97113600,0.00001769
1627531125005000,0,165.99164200,0.00001768
1627531145841000,0,201.25000000,0.00001768
1627531189991000,0,28.72676400,0.00001767
1627531190106000,0,97.63482000,0.00001767
1627531254409000,0,97.58018900,0.00001769
1627531276574000,0,16.54307800,0.00001768
1627531303170000,0,1691.14220000,0.00001767
1627531339185000,0,95.56574200,0.00001769
1627531353106000,0,23.89615700,0.00001768
1627531359638000,0,432.30240000,0.00001768
1627531359718000,0,14.26387500,0.00001768
1627531363442000,0,87.06090000,0.00001768
1627531376225000,0,256.17920000,0.00001767
1627531380568000,0,54.57248200,0.00001767
1627531422819000,0,22.84940200,0.00001766
1627531422921000,0,11.50045500,0.00001766
1627531444705000,1,97.00000000,0.00001766
1627531445876000,1,0.78023800,0.00001766
1627531458779000,0,4392.20000000,0.00001767
1627531458779000,0,1694.08947997,0.00001767
1627531458779000,0,4235.05292028,0.00001767
1627531509856000,0,386.51765600,0.00001767
1627531515282000,0,55.54742200,0.00001767
1627531573787000,0,37.26599100,0.00001769
1627531574562000,0,97.78023800,0.00001769
1627531638029000,0,95.46153900,0.00001768
1627531638230000,0,154.38617800,0.00001768
1627531658605000,0,56.81959600,0.00001766
1627531673422000,0,1470.63043500,0.00001767
1627531701954000,0,11.49061700,0.00001766
1627531715325000,1,1686.81359084,0.00001764
1627531715444000,1,19.40040000,0.00001763
1627531715447000,1,10945.22234821,0.00001763
1627531715447000,1,2814.77765179,0.00001763
1627531715451000,1,79.00880000,0.00001763
1627531715452000,1,26.69910000,0.00001763
1627531715469000,1,34.10980000,0.00001763
1627531715469000,1,1262.64744082,0.00001763
1627531716268000,0,410.06708000,0.00001763
1627531728128000,0,1689.98161072,0.00001762
1627531728128000,0,1914.52448928,0.00001762
1627531728144000,0,4224.95402680,0.00001762
1627531728793000,0,40260.00000000,0.00001764
1627531728793000,0,4392.00000000,0.00001764
1627531765221000,0,797.00000000,0.00001764
1627531807019000,0,99.52730000,0.00001765
1627531848090000,0,82.61677700,0.00001767
1627531871357000,0,1327.26323300,0.00001766
1627531892288000,0,195.15131400,0.00001766
1627531902590000,0,5613.17230601,0.00001766
1627531902635000,0,4229.07258866,0.00001766
1627531913110000,0,97.57565700,0.00001767
1627531913279000,0,497.56400800,0.00001767
1627532018267000,0,1689.58655026,0.00001767
1627532018267000,0,4223.96636974,0.00001767
1627532018338000,0,0.00000592,0.00001767
1627532039114000,0,14.03231300,0.00001768
1627532083022000,0,97.30918600,0.00001769
1627532110480000,0,414.36080500,0.00001769
1627532121285000,0,16.57345400,0.00001769
1627532121541000,0,33.54540000,0.00001769
1627532126174000,0,43.77805000,0.00001769
1627532132402000,0,138.24304800,0.00001769
1627532190911000,0,97.28898700,0.00001769
1627532236453000,1,14.35320700,0.00001768
1627532275600000,0,97.29629500,0.00001767
1627532275723000,0,49.69113100,0.00001767
1627532336480000,0,7111.00000000,0.00001766
1627532337229000,0,0.58894663,0.00001766
1627532338255000,1,32.55740737,0.00001766
1627532358413000,0,12.08169500,0.00001766
1627532369400000,0,1685.30092932,0.00001765
1627532369400000,0,7108.91801768,0.00001765
1627532398966000,1,486.87561200,0.00001766
1627532464107000,0,97.35135800,0.00001766
1627532464214000,0,12.59529200,0.00001766
1627532464313000,0,27.27147200,0.00001766
1627532526618000,0,19.14844000,0.00001767
1627532547499000,0,97.29911900,0.00001767
1627532567931000,1,1451.60541300,0.00001765
1627532568032000,0,32.90533400,0.00001767
1627532589971000,0,194.59823800,0.00001766
1627532613402000,1,97.00000000,0.00001766
1627532613403000,1,0.35421400,0.00001766
1627532632956000,0,97.35421400,0.00001767
1627532655679000,0,33.11349400,0.00001766
1627532697630000,0,194.59823800,0.00001767
1627532697733000,0,33.09475400,0.00001767
1627532747034000,0,92.01260500,0.00001767
1627532794125000,1,33.11349400,0.00001767
1627532794125000,1,3440.00000000,0.00001767
1627532794125000,1,96.88650600,0.00001767
1627532805901000,0,95.29939400,0.00001768
1627532821900000,1,0.41261300,0.00001767
1627532871808000,1,165.00000000,0.00001768
1627532933720000,0,15.88970000,0.00001770
1627532933720000,0,50.18762300,0.00001770
1627532997783000,0,66.00274400,0.00001770
1627533062969000,0,16.26509200,0.00001768
1627533063069000,1,1772.73100800,0.00001766
1627533104225000,0,97.03524400,0.00001768
1627533190804000,0,97.14457500,0.00001766
1627533232605000,0,16.54349300,0.00001768
1627533233296000,1,97.08959800,0.00001767
1627533233296000,1,37.91040200,0.00001767
1627533233331000,1,0.40756200,0.00001767
1627533274384000,0,16.52478900,0.00001768
1627533274978000,0,96.98095200,0.00001768
1627533344970000,0,97.04422700,0.00001767
1627533361695000,0,28.67272500,0.00001766
1627533382923000,0,37.74315600,0.00001766
1627533383029000,0,19.11043000,0.00001766
1627533404511000,0,992.98666300,0.00001765
1627533449734000,0,85.52900400,0.00001766
1627533467297000,0,97.25584100,0.00001766
1627533467415000,0,46.37504800,0.00001766
1627533532191000,0,33.10627700,0.00001767
1627533574313000,0,97.14569900,0.00001767
1627533574412000,0,49.65913800,0.00001767
1627533596041000,1,97.00000000,0.00001766
1627533596079000,1,0.09072100,0.00001766
1627533615652000,0,22.00000000,0.00001766
1627533658188000,0,97.14569900,0.00001767
1627533678666000,0,66.17508300,0.00001767
1627533706041000,0,128.41084300,0.00001768
1627533768157000,1,29.30027600,0.00001770
1627533768157000,1,43.69972400,0.00001770
1627533768159000,1,0.34193700,0.00001770
1627533821796000,0,14.94349300,0.00001770
1627533847790000,0,165.15730500,0.00001770
1627533910592000,0,131.71009200,0.00001772
1627533920450000,0,1469.95936600,0.00001771
1627533931721000,0,66.02561900,0.00001770
1627533952585000,0,96.81676300,0.00001770
1627534014300000,0,16.51545300,0.00001768
1627534029109000,0,458.72382800,0.00001768
1627534096112000,0,1673.45085316,0.00001768
1627534096112000,0,3496.80577884,0.00001768
1627534117649000,0,209.19361300,0.00001768
1627534139678000,0,97.03580600,0.00001766
1627534172794000,1,97.03580600,0.00001766
1627534172794000,1,1667.96419400,0.00001766
1627534172826000,1,0.01003100,0.00001766
1627534181601000,1,404.00000000,0.00001766
1627534181732000,1,0.44618300,0.00001766
1627534202297000,0,49.58157900,0.00001766
1627534203197000,0,97.09072100,0.00001766
1627534214709000,0,244.21252200,0.00001766
1627534224160000,0,122.83642300,0.00001765
1627534352020000,0,16.86041000,0.00001767
1627534392943000,0,97.09072100,0.00001767
1627534434062000,0,17.97496500,0.00001767
1627534477346000,0,363.52685900,0.00001767
1627534539064000,0,818.34430100,0.00001768
1627534559888000,0,97.09072100,0.00001768
1627534575640000,0,115.86941900,0.00001767
1627534601366000,0,62.51167400,0.00001767
1627534601480000,0,97.03580600,0.00001767
1627534603422000,0,94.56539800,0.00001767
1627534642903000,0,33.04592900,0.00001767
1627534684846000,0,49.56833800,0.00001766
1627534709181000,1,32.93862900,0.00001766
1627534709181000,1,47.06137100,0.00001766
1627534709228000,1,0.62108600,0.00001766
1627534737189000,1,97.00000000,0.00001767
1627534737193000,1,0.09072100,0.00001767
1627534749299000,0,97.09072100,0.00001767
1627534752818000,0,3342.90927900,0.00001767
1627534752818000,0,5845.80027100,0.00001767
1627534796609000,0,91.86296600,0.00001768
1627534812377000,1,16.19250472,0.00001767
1627534814334000,1,0.33045928,0.00001767
1627534814685000,0,97.03580600,0.00001768
1627534818865000,0,1677.39927669,0.00001767
1627534818865000,0,1262.43563231,0.00001767
1627534835552000,0,97.03580600,0.00001768
1627534856167000,0,66.05392100,0.00001766
1627534936846000,1,97.09072100,0.00001766
1627534940361000,0,330.27016200,0.00001767
1627534982657000,0,97.09072100,0.00001767
1627534982779000,0,23.13381400,0.00001767
1627535003277000,0,97.03580600,0.00001767
1627535045050000,0,66.09685100,0.00001766
1627535045181000,0,13.81315400,0.00001766
1627535065725000,0,115.79452800,0.00001766
1627535111548000,1,32.42238958,0.00001766
1627535117736000,1,0.66168142,0.00001766
1627535130339000,0,22.23387300,0.00001768
1627535171715000,0,38.20978600,0.00001768
1627535171973000,0,16.54578100,0.00001768
1627535175941000,0,41.33331100,0.00001768
1627535199305000,0,905.96588100,0.00001767
1627535234824000,0,97.09072100,0.00001767
1627535255414000,0,16.55958300,0.00001765
1627535262949000,0,138.10879100,0.00001765
1627535361499000,0,97.14569900,0.00001766
1627535382908000,0,97.14569900,0.00001764
1627535390424000,0,791.59350000,0.00001764
1627535390424000,0,1097.88643600,0.00001765
1627535425307000,1,95.00000000,0.00001764
1627535425339000,1,0.25667900,0.00001764
1627535472193000,1,3192.00000000,0.00001763
1627535472372000,1,248.00000000,0.00001763
1627535487960000,0,33.08629200,0.00001765
1627535488073000,0,11.45344300,0.00001765
1627535509466000,0,97.25584100,0.00001765
1627535518734000,0,46.02017300,0.00001766
1627535524546000,0,3776.59846000,0.00001766
1627535580525000,0,75.33151300,0.00001768
1627535699016000,0,96.85588000,0.00001771
1627535769668000,1,27.64584000,0.00001772
1627535769668000,1,628.25382500,0.00001771
1627535769668000,1,3440.00000000,0.00001771
1627535850101000,1,82.00000000,0.00001774
1627535850142000,1,0.37615200,0.00001774
1627535908836000,0,4373.20000000,0.00001775
1627536011483000,0,1675.09048102,0.00001777
1627536011483000,0,1077.10841898,0.00001777
1627536076642000,1,20.22434300,0.00001776
1627536094128000,1,13.14339400,0.00001776
1627536242304000,0,659.92315800,0.00001775
1627536396801000,0,96.97164300,0.00001776
1627536415633000,0,91.53053900,0.00001776
1627536458941000,0,128.42474800,0.00001777
1627536459043000,0,1463.07631100,0.00001777
1627536479991000,0,19.09033700,0.00001777
1627536500782000,0,150.46689800,0.00001777
1627536565334000,0,1679.49839307,0.00001775
1627536565334000,0,1618.25786693,0.00001775
1627536571517000,0,96.86384100,0.00001775
1627536606462000,1,19.14498700,0.00001775
1627536669044000,0,15.97112100,0.00001775
1627536732528000,0,660.29936400,0.00001775
1627536796374000,0,97.03896800,0.00001772
1627536817411000,0,14.01728600,0.00001772
1627536879221000,0,95.04351800,0.00001773
1627536923474000,0,32.98607600,0.00001772
1627536944932000,0,11.44952000,0.00001772
1627536965391000,0,83.61021100,0.00001773
1627537157578000,0,65.95114000,0.00001770
1627537178877000,0,96.87423300,0.00001771
1627537199096000,0,19.37212900,0.00001771
1627537231534000,0,96.87143100,0.00001770
1627537544473000,0,340.87331900,0.00001773
1627537680098000,0,1996.46660600,0.00001773
1627537760156000,0,76.16387000,0.00001772
1627537808776000,0,94.48044800,0.00001772
1627537808883000,0,1645.43237400,0.00001772
1627537860516000,1,65.78807500,0.00001773
1627537870885000,1,228.81921300,0.00001772
1627537888028000,0,7028.26773243,0.00001772
1627537888028000,0,1668.15683395,0.00001772
1627537888028000,0,4170.39225362,0.00001772
1627537968999000,1,192.52008600,0.00001778
1627538009463000,0,471.45793700,0.00001775
1627538028882000,0,12.01947500,0.00001775
1627538046045000,0,82.10977700,0.00001775
1627538066885000,0,33.31068700,0.00001774
1627538066990000,0,173.51781200,0.00001774
1627538125742000,1,63.91659700,0.00001774
1627538151944000,1,2933.00000000,0.00001772
1627538158822000,0,96.26729100,0.00001774
1627538215658000,0,163.88187300,0.00001772
1627538215767000,0,254.62935100,0.00001772
1627538216582000,0,96.43027100,0.00001772
1627538221907000,0,2925.05850500,0.00001772
1627538221907000,0,3467.01871300,0.00001772
1627538423491000,1,96.26729100,0.00001780
1627538487371000,0,1662.72745748,0.00001776
1627538487371000,0,216.16459452,0.00001776
1627538498578000,0,96.10541800,0.00001776
1627538607607000,0,96.19129000,0.00001775
1627538626148000,1,1661.85656833,0.00001773
1627538635253000,0,25.36541900,0.00001775
1627538652725000,0,1661.22609604,0.00001775
1627538652725000,0,4152.95989176,0.00001775
1627538653344000,0,4444.50000000,0.00001776
1627538653344000,0,22185.50000000,0.00001776
1627538653363000,0,1488.00000000,0.00001776
1627538729227000,0,1659.00000000,0.00001777
1627538768161000,1,6938.32970000,0.00001774
1627538803597000,0,25.81693000,0.00001775
1627539046570000,1,96.41234700,0.00001772
1627539046570000,1,15.58765300,0.00001772
1627539046605000,1,0.98938400,0.00001772
1627539068202000,0,1666.57795139,0.00001771
1627539068202000,0,4167.68775017,0.00001771
1627539074184000,0,328.20521300,0.00001772
1627539096479000,0,1053.02319900,0.00001771
1627539135540000,0,66.47800200,0.00001771
1627539190274000,0,1666.51617826,0.00001771
1627539200078000,1,653.00000000,0.00001770
1627539265415000,0,96.30365200,0.00001773
1627539318083000,0,1669.00000000,0.00001773
1627539318104000,0,0.54844084,0.00001773
1627539325235000,0,26.80714800,0.00001774
1627539387273000,0,96.31931800,0.00001773
1627539407933000,0,192.62353000,0.00001773
1627539408031000,0,16.42129200,0.00001773
1627539428661000,0,32.86110800,0.00001772
1627539452187000,0,32.86110800,0.00001772
1627539493333000,0,41.09071300,0.00001772
1627539514458000,0,96.45771800,0.00001770
1627539538612000,0,96.56671000,0.00001770
1627539549261000,0,1673.32569976,0.00001769
1627539565708000,0,34.56740800,0.00001770
1627539583890000,1,18.06724200,0.00001770
1627539604657000,1,16.46061800,0.00001770
1627539625549000,0,417.93342100,0.00001770
1627539639150000,0,1671.07462732,0.00001770
1627539648607000,0,96.56671000,0.00001770
1627539683384000,0,1095.00000000,0.00001768
1627539683384000,0,5950.41019550,0.00001768
1627539725724000,1,38.62235900,0.00001768
1627539731717000,0,96.67594800,0.00001768
1627539731833000,0,32.28745900,0.00001768
1627539752313000,0,1697.63718700,0.00001768
1627539773715000,0,96.62129800,0.00001768
1627539836533000,0,22.89448500,0.00001769
1627539845196000,0,132.52000000,0.00001769
1627539847308000,1,24.15518400,0.00001768
1627539901525000,0,12.36112800,0.00001770
1627539910294000,0,137.36691500,0.00001769
1627539930783000,0,1671.26159150,0.00001768
1627539930783000,0,4178.15397876,0.00001768
1627540024836000,0,165.63000000,0.00001768
1627540028873000,0,39.44019100,0.00001767
1627540035370000,0,1634.08730245,0.00001767
1627540035370000,0,4182.69380755,0.00001767
1627540035381000,0,0.00000768,0.00001767
1627540074176000,0,96.79159600,0.00001767
1627540074386000,0,27.49700500,0.00001767
1627540081453000,1,1672.00000000,0.00001765
1627540081490000,1,0.70435101,0.00001765
1627540180247000,0,96.79271900,0.00001766
1627540205815000,1,65.96162800,0.00001766
1627540263131000,0,1024.60866500,0.00001767
1627540323435000,1,1675.18860237,0.00001764
1627540324968000,0,16.49068400,0.00001765
1627540346407000,1,362.00000000,0.00001764
1627540346463000,1,0.79894700,0.00001764
1627540389082000,1,510.60424100,0.00001764
1627540390214000,0,96.90289900,0.00001765
1627540458204000,1,82.00000000,0.00001765
1627540458235000,1,0.48625200,0.00001765
1627540568846000,0,3609.45199800,0.00001769
1627540598659000,0,96.73800300,0.00001768
1627540622634000,1,3292.00000000,0.00001768
1627540622684000,1,0.48134000,0.00001768
1627540635376000,1,1471.00000000,0.00001768
1627540635404000,1,0.25083500,0.00001768
1627540675114000,0,50.36265500,0.00001769
1627540686265000,0,108.63565300,0.00001769
1627540688890000,1,457.19601100,0.00001768
1627540698057000,0,484.11886800,0.00001767
1627540709390000,0,96.73800300,0.00001767
1627540721017000,0,781.53880900,0.00001767
1627540746344000,1,138.00000000,0.00001767
1627540746385000,1,0.12722000,0.00001767
1627540764983000,0,330.52376000,0.00001769
1627540783186000,0,1053.87218700,0.00001769
1627540793489000,0,98.81554400,0.00001769
1627540803999000,0,3440.00000000,0.00001768
1627540803999000,0,400.00000000,0.00001768
1627540803999000,0,250.00000000,0.00001768
1627540803999000,0,632.23559500,0.00001768
1627540813936000,1,11.94724500,0.00001767
1627540841639000,1,180.00000000,0.00001766
1627540841656000,1,0.44868100,0.00001766
1627540847919000,0,31.93229800,0.00001766
1627540856971000,0,32.31630100,0.00001766
1627540867980000,0,410.34274700,0.00001765
1627540878144000,0,33.30775200,0.00001765
1627540893234000,0,117.93272800,0.00001764
1627540899379000,0,100.63322700,0.00001764
1627540926928000,0,4190.20745467,0.00001764
1627540953596000,1,75.88985400,0.00001765
1627540977853000,0,183.46587100,0.00001765
1627540982668000,1,2401.55443000,0.00001763
1627540982677000,1,0.00000800,0.00001763
1627540985181000,0,96.79078300,0.00001764
1627540985282000,0,17.28811000,0.00001764
1627541001259000,0,250.35613600,0.00001763
1627541005948000,0,96.79078300,0.00001763
1627541019555000,0,52.85308100,0.00001763
1627541019555000,0,149.17380200,0.00001763
1627541029989000,0,4366.00000000,0.00001763
1627541047905000,0,96.90058500,0.00001763
1627541068572000,0,16.50660200,0.00001764
1627541106466000,0,137.85278300,0.00001763
1627541110660000,0,167.78655700,0.00001763
1627541118499000,0,96.97340300,0.00001763
1627541131927000,0,96.84565300,0.00001764
1627541136754000,0,156.17524600,0.00001764
1627541196243000,1,193.00000000,0.00001763
1627541196284000,1,0.69243000,0.00001763
1627541216419000,0,1676.00000000,0.00001763
1627541216502000,0,0.22555799,0.00001763
1627541292810000,1,13.78276700,0.00001764
1627541309839000,0,617.79567000,0.00001765
1627541324319000,0,96.73653700,0.00001765
1627541324510000,0,1648.49887800,0.00001765
1627541329625000,0,254.90541900,0.00001765
1627541368587000,0,17.82073200,0.00001764
1627541399789000,1,96.00000000,0.00001764
1627541399857000,1,0.84139400,0.00001764
1627541400250000,0,55.03850000,0.00001765
1627541453571000,0,20.21808700,0.00001764
1627541475279000,0,95.88560200,0.00001763
1627541481537000,0,660.95628600,0.00001763
1627541499411000,1,96.88560200,0.00001763
1627541499411000,1,33.11439800,0.00001763
1627541499438000,1,0.69439400,0.00001763
1627541517916000,0,19.13209700,0.00001764
1627541527761000,0,1892.44767800,0.00001764
1627541547742000,0,60.55215500,0.00001764
1627541561349000,0,14.35074000,0.00001764
1627541583576000,1,94.00000000,0.00001764
1627541584301000,1,0.94831800,0.00001764
1627541584301000,1,16.50549100,0.00001764
1627541606080000,0,96.83071000,0.00001762
1627541606183000,0,57.39043400,0.00001762
1627541622663000,1,427.00000000,0.00001762
1627541622693000,1,0.37148600,0.00001762
1627541629359000,0,186.13020000,0.00001763
1627541672895000,0,26.00000000,0.00001765
1627541682026000,0,367.49977700,0.00001765
1627541721652000,0,347.71760200,0.00001764
1627541772098000,1,11.47871100,0.00001765
1627541772098000,1,96.87401100,0.00001765
1627541785898000,0,70.04900000,0.00001766
1627541801921000,0,11.97498800,0.00001767
1627541823281000,0,65.99032300,0.00001765
1627541858586000,0,46.48861100,0.00001767
1627541874842000,1,22.16707700,0.00001767
1627541874842000,1,19.50367500,0.00001767
1627541886822000,0,27.51633200,0.00001766
1627541907625000,0,330.11695900,0.00001766
1627541918478000,1,1379.00000000,0.00001766
1627541929909000,0,96.76436300,0.00001767
1627541944594000,1,0.88892200,0.00001766
1627541960017000,0,37.71652300,0.00001766
1627541966791000,0,190.59625000,0.00001766
1627541987428000,0,110.45344400,0.00001767
1627541990642000,1,38.22080000,0.00001766
1627541991908000,1,0.00006000,0.00001766
1627542004645000,0,37.78240100,0.00001767
1627542010469000,0,190.69761000,0.00001767
1627542016449000,0,29.97658500,0.00001767
1627542030403000,1,3440.00000000,0.00001765
1627542080237000,0,459.56367800,0.00001766
1627542080428000,0,36.78524600,0.00001766
1627542093727000,0,190.63397900,0.00001766
1627542096694000,0,38.66950000,0.00001766
1627542096722000,0,6861.99089468,0.00001766
1627542096722000,0,4196.16563885,0.00001766
1627542096722000,0,1678.27959677,0.00001766
1627542129972000,1,3440.00000000,0.00001765
1627542132028000,0,45.96740100,0.00001766
1627542165259000,0,55.87369900,0.00001767
1627542173807000,0,468.21900000,0.00001767
1627542186718000,0,17.43511100,0.00001767
1627542228611000,0,33.04465600,0.00001768
1627542244260000,1,15.89832800,0.00001766
1627542244260000,1,477.10167200,0.00001766
1627542258843000,0,165.98942400,0.00001767
1627542291948000,0,14.40597000,0.00001768
1627542319363000,1,1669.95773587,0.00001769
1627542334195000,0,48.39664000,0.00001769
1627542334401000,0,165.03804000,0.00001769
1627542385914000,0,39.55673100,0.00001767
1627542391837000,0,44.35884400,0.00001767
1627542433192000,1,91.00000000,0.00001767
1627542433214000,1,0.66916300,0.00001767
1627542557435000,0,1201.00000000,0.00001771
1627542560267000,0,1672.58292700,0.00001771
1627542560267000,0,4181.45731749,0.00001771
1627542560267000,0,3440.00000000,0.00001772
1627542560267000,0,4439.14566751,0.00001772
1627542585764000,0,400.00000000,0.00001770
1627542585764000,0,113.98316200,0.00001771
1627542607089000,0,96.64858100,0.00001770
1627542607212000,0,20.88199600,0.00001770
1627542647747000,0,49.33016600,0.00001771
1627542668507000,0,32.84970700,0.00001771
1627542752502000,0,96.53949700,0.00001772
1627542757837000,0,249.54713800,0.00001771
1627542774069000,0,96.59400900,0.00001771
1627542774199000,0,64.75162100,0.00001771
1627542848347000,0,1669.46617781,0.00001774
1627542848347000,0,4173.66544451,0.00001774
1627542986904000,0,11.40272300,0.00001773
1627542998983000,1,100.00000000,0.00001773
1627542998985000,1,0.54767000,0.00001773
1627543028536000,0,16.83518600,0.00001772
1627543049081000,0,422.02758100,0.00001771
1627543049192000,0,13.72659600,0.00001771
1627543080750000,0,94.18075500,0.00001771
1627543110519000,0,22.88947100,0.00001771
1627543126269000,0,82.40220800,0.00001770
1627543288473000,1,500.00000000,0.00001768
1627543334852000,1,12.21779100,0.00001770
1627543357755000,0,329.05228700,0.00001770
1627543505192000,1,50.28430400,0.00001768
1627543582498000,0,96.64858100,0.00001770
1627543612157000,0,41.71562900,0.00001770
1627543707075000,0,96.65453700,0.00001770
1627543707178000,0,32.07705200,0.00001770
1627543707280000,0,23.87798700,0.00001770
1627543727317000,0,96.70914400,0.00001770
1627543747809000,0,24.02126800,0.00001769
1627543768697000,0,28.33056300,0.00001769
1627543789612000,0,263.39518200,0.00001769
1627543805235000,0,159.38000000,0.00001769
1627543838935000,1,1019.62783700,0.00001766
1627543850735000,0,18.37473200,0.00001768
1627543850939000,0,97.73168100,0.00001768
1627543883275000,0,15.48288000,0.00001767
1627543883544000,0,96.76381300,0.00001767
1627543906957000,1,91.00000000,0.00001767
1627543907008000,1,0.87366200,0.00001767
1627543913548000,0,96.86154000,0.00001768
1627544206634000,0,96.84805900,0.00001767
1627544248785000,0,276.18040900,0.00001767
1627544267070000,0,70.99770200,0.00001767
1627544268106000,0,93.92805900,0.00001767
1627544268239000,0,15.60249400,0.00001767
1627544268441000,0,12.70847800,0.00001767
1627544474228000,0,1678.07849296,0.00001766
1627544705205000,0,96.91546500,0.00001767
1627544722106000,0,96.91546500,0.00001767
1627544722224000,0,36.25730900,0.00001767
1627544722602000,0,18.41307100,0.00001767
1627544722916000,0,835.00000000,0.00001767
1627544761696000,0,4189.46481249,0.00001767
1627544761696000,0,1231.53518751,0.00001767
1627544761798000,0,444.35512267,0.00001767
1627544785301000,0,20.85125800,0.00001768
1627544805302000,0,16.30678200,0.00001768
1627544805474000,0,38.25747400,0.00001768
1627544817130000,0,681.36922100,0.00001767
1627544825941000,0,96.91490300,0.00001767
1627544867701000,0,96.91490300,0.00001767
1627544867902000,0,2564.80097300,0.00001767
1627544867902000,0,7083.44553392,0.00001767
1627544867902000,0,237.78809508,0.00001767
1627544879819000,0,55.26073500,0.00001767
1627544888146000,0,177.70786800,0.00001767
1627544907012000,0,5368.00000000,0.00001766
1627544907018000,0,1724.24602387,0.00001766
1627544907018000,0,1678.78836356,0.00001766
1627544956767000,1,101.00000000,0.00001766
1627544956790000,1,0.72123500,0.00001766
1627544957458000,1,1577.00000000,0.00001765
1627545010761000,0,53.12947800,0.00001767
1627545011144000,0,13.69663800,0.00001767
1627545031265000,0,118.69806900,0.00001766
1627545061637000,1,16.48079700,0.00001766
1627545073976000,0,96.84862100,0.00001766
1627545095005000,0,26.92777100,0.00001766
1627545100404000,0,2163.90234100,0.00001766
1627545115643000,0,38.24917200,0.00001766
1627545125492000,0,266.46000000,0.00001767
1627545191348000,0,718.23329500,0.00001766
1627545198928000,0,49.46983300,0.00001766
1627545204171000,1,3440.00000000,0.00001764
1627545204171000,1,1560.00000000,0.00001764
1627545233008000,1,28.72227000,0.00001766
1627545234604000,0,64.47216400,0.00001766
1627545263539000,1,32.29354200,0.00001766
1627545263539000,1,2000.00000000,0.00001766
1627545320608000,0,29.30791800,0.00001766
1627545322612000,0,23.58045600,0.00001766
1627545342570000,0,32.97092600,0.00001766
1627545357908000,0,46.04712600,0.00001766
1627545383315000,0,553.93237100,0.00001766
1627545383514000,0,79.64659200,0.00001766
1627545405602000,0,98.93966600,0.00001767
1627545425734000,0,65.92263300,0.00001767
1627545466763000,0,1500.00000000,0.00001766
1627545632552000,0,96.98471800,0.00001765
1627545642632000,0,1585.61734153,0.00001765
1627545642632000,0,2489.38265847,0.00001765
1627545642639000,0,1080.00000000,0.00001765
1627545642640000,0,638.80535771,0.00001765
1627545678164000,0,1682.31773586,0.00001767
1627545678164000,0,3101.68226414,0.00001767
1627545678208000,0,1101.73996720,0.00001767
1627545850178000,1,1680.85524731,0.00001766
1627545905305000,0,840.35000000,0.00001766
1627545926044000,1,1682.00000000,0.00001763
1627545926047000,1,0.07524507,0.00001763
1627545939999000,0,16.49947200,0.00001764
1627545948786000,0,374.26180000,0.00001763
1627545960490000,0,194.30582600,0.00001764
1627545973692000,0,92.42863800,0.00001764
1627546001426000,0,1617.95607100,0.00001764
1627546001537000,0,19.18545100,0.00001764
1627546060537000,0,46.26906300,0.00001763
1627546105946000,0,1396.83304800,0.00001762
1627546108108000,0,290.93178745,0.00001762
1627546108108000,0,7122.23356294,0.00001762
1627546108108000,0,4220.97191856,0.00001762
1627546108108000,0,7118.18035738,0.00001763
1627546108108000,0,10973.09977277,0.00001763
1627546108108000,0,678.13260090,0.00001764
1627546112486000,0,118.67063492,0.00001764
1627546125033000,0,19.14543500,0.00001764
1627546167352000,0,97.38413100,0.00001763
1627546191768000,0,41.67194900,0.00001763
1627546209188000,0,370.45199200,0.00001762
1627546269211000,0,76.75975600,0.00001763
1627546290088000,0,809.70660500,0.00001764
1627546310866000,0,105.04154000,0.00001763
1627546325456000,0,5018.00000000,0.00001763
1627546325497000,0,2924.00000000,0.00001763
1627546325540000,0,6197.00000000,0.00001763
1627546337797000,1,1690.09678752,0.00001763
1627546337797000,1,6901.29992248,0.00001763
1627546337862000,1,29.74541900,0.00001763
1627546337928000,1,4221.68869534,0.00001763
1627546411172000,0,36.76951200,0.00001764
1627546415596000,0,195.00259600,0.00001764
1627546415694000,0,18.56461200,0.00001764
1627546436475000,0,107.20109300,0.00001763
1627546581309000,0,195.00265800,0.00001762
1627546601629000,0,97.55663300,0.00001761
1627546601727000,0,66.03681100,0.00001761
1627546622277000,0,97.61203200,0.00001761
1627546631659000,0,3764.00000000,0.00001761
1627546631728000,0,461.06609355,0.00001761
1627546662871000,0,21.51406800,0.00001763
1627546683835000,0,19.85948200,0.00001763
1627546683956000,0,26.84637600,0.00001763
1627546726500000,0,185.20440500,0.00001762
1627546746483000,0,16.54036100,0.00001762
1627546768581000,0,165.29178000,0.00001761
1627546830999000,0,165.29790100,0.00001764
1627546831122000,0,45.29556400,0.00001764
1627546872336000,0,123.76419300,0.00001765
1627546892937000,0,11.51641300,0.00001765
1627546931670000,0,75.84655500,0.00001764
1627546933552000,0,93.02721000,0.00001764
1627546953681000,0,18.54575100,0.00001764
1627546987971000,1,499.02243500,0.00001762
1627547015434000,0,54.49513000,0.00001764
1627547035352000,0,259.38542000,0.00001763
1627547056612000,0,22.20424100,0.00001763
1627547076947000,0,28.83454000,0.00001763
1627547124345000,0,27.80465500,0.00001762
1627547158079000,0,19.58309800,0.00001761
1627547179493000,0,195.05102900,0.00001762
1627547243207000,0,97.48171300,0.00001762
1627547284292000,0,33.11967200,0.00001762
1627547363122000,0,37.36167100,0.00001763
1627547363353000,0,287.58128000,0.00001763
1627547402338000,0,2930.00000000,0.00001761
1627547407775000,0,194.66592600,0.00001761
1627547455211000,1,1853.00000000,0.00001762
1627547560951000,0,99.13972300,0.00001763
1627547639521000,1,39.10206700,0.00001763
1627547678475000,0,194.59273800,0.00001763
1627547755747000,0,7117.64060838,0.00001763
1627547755747000,0,3440.00000000,0.00001763
1627547755747000,0,4221.31502765,0.00001763
1627547755747000,0,3693.22358097,0.00001763
1627547799184000,0,97.44350600,0.00001760
1627547799742000,0,739.11670100,0.00001760
1627547903581000,0,80.47393200,0.00001761
1627547967169000,0,231.65981800,0.00001761
1627548009770000,1,97.42997900,0.00001761
1627548209077000,0,47.91179800,0.00001762
1627548217546000,0,18.48890500,0.00001762
1627548299647000,0,97.19113400,0.00001764
1627548591726000,0,48.14962700,0.00001765
1627548672687000,1,391.33530000,0.00001765
1627548672698000,1,0.00003300,0.00001765
1627548811371000,0,924.27444300,0.00001763
1627548882366000,0,500.10606920,0.00001763
1627548903696000,1,49.55162200,0.00001763
1627548903696000,1,26.44837800,0.00001763
1627548903732000,1,0.38084900,0.00001763
1627548924468000,1,110.00000000,0.00001762
1627548924525000,1,0.95774200,0.00001762
1627548958693000,0,268.15532700,0.00001760
1627548982429000,0,83.03931300,0.00001761
1627548985887000,0,617.15519300,0.00001761
1627549092387000,0,46.35289600,0.00001762
1627549129486000,0,106.01314900,0.00001763
1627549154799000,0,97.21023100,0.00001762
1627549173385000,0,12.87982500,0.00001762
1627549175396000,0,23.16273700,0.00001762
1627549196265000,0,925.36500400,0.00001762
1627549238463000,0,97.24850200,0.00001762
1627549258928000,0,24.78633900,0.00001762
1627549280747000,0,97.22653300,0.00001764
1627549300928000,0,63.05586600,0.00001764
1627549342080000,0,165.15020000,0.00001764
1627549518148000,0,39.19400014,0.00001765
1627549522146000,0,39.19577769,0.00001765
1627549527687000,0,97.09829300,0.00001765
1627549588966000,0,193.97665800,0.00001766
1627549666086000,1,96.00000000,0.00001766
1627549666133000,1,0.98832900,0.00001766
1627549754066000,0,329.73874700,0.00001765
1627549755590000,0,95.28691600,0.00001765
1627549803111000,0,645.56658400,0.00001765
1627549841829000,1,1674.00000000,0.00001770
1627549841834000,1,0.31515035,0.00001770
1627549869945000,0,13825.00000000,0.00001770
1627549870875000,0,3751.00000000,0.00001770
1627549873195000,0,486.00000000,0.00001770
1627549876721000,0,96.60783400,0.00001770
1627549889035000,0,10861.00000000,0.00001772
1627549896875000,1,750.43986000,0.00001770
1627549905764000,0,1673.79129868,0.00001771
1627549952457000,0,214.45148000,0.00001771
1627550019608000,1,7019.85180000,0.00001768
1627550104339000,0,82.40197900,0.00001767
1627550143150000,0,96.90289900,0.00001766
1627550143277000,0,50.20000000,0.00001766
1627550148170000,0,45.93203700,0.00001766
1627550206556000,0,30.45174200,0.00001766
1627550207263000,0,96.90289900,0.00001766
1627550248762000,0,96.90289900,0.00001765
1627550260864000,0,230.14567000,0.00001765
1627550269800000,0,66.65555700,0.00001764
1627550281001000,0,1677.78844946,0.00001764
1627550281001000,0,4194.47112366,0.00001764
1627550331703000,0,641.00000000,0.00001766
1627550331717000,0,546.00000000,0.00001766
1627550331764000,0,487.57314649,0.00001766
1627550331764000,0,1586.42685351,0.00001766
1627550369161000,1,110.45640400,0.00001767
1627550369161000,1,96.54359600,0.00001767
1627550409665000,0,53.89382600,0.00001769
1627550410654000,0,121.15979900,0.00001769
1627550437696000,1,6949.79550000,0.00001768
1627550456998000,1,0.30446300,0.00001767
1627550495661000,0,96.79328100,0.00001768
1627550536374000,0,96.79328100,0.00001769
1627550599813000,0,96.73856400,0.00001769
1627550725468000,0,96.73856400,0.00001769
1627550725600000,0,71.02932800,0.00001769
1627550915014000,0,141.28254100,0.00001770
1627550933367000,0,39.49872600,0.00001770
1627550953603000,0,92.04829900,0.00001770
1627551015165000,0,98.62301900,0.00001770
1627551035974000,0,16.43735400,0.00001769
1627551057602000,1,100.00000000,0.00001769
1627551057655000,1,0.67376000,0.00001769
1627551079538000,0,96.68391000,0.00001770
1627551183256000,0,227.55378800,0.00001770
1627551247098000,0,386.87929600,0.00001769
1627551257240000,0,1652.00000000,0.00001768
1627551266940000,0,193.47712800,0.00001768
1627551267058000,0,32.89273800,0.00001768
1627551267185000,0,184.77981300,0.00001768
1627551298262000,1,32.91134300,0.00001768
1627551307975000,0,16.44664600,0.00001768
1627551329008000,0,96.73856400,0.00001768
1627551350268000,0,164.55782500,0.00001767
1627551370774000,0,394.93889100,0.00001768
1627551411934000,0,263.42255000,0.00001767
1627551412602000,0,19.13290500,0.00001767
1627551443416000,1,3440.00000000,0.00001764
1627551501845000,0,197.67337200,0.00001766
1627551507108000,1,3440.00000000,0.00001764
1627551661042000,1,96.00000000,0.00001766
1627551661135000,1,0.95780200,0.00001766
1627551786049000,0,96.73856400,0.00001769
1627551810785000,1,1672.00000000,0.00001765
1627551825230000,0,3440.00000000,0.00001763
1627551828409000,0,1675.00000000,0.00001763
1627551888851000,0,164.67475800,0.00001763
1627551910457000,0,97.04696300,0.00001761
1627551911770000,1,1672.48763066,0.00001759
1627551912143000,0,21693.00000000,0.00001760
1627551959302000,0,7500.00000000,0.00001760
1627551972113000,0,291.00000000,0.00001761
1627551972375000,1,20.83660700,0.00001759
1627551977268000,1,1499.94930000,0.00001760
1627551978600000,1,1499.94930000,0.00001760
1627551994899000,1,266.77337600,0.00001759
1627552073162000,0,465.00000000,0.00001756
1627552073186000,0,0.74312036,0.00001756
1627552081417000,1,17.01913333,0.00001756
1627552098620000,1,12.00000000,0.00001755
1627552101227000,0,1664.00000000,0.00001757
1627552101260000,0,0.11778184,0.00001757
1627552110988000,1,1499.94930000,0.00001757
1627552202791000,0,492.27557800,0.00001759
1627552206408000,1,3440.00000000,0.00001757
1627552237246000,1,1738.00000000,0.00001759
1627552240723000,1,0.81243000,0.00001759
1627552355120000,1,2000.00000000,0.00001759
1627552464845000,0,1668.99402877,0.00001759
1627552464845000,0,3480.00597123,0.00001759
1627552549355000,1,1670.00000000,0.00001758
1627552557482000,0,96.62607100,0.00001759
1627552560671000,0,193.19724100,0.00001759
1627552636530000,1,3440.00000000,0.00001757
1627552684519000,0,1833.36703200,0.00001759
1627552686775000,1,1671.14108641,0.00001757
1627552743414000,0,170.57363400,0.00001759
1627552804396000,0,6193.00000000,0.00001758
1627552808261000,0,20.62718900,0.00001759
1627552810867000,0,32.78656500,0.00001759
1627552867794000,0,4156.40000000,0.00001760
1627552867794000,0,3440.00000000,0.00001760
1627552867794000,0,1670.89358186,0.00001760
1627552867794000,0,7047.79167818,0.00001760
1627552868435000,1,1670.00000000,0.00001759
1627552868456000,1,0.25453620,0.00001759
1627553116279000,1,99.00000000,0.00001759
1627553124244000,0,226.64739600,0.00001760
1627553817892000,0,2403.00000000,0.00001760
1627553878905000,0,96.60049600,0.00001756
1627553879013000,0,327.68103800,0.00001756
1627553920674000,0,16.40232800,0.00001758
1627553962506000,0,96.62212200,0.00001759
1627554049007000,1,328.00000000,0.00001756
1627554228440000,0,15.51500000,0.00001759
1627554262819000,0,2542.37029200,0.00001761
1627554481632000,0,183.36391800,0.00001763
1627554585898000,0,883.22211400,0.00001762
1627554626343000,0,294.03529800,0.00001762
1627554822345000,0,96.66083900,0.00001760
1627554865450000,0,19.36464300,0.00001760
1627554908802000,0,19.00087800,0.00001760
1627554909515000,0,229.37388500,0.00001760
1627554973061000,0,96.72512900,0.00001760
1627554994152000,0,56.97995400,0.00001760
1627554994272000,0,28.82687100,0.00001760
1627555036278000,1,1675.00000000,0.00001759
1627555163004000,0,96.86329800,0.00001761
1627555268935000,1,96.00000000,0.00001761
1627555268937000,1,0.77362900,0.00001761
1627555463369000,0,95.39540200,0.00001762
1627555623764000,0,58.22404900,0.00001764
1627555699449000,0,96.89516800,0.00001764
1627555705333000,0,80.04653900,0.00001764
1627555725308000,0,96.89573100,0.00001764
1627555767495000,0,96.90734100,0.00001763
1627555810885000,0,33.37777100,0.00001763
1627555851583000,0,38.79995300,0.00001762
1627555933410000,1,97.00000000,0.00001761
1627555933493000,1,0.09349100,0.00001761
1627555934716000,0,97.01867000,0.00001761
1627555976682000,0,18.44985500,0.00001762
1627555999125000,0,65.56497700,0.00001762
1627555999383000,0,96.95558000,0.00001762
1627556020890000,0,96.95558000,0.00001762
1627556033741000,1,7065.29653010,0.00001759
1627556033741000,1,4290.40000000,0.00001759
1627556033741000,1,3440.00000000,0.00001759
1627556033741000,1,1677.73874392,0.00001759
1627556033741000,1,400.00000000,0.00001759
1627556033741000,1,4194.92029383,0.00001759
1627556033741000,1,37837.00000000,0.00001758
1627556033741000,1,7065.36144455,0.00001758
1627556033741000,1,11100.00000000,0.00001758
1627556033741000,1,10908.36929598,0.00001758
1627556033741000,1,24758.66369162,0.00001757
1627556043647000,0,97.01063700,0.00001761
1627556150142000,0,97.01063700,0.00001761
1627556171551000,0,97.01063700,0.00001761
1627556255531000,0,14.07390900,0.00001761
1627556277783000,0,329.01036600,0.00001761
1627556307555000,0,22.25808281,0.00001763
1627556318452000,1,19.12349200,0.00001762
1627556406556000,0,16.19205000,0.00001762
1627556406973000,0,96.97867500,0.00001762
1627556432835000,0,80.99272300,0.00001762
1627556627970000,0,3685.47400800,0.00001765
1627556984874000,0,96.75227400,0.00001766
1627557196540000,1,1000.00000000,0.00001768
1627557495924000,0,96.73990900,0.00001766
1627557625798000,0,96.73990900,0.00001766
1627557625998000,0,96.84120500,0.00001766
1627557646422000,0,96.73990900,0.00001766
1627557655670000,0,165.94330800,0.00001766
1627557666310000,0,31.89694200,0.00001765
1627557667538000,0,164.09077700,0.00001765
1627557889172000,0,82.29634700,0.00001766
1627557911178000,0,193.36245800,0.00001766
1627557943553000,0,96.73597500,0.00001766
1627557986037000,0,27.55343100,0.00001766
1627558070540000,0,16.39630900,0.00001766
1627558134842000,0,96.73597500,0.00001766
1627558275146000,0,2946.97517800,0.00001766
1627558280688000,0,12.27081000,0.00001765
1627558306406000,0,203.77723000,0.00001765
1627558306616000,0,32.79705900,0.00001765
1627558313231000,0,165.37972200,0.00001765
1627558327465000,0,96.79078300,0.00001765
1627558327650000,0,38.18311000,0.00001765
1627558335799000,1,399.18914885,0.00001763
1627558340406000,0,46.14453100,0.00001765
1627558348529000,0,131.26312200,0.00001765
1627558366210000,0,475.21241200,0.00001765
1627558429111000,0,95.10311800,0.00001765
1627558433317000,0,19.12125600,0.00001765
1627558522056000,1,15.05516200,0.00001764
1627558522056000,1,96.84565300,0.00001764
1627558604133000,0,15.97416700,0.00001764
1627558668484000,0,97.08995500,0.00001766
1627558731671000,0,97.20636300,0.00001766
1627558773002000,0,97.15131900,0.00001765
1627558773260000,0,16.49290500,0.00001765
1627558773363000,0,18.55472600,0.00001765
1627558814612000,0,990.41787700,0.00001765
1627558836030000,0,15.14580800,0.00001766
1627558869607000,0,2260.75996200,0.00001766
1627558879657000,0,97.12049200,0.00001766
1627558879905000,0,36.47190300,0.00001766
1627558921343000,0,20.33523000,0.00001766
1627559045552000,0,739.14419200,0.00001766
1627559094829000,0,199.05456200,0.00001768
1627559115476000,0,97.42317200,0.00001767
1627559158102000,0,18.44990400,0.00001768
1627559233269000,0,391.33530000,0.00001770
1627559233434000,0,391.33530000,0.00001770
1627559233503000,0,1295.73526956,0.00001770
1627559233503000,0,1204.26473044,0.00001770
1627559233520000,0,2405.18070756,0.00001770
1627559248618000,1,1690.00000000,0.00001768
1627559265774000,0,33.15921300,0.00001770
1627559308105000,0,1006.00000000,0.00001767
1627559308266000,0,168.38909800,0.00001767
1627559349711000,0,97.51692600,0.00001769
1627559391410000,0,84.75653600,0.00001769
1627559401948000,1,391.33530000,0.00001768
1627559401949000,1,901.86820000,0.00001768
1627559401957000,1,88.24740000,0.00001768
1627559412361000,0,97.51636400,0.00001768
1627559435265000,0,1687.98490320,0.00001767
1627559475371000,0,97.39404900,0.00001767
1627559517699000,0,97.53294200,0.00001766
1627559562079000,1,1690.97636204,0.00001764
1627559601320000,0,97.50384800,0.00001765
1627559608651000,0,1690.00000000,0.00001765
1627559608697000,0,0.28900412,0.00001765
1627559687269000,0,413.82375100,0.00001764
1627559687465000,0,28.81331400,0.00001764
1627559710529000,1,623.00000000,0.00001764
1627559710570000,1,0.70854700,0.00001764
1627559750470000,0,97.43749000,0.00001765
1627559750740000,0,194.55035200,0.00001765
1627559815203000,0,826.59105500,0.00001765
1627559859167000,0,97.48360300,0.00001765
1627559859363000,0,16.54113200,0.00001765
1627559870792000,0,489.65126500,0.00001765
1627559966105000,0,682.18287300,0.00001764
1627560332008000,0,1694.00000000,0.00001766
1627560332011000,0,0.65243005,0.00001766
1627560332011000,0,1693.34756995,0.00001766
1627560332017000,0,1694.00000000,0.00001766
1627560338746000,0,1694.68412544,0.00001766
1627560338746000,0,3183.31587456,0.00001766
1627560494282000,0,29.89890500,0.00001764
1627560662891000,0,97.73749000,0.00001764
1627561001128000,1,100.00000000,0.00001765
1627561001262000,1,0.84319200,0.00001765
1627561034559000,0,1102.00000000,0.00001764
1627561034595000,0,1407.99176200,0.00001764
1627561096822000,1,34.31000000,0.00001763
1627561112647000,1,3405.00000000,0.00001763
1627561376020000,0,199.10220000,0.00001765
1627561376126000,0,0.00009300,0.00001765
1627561398006000,1,1547.44993100,0.00001765
1627561400808000,1,187.70336823,0.00001765
1627561426811000,1,18.34453000,0.00001766
1627561480670000,1,98.30370200,0.00001766
1627561540574000,1,3440.00000000,0.00001766
1627561566357000,1,1696.98007817,0.00001766
1627561567079000,1,4244.04846878,0.00001765
1627561567079000,1,1696.95153122,0.00001765
1627561891445000,1,950.00000000,0.00001768
1627561891484000,1,0.71780600,0.00001768
1627561954211000,1,3440.00000000,0.00001767
1627561954211000,1,1417.50468000,0.00001767
1627562207759000,1,99.00000000,0.00001767
1627562207818000,1,0.30978500,0.00001767
1627562249027000,1,7095.96470000,0.00001767
1627562739952000,0,32.54540000,0.00001766
1627562739959000,0,1077.30430000,0.00001766
1627562739974000,0,33.69590000,0.00001766
1627562740047000,0,103.00000000,0.00001766
1627562746281000,0,3346.00000000,0.00001768
1627562746290000,0,889.41611039,0.00001768
1627562746290000,0,1693.30349221,0.00001768
1627562746290000,0,11005.86447607,0.00001768
1627562752387000,0,249.00000000,0.00001769
1627562752392000,0,3923.50000000,0.00001769
1627562798512000,0,1438.04869300,0.00001770
1627562798512000,0,4999.95130700,0.00001770
1627562838348000,1,79.13864900,0.00001769
1627562952236000,0,1687.00000000,0.00001771
1627562952314000,0,0.73730747,0.00001771
1627562952314000,0,109.26269253,0.00001771
1627562952495000,0,4110.08057614,0.00001771
1627563038243000,0,22.87875417,0.00001771
1627563052630000,1,1000.00000000,0.00001770
1627563120485000,0,7119.00000000,0.00001770
1627563304952000,0,4685.28000000,0.00001771
1627563676448000,0,97.38480300,0.00001770
1627563694031000,1,300.00000000,0.00001769
1627563758010000,0,3445.00000000,0.00001770
1627563815676000,0,930.32074400,0.00001771
1627563864350000,1,1487.22840800,0.00001768
1627564002273000,0,29.10595500,0.00001773
1627564038920000,1,56.16246400,0.00001772
1627564143451000,0,198.14030000,0.00001773
1627564143466000,0,97.96060000,0.00001773
1627564143496000,0,1389.13746419,0.00001773
1627564161532000,0,4207.33298024,0.00001776
1627564161532000,0,1682.61736901,0.00001776
1627564161532000,0,10936.18864320,0.00001776
1627564180440000,0,3737.50000000,0.00001777
1627564230479000,1,706.28994100,0.00001776
1627564726434000,0,21.35033259,0.00001776
1627565112858000,0,96.80407600,0.00001776
1627565465323000,0,152.84000000,0.00001776
1627565780164000,1,933.34000000,0.00001778
1627565819102000,0,3859.80000000,0.00001781
1627565819102000,0,6906.14580000,0.00001781
1627565819102000,0,3440.00000000,0.00001781
1627565819102000,0,31168.64000000,0.00001782
1627565819102000,0,10850.85757448,0.00001782
1627565819102000,0,400.00000000,0.00001782
1627565819102000,0,4172.18741767,0.00001782
1627565819102000,0,1668.55888708,0.00001782
1627565819102000,0,890.00000000,0.00001783
1627565819102000,0,11100.00000000,0.00001783
1627565819102000,0,4311.09032077,0.00001783
1627565891193000,0,50.00000000,0.00001780
1627565898315000,0,3440.00000000,0.00001780
1627565910922000,0,3859.80000000,0.00001781
1627565910922000,0,3440.00000000,0.00001781
1627565910922000,0,126.00011229,0.00001781
1627566199557000,1,6856.22070000,0.00001778
1627566199557000,1,201.27545461,0.00001777
1627566199559000,1,7054.71529365,0.00001777
1627566304342000,0,96.62346700,0.00001778
1627566407221000,0,16.47740300,0.00001779
1627566407492000,0,96.77837800,0.00001779
1627566427187000,0,96.77837800,0.00001779
1627566447427000,0,359.32998200,0.00001779
1627566631140000,1,96.00000000,0.00001776
1627566631218000,1,0.94185500,0.00001776
1627566652883000,0,23.14244300,0.00001777
1627566673332000,0,17.94404600,0.00001777
1627566675932000,1,752.00000000,0.00001775
1627566675934000,1,2688.00000000,0.00001775
1627566696004000,0,40.81234000,0.00001777
1627566772547000,0,92.46765100,0.00001776
1627566777346000,0,132.19500200,0.00001777
1627566858825000,0,94.89570600,0.00001778
1627567025942000,0,96.77028500,0.00001778
1627567155983000,1,3440.00000000,0.00001775
1627567155983000,1,6945.68390000,0.00001775
1627567155983000,1,7057.67005833,0.00001775
1627567155986000,0,1676.76327724,0.00001775
1627567156107000,0,5879.88276443,0.00001775
1627567541478000,0,11.45795400,0.00001776
1627568225443000,0,96.79907700,0.00001776
1627568243378000,0,193.05433800,0.00001776
1627568397004000,0,221.00000000,0.00001777
1627568583547000,1,770.00000000,0.00001776
1627568583611000,1,0.73302400,0.00001776
1627568683937000,0,388.24507800,0.00001778
1627568746296000,0,97.16155200,0.00001777
1627568954141000,0,1418.55199300,0.00001779
1627569002280000,1,95.00000000,0.00001777
1627569002389000,1,0.09008400,0.00001777
1627569012871000,1,412.00000000,0.00001775
1627569015347000,0,38.30205100,0.00001777
1627569094831000,1,96.00000000,0.00001776
1627569098556000,0,1363.00000000,0.00001777
1627569103118000,1,0.82697700,0.00001776
1627569103118000,1,3440.00000000,0.00001776
1627569118909000,0,96.90049800,0.00001777
1627569157027000,0,381.00000000,0.00001778
1627569232295000,0,6500.00000000,0.00001779
1627569232295000,0,3440.00000000,0.00001779
1627569232295000,0,1677.53541863,0.00001779
1627569232295000,0,4193.46458137,0.00001779
1627569347499000,1,193.00000000,0.00001778
1627569352959000,1,0.89226400,0.00001778
1627569352959000,1,194.10773600,0.00001778
1627569352994000,1,0.75394800,0.00001778
1627569388864000,0,97.08513400,0.00001778
1627569496463000,1,3440.00000000,0.00001777
1627569684426000,0,4423.00000000,0.00001780
1627569996076000,0,96.76219800,0.00001778
1627570040520000,1,693.42350000,0.00001775
1627570220663000,0,265.80570200,0.00001776
1627570387806000,0,16.39933700,0.00001774
1627570392825000,1,3440.00000000,0.00001772
1627570448944000,0,339.48537700,0.00001773
1627570488873000,0,97.01030300,0.00001774
1627570695195000,0,97.03436100,0.00001773
1627570807943000,0,132.89000000,0.00001773
1627570817707000,0,52.00509500,0.00001773
1627570848809000,1,1674.00000000,0.00001773
1627570848815000,1,0.84844553,0.00001773
1627571026247000,0,209.52830700,0.00001774
1627571043316000,0,97.05238800,0.00001774
1627571043435000,0,29.62441300,0.00001774
1627571083904000,0,97.03436100,0.00001774
1627571145454000,0,43.08552100,0.00001773
1627571246736000,0,97.03436100,0.00001773
1627571287805000,0,48.07073400,0.00001772
1627571300170000,1,3440.00000000,0.00001770
1627571302487000,1,3440.00000000,0.00001769
1627571302487000,1,1677.75766051,0.00001769
1627571358779000,1,1675.62224013,0.00001769
1627571407310000,1,3440.00000000,0.00001769
1627571410001000,0,16.37310200,0.00001770
1627571425730000,1,3440.00000000,0.00001768
1627571456077000,1,29.10599800,0.00001770
1627571475295000,0,96.87983800,0.00001770
1627571567985000,1,38.71864400,0.00001771
1627571567985000,1,24.91265600,0.00001771
1627571568002000,1,0.00009700,0.00001771
1627571578363000,0,51.92901300,0.00001771
1627571622239000,1,19.00524500,0.00001770
1627571622239000,1,6000.00000000,0.00001770
1627571622239000,1,7048.25993450,0.00001770
1627571622239000,1,193.73031900,0.00001770
1627571622239000,1,1673.65691501,0.00001770
1627571639484000,0,94.90145100,0.00001772
1627571694245000,1,1221.64553100,0.00001771
1627571694245000,1,96.35446900,0.00001771
1627571706095000,0,1674.46275476,0.00001772
1627571706224000,0,63.63120000,0.00001773
1627571706299000,0,97.08500000,0.00001773
1627571706309000,0,10718.11183476,0.00001773
1627571706309000,0,4183.57291314,0.00001773
1627571706878000,0,1672.95288143,0.00001774
1627571711445000,1,400.00000000,0.00001773
1627571731945000,0,1671.00000000,0.00001774
1627571752246000,0,0.53615484,0.00001774
1627571801809000,0,194.10900600,0.00001774
1627571801925000,0,104.63407800,0.00001774
1627571822408000,0,43.06624900,0.00001774
1627571843078000,0,36.98300000,0.00001774
1627571844674000,0,84.23248600,0.00001774
1627571893141000,1,95.00000000,0.00001774
1627571893373000,1,0.15163800,0.00001774
1627571907009000,1,6500.00000000,0.00001773
1627571912916000,1,7060.40680349,0.00001772
1627571912916000,1,18985.59319651,0.00001772
1627571925419000,0,11.51615500,0.00001774
1627571951786000,1,927.00000000,0.00001774
1627571951932000,1,0.93482400,0.00001774
1627572173710000,0,96.71973400,0.00001776
1627572318235000,0,101.52460000,0.00001775
1627572509003000,0,96.69036200,0.00001775
1627572524383000,0,16.19248700,0.00001774
1627572544971000,0,104.40430800,0.00001775
1627572565983000,0,96.74651300,0.00001775
1627572607485000,0,28.71527200,0.00001775
1627572678344000,0,18.75504200,0.00001773
1627572932994000,0,15.38287200,0.00001774
1627573016813000,0,96.79937100,0.00001774
1627573033714000,0,26.21401800,0.00001772
1627573037665000,0,96.79937100,0.00001772
1627573098737000,0,96.90862500,0.00001773
1627573202053000,0,95.05234400,0.00001772
1627573242487000,0,101.84227700,0.00001773
1627573275097000,0,96.93794000,0.00001772
1627573407840000,0,96.99264500,0.00001772
1627573511436000,1,136.00000000,0.00001773
1627573570866000,0,96.88329600,0.00001774
1627573611030000,0,94.94518200,0.00001774
1627573631326000,0,374.69272900,0.00001774
1627573632273000,0,96.88329600,0.00001774
1627573654504000,0,51.40870000,0.00001774
1627573676798000,0,53.57340200,0.00001774
1627573677063000,0,11.46904000,0.00001774
1627573700700000,0,96.88329600,0.00001774
1627573720864000,0,11.95094600,0.00001774
1627574336401000,0,16.61410600,0.00001771
1627574399634000,0,97.04685200,0.00001771
1627574541912000,0,97.28952600,0.00001769
1627574542075000,0,19.18245200,0.00001769
1627574542125000,1,4281.90000000,0.00001767
1627574542125000,1,1681.69870531,0.00001767
1627574549852000,1,10931.00000000,0.00001766
1627574551732000,1,0.79221580,0.00001766
1627574606184000,0,3440.00000000,0.00001767
1627574606184000,0,3746.70000000,0.00001767
1627574606184000,0,1429.30000000,0.00001767
1627574763511000,1,3440.00000000,0.00001765
1627574763511000,1,7089.94330002,0.00001765
1627574763511000,1,1685.05669998,0.00001765
1627574896046000,0,1949.05952300,0.00001767
1627574916637000,0,596.38026100,0.00001767
1627575026807000,1,1685.00000000,0.00001767
1627575026856000,1,0.65831464,0.00001767
1627575309360000,1,1686.00000000,0.00001766
1627575309365000,1,0.93181284,0.00001766
1627575433424000,1,1687.00000000,0.00001766
1627575482424000,0,1480.90926200,0.00001767
1627575565656000,0,472.71158600,0.00001767
1627575872008000,1,1682.76827027,0.00001769
1627575872008000,1,4205.23172973,0.00001769
1627576100446000,0,97.29291400,0.00001769
1627576214488000,0,179.41336311,0.00001767
1627576252931000,0,102.53098901,0.00001767
1627576258701000,0,610.00000000,0.00001767
1627576375871000,1,1686.00000000,0.00001767
1627576375899000,1,0.59081513,0.00001767
1627576756848000,1,45.60000000,0.00001767
1627577294823000,0,15.95340000,0.00001769
1627577342561000,1,7100.42588504,0.00001769
1627577342561000,1,1278.57411496,0.00001769
1627577342564000,1,407.49520949,0.00001769
1627577447134000,0,329.48879900,0.00001766
1627577613646000,1,6000.00000000,0.00001767
1627577748313000,1,1689.00337154,0.00001768
1627577763168000,1,1689.49451700,0.00001767
1627577764661000,0,301.09000000,0.00001768
1627577830609000,1,1689.00000000,0.00001767
1627577830611000,1,0.15350813,0.00001767
1627578665813000,0,133.98000000,0.00001768
1627578925382000,0,44.97777600,0.00001768
1627579062244000,0,465.18535900,0.00001769
1627579187809000,0,16.96832500,0.00001768
1627579225497000,0,13.60127700,0.00001768
1627579424813000,0,46.73387400,0.00001769
1627579456166000,0,61.75971800,0.00001769
1627579467467000,0,138.74018100,0.00001769
1627579497936000,0,97.64864100,0.00001769
1627579498045000,0,32.69710300,0.00001769
1627579548906000,0,467.21366800,0.00001769
1627580228337000,0,23.00847700,0.00001772
1627580271221000,0,23.96760000,0.00001772
1627581119983000,1,1684.00000000,0.00001771
1627581169897000,0,1099.18593700,0.00001772
1627581407068000,0,95.19985200,0.00001776
1627581496568000,0,1712.00000000,0.00001777
1627581498418000,0,0.02055300,0.00001777
1627581598822000,0,79.71521317,0.00001780
1627581676114000,1,195.00000000,0.00001779
1627581744123000,1,3519.00000000,0.00001781
1627581803075000,1,97.08500000,0.00001781
1627581803110000,1,1683.79735165,0.00001781
1627581803110000,1,4209.57928629,0.00001781
1627581803110000,1,10945.21180149,0.00001781
1627581803504000,1,4131.29717000,0.00001780
1627582308292000,0,194.16441600,0.00001782
1627582495425000,1,1938.40813900,0.00001779
1627582649138000,0,97.13671800,0.00001780
1627583087164000,1,1682.00000000,0.00001784
1627583093997000,1,11380.00000000,0.00001784
1627583094017000,1,0.37237300,0.00001784
1627583204723000,0,95.00000000,0.00001784
1627583410219000,0,3440.00000000,0.00001784
1627583410219000,0,7094.40064820,0.00001784
1627583410301000,1,7094.40064820,0.00001784
1627583410665000,1,1739.60990000,0.00001784
1627583410709000,1,5631.58880360,0.00001784
1627583946457000,0,3440.00000000,0.00001784
1627583946457000,0,7105.41134434,0.00001784
1627583946457000,0,4388.50000000,0.00001784
1627583946457000,0,1687.96903763,0.00001784
1627583946457000,0,4219.80425638,0.00001784
1627583946457000,0,400.00000000,0.00001784
1627583946457000,0,10973.10925625,0.00001784
1627583946565000,1,7105.41134434,0.00001784
1627583946572000,1,39629.79476106,0.00001784
1627584136643000,1,3805.00000000,0.00001780
1627584136644000,1,0.50000000,0.00001780
1627584185215000,0,153.59000000,0.00001782
1627584187756000,0,401.06000000,0.00001782
1627584247849000,0,46700.00000000,0.00001783
1627584247849000,0,7106.37936178,0.00001783
1627584247849000,0,3440.00000000,0.00001783
1627584247849000,0,4276.20000000,0.00001783
1627584247849000,0,4222.98213770,0.00001783
1627584247849000,0,1689.14342253,0.00001783
1627584247849000,0,10979.43224646,0.00001783
1627584247950000,1,535.86283153,0.00001783
1627584386912000,0,3440.00000000,0.00001782
1627584386912000,0,1690.10710863,0.00001782
1627584386912000,0,3440.00000000,0.00001783
1627584386912000,0,7114.67040222,0.00001783
1627584386912000,0,4276.20000000,0.00001783
1627584386912000,0,30123.65000000,0.00001783
1627584386912000,0,868.00000000,0.00001783
1627584386912000,0,10991.34574543,0.00001783
1627584386912000,0,1689.23445864,0.00001783
1627584387032000,1,7114.67040222,0.00001783
1627584387081000,1,5360.50960000,0.00001783
1627584387081000,1,2841.61228286,0.00001783
1627584443639000,1,1689.00000000,0.00001781
1627584553467000,1,22.57366700,0.00001781
1627584644061000,1,16.69075900,0.00001781
1627584697366000,1,1527.00000000,0.00001782
1627584697437000,1,161.46589789,0.00001782
1627584839220000,1,873.00000000,0.00001782
1627585324998000,0,140.39000000,0.00001784
1627585420424000,1,202.30700000,0.00001783
1627585441117000,1,11.64868300,0.00001783
1627585475626000,0,7099.00000000,0.00001785
1627585475845000,1,23.63710200,0.00001784
1627585509599000,0,0.76840122,0.00001785
1627585509599000,0,7092.48715507,0.00001785
1627585519748000,1,1069.18593700,0.00001784
1627585561744000,1,2364.00000000,0.00001785
1627585787564000,1,19.46999600,0.00001784
1627585813450000,0,80.00000000,0.00001784
1627585827133000,0,4165.00000000,0.00001786
1627585966792000,1,200.00000000,0.00001784
1627585984427000,1,907.00000000,0.00001784
1627585986930000,1,4893.00000000,0.00001784
1627585992482000,1,3440.00000000,0.00001784
1627586030327000,0,466.00000000,0.00001787
1627586091922000,1,40.99340900,0.00001785
1627586097440000,1,19.30628700,0.00001786
1627586161564000,1,100.00000000,0.00001786
1627586201425000,1,244.82496100,0.00001786
1627586209385000,0,7064.86390796,0.00001788
1627586209385000,0,4165.00000000,0.00001788
1627586286783000,1,68.35085200,0.00001786
1627586309080000,1,355.00000000,0.00001786
1627586353916000,1,114.32317700,0.00001785
1627586422250000,1,60.18950000,0.00001786
1627586436926000,1,1701.00000000,0.00001786
1627586486058000,1,3440.00000000,0.00001787
1627586643820000,1,1400.00000000,0.00001787
1627586774684000,1,91.00000000,0.00001788
1627586877998000,1,1149.88550900,0.00001790
1627586940593000,1,1678.00000000,0.00001791
1627586940616000,1,0.47691938,0.00001791
1627587018796000,1,1677.00000000,0.00001793
1627587018825000,1,0.00022115,0.00001793
1627587171520000,0,57.61590000,0.00001795
1627587194734000,0,1671.87832100,0.00001798
1627587194734000,0,4355.50000000,0.00001798
1627587199576000,0,4355.50000000,0.00001800
1627587214829000,0,43.90110000,0.00001800
1627587214855000,0,0.00004300,0.00001800
1627587214855000,0,4355.50000000,0.00001801
1627587215289000,1,58.96207900,0.00001801
1627587221598000,1,86.93543921,0.00001803
1627587240957000,1,1666.82077030,0.00001801
1627587243101000,0,400.00000000,0.00001801
1627587251669000,1,1669.03869673,0.00001800
1627587311292000,1,1671.15598182,0.00001798
1627587317368000,1,3839.10000000,0.00001796
1627587335068000,1,1673.23620998,0.00001795
1627587335068000,1,3440.00000000,0.00001795
1627587335068000,1,3839.10000000,0.00001795
1627587335068000,1,7045.49882160,0.00001795
1627587365219000,0,133.48000000,0.00001796
1627587434738000,0,4315.60000000,0.00001799
1627587554860000,0,3980.00000000,0.00001801
1627587659695000,1,4157.70000000,0.00001800
1627587659695000,1,1669.38496063,0.00001800
1627587675349000,0,3440.00000000,0.00001801
1627587678665000,1,66.98400200,0.00001801
1627587821573000,0,3440.00000000,0.00001798
1627587833537000,1,1452.72141768,0.00001797
1627587864943000,1,3440.00000000,0.00001797
1627587891838000,1,3440.00000000,0.00001797
1627587962301000,0,13.88861600,0.00001796
1627588017857000,0,400.00000000,0.00001795
1627588017857000,0,1081.97423300,0.00001796
1627588087187000,1,25.92605400,0.00001796
1627588140910000,0,2443.00000000,0.00001799
1627588140919000,0,1537.70000000,0.00001799
1627588150379000,0,7026.46495999,0.00001800
1627588150379000,0,400.00000000,0.00001800
1627588150379000,0,3439.53504001,0.00001800
1627588168066000,0,3729.90000000,0.00001801
1627588181348000,0,3729.00000000,0.00001802
1627588181366000,0,0.90000000,0.00001802
1627588185677000,0,3729.90000000,0.00001803
1627588190654000,0,67.11270000,0.00001804
1627588190654000,0,4932.88730000,0.00001804
1627588190687000,0,2074.64351682,0.00001804
1627588190730000,0,111.66230000,0.00001805
1627588191088000,0,3440.00000000,0.00001806
1627588191134000,0,724.41582767,0.00001806
1627588191134000,0,1665.76633107,0.00001806
1627588191395000,0,10826.25871446,0.00001807
1627588206569000,1,1664.54560000,0.00001805
1627588206772000,1,4161.83163000,0.00001804
1627588206948000,1,0.00000332,0.00001804
1627588206948000,1,1499.99999668,0.00001804
1627588211429000,0,31.16952700,0.00001802
1627588211544000,0,1637.37153000,0.00001802
1627588214776000,1,4004.30000000,0.00001801
1627588344030000,0,4166.39960045,0.00001801
1627588344030000,0,833.60039955,0.00001801
1627588354718000,0,4275.00000000,0.00001803
1627588354744000,0,0.20000000,0.00001803
1627588393327000,0,3440.00000000,0.00001801
1627588477500000,1,16.04518500,0.00001803
1627588556247000,1,74.00000000,0.00001801
1627588556267000,1,0.99500800,0.00001801
1627588566621000,1,17.47752200,0.00001801
1627588566621000,1,3440.00000000,0.00001800
1627588613371000,0,50.00000000,0.00001800
1627588667071000,0,30.01851800,0.00001800
1627588678727000,0,291.08252500,0.00001800
1627588962344000,0,122.87623200,0.00001796
1627589018840000,0,82.58220800,0.00001795
1627589063971000,0,1499.51456000,0.00001795
1627589085408000,0,77.68069700,0.00001794
1627589151677000,0,7029.00000000,0.00001796
1627589151695000,0,0.06197028,0.00001796
1627589174417000,0,1668.06816429,0.00001796
1627589174417000,0,4169.94746144,0.00001796
1627589184837000,0,1667.00000000,0.00001798
1627589184882000,0,0.53475191,0.00001798
1627589184882000,0,1666.46524809,0.00001798
1627589184892000,0,1667.00000000,0.00001798
1627589266244000,0,3814.00000000,0.00001797
1627589266246000,0,3205.64435355,0.00001797
1627589285404000,1,36.88834400,0.00001797
1627589498910000,0,1094.84773000,0.00001798
1627589633544000,1,39.16690000,0.00001799
1627589644158000,1,6.99595400,0.00001799
1627589653689000,0,868.00000000,0.00001801
1627589665103000,1,1657.72039000,0.00001805
1627589689098000,0,1659.55720657,0.00001806
1627589689098000,0,4148.44279343,0.00001806
1627589689100000,0,0.45022300,0.00001806
1627589713126000,1,3440.00000000,0.00001804
1627589745686000,1,3440.00000000,0.00001809
1627589761800000,1,759.00000000,0.00001808
1627589761834000,1,3245.30000000,0.00001808
1627589763752000,1,4542.00000000,0.00001807
1627589763862000,1,9059.00000000,0.00001807
1627589763902000,1,5376.00000000,0.00001807
1627589764646000,1,4004.00000000,0.00001807
1627589965701000,0,1661.84113701,0.00001804
1627589965701000,0,4154.60283299,0.00001804
1627590163925000,1,15.93640200,0.00001802
1627590219323000,0,1659.00000000,0.00001802
1627590301433000,0,197.60000000,0.00001804
1627590352981000,0,40383.00000000,0.00001806
1627590352981000,0,4305.30000000,0.00001806
1627590352981000,0,1655.59964528,0.00001806
1627590352981000,0,4138.99911319,0.00001806
1627590385565000,0,3440.00000000,0.00001805
1627590385565000,0,400.00000000,0.00001805
1627590385565000,0,1656.94321575,0.00001805
1627590385565000,0,3440.00000000,0.00001806
1627590385565000,0,2247.29672225,0.00001806
1627590478701000,1,191.61900000,0.00001802
1627590721946000,0,95.80393300,0.00001803
1627590853291000,0,89.81012700,0.00001800
1627590991883000,1,83.75930000,0.00001801
1627591052218000,0,95.81413500,0.00001800
1627591144387000,0,3440.00000000,0.00001801
1627591144387000,0,507.70443300,0.00001801
1627591258769000,1,2073.70705000,0.00001798
1627591325390000,0,3440.00000000,0.00001801
1627591325390000,0,400.00000000,0.00001801
1627591325390000,0,1658.60254111,0.00001801
1627591325390000,0,4146.50635278,0.00001801
1627591325390000,0,6989.57077868,0.00001802
1627591325390000,0,3079.14032743,0.00001802
1627591468441000,0,95.86733500,0.00001800
1627591662157000,0,3440.00000000,0.00001801
1627591662157000,0,6992.00000000,0.00001801
1627591765282000,0,0.06778401,0.00001801
1627591765282000,0,6997.29243396,0.00001801
1627591765282000,0,3439.63978203,0.00001801
1627591851592000,0,95.86898900,0.00001801
1627592156262000,0,236.02832400,0.00001804
1627592352682000,1,106.07607800,0.00001805
1627592381029000,1,4444.30000000,0.00001804
1627592381029000,1,15947.70000000,0.00001804
1627592381034000,1,12210.00000000,0.00001804
1627592381043000,1,9838.30000000,0.00001804
1627592450026000,1,91.00000000,0.00001804
1627592450062000,1,0.56156600,0.00001804
1627592489285000,1,3941.80000000,0.00001802
1627592489955000,1,3941.80000000,0.00001801
1627592564273000,0,919.43710400,0.00001801
1627592601034000,0,320.79333200,0.00001802
1627592857967000,1,90.61609100,0.00001802
1627592857967000,1,25.20693772,0.00001802
1627592858707000,1,2.36373528,0.00001802
1627593043451000,0,4431.80000000,0.00001804
1627593064677000,0,4431.80000000,0.00001805
1627593067667000,0,37128.00000000,0.00001806
1627593067667000,0,4431.00000000,0.00001806
1627593067720000,0,0.80000000,0.00001806
1627593069826000,0,4373.00000000,0.00001807
1627593069852000,0,0.40000000,0.00001807
1627593075329000,0,4373.40000000,0.00001808
1627593078476000,0,4373.40000000,0.00001809
1627593081490000,1,987.99830000,0.00001809
1627593082535000,1,3038.11020000,0.00001809
1627593104594000,0,1236.00000000,0.00001807
1627593104765000,0,5264.00000000,0.00001807
1627593118530000,0,2699.00000000,0.00001808
1627593118572000,0,1674.40000000,0.00001808
1627593131872000,0,4373.00000000,0.00001809
1627593146877000,1,1651.73843910,0.00001810
1627593196204000,1,3941.80000000,0.00001807
1627593196204000,1,1654.21473736,0.00001807
1627593196204000,1,403.98526264,0.00001807
1627593196376000,1,3731.74252077,0.00001807
1627593196477000,1,5500.00000000,0.00001807
1627593292427000,1,95.00000000,0.00001809
1627593292478000,1,0.52238800,0.00001809
1627593320413000,1,1655.06104369,0.00001807
1627593320559000,1,485.78586591,0.00001806
1627593320607000,1,10273.92916337,0.00001806
1627593320607000,1,14476.42850684,0.00001806
1627593320644000,1,2103.35370892,0.00001806
1627593320645000,1,719.56837410,0.00001806
1627593320756000,1,2046.00315556,0.00001806
1627593320832000,1,2077.96366142,0.00001806
1627593327631000,1,476.85324778,0.00001804
1627593327676000,1,5947.10800444,0.00001804
1627593327887000,1,476.85324778,0.00001804
1627593359306000,0,3736.40000000,0.00001807
1627593367581000,0,3736.40000000,0.00001808
1627593390994000,0,3314.00000000,0.00001809
1627593410272000,0,1653.73771216,0.00001810
1627593410626000,0,2000.00000000,0.00001810
1627593410632000,0,2134.34428040,0.00001810
1627593419798000,0,1653.22136607,0.00001810
1627593496242000,0,499.47455000,0.00001813
1627593501658000,0,6449.00000000,0.00001813
1627593583951000,1,1046.00000000,0.00001805
1627593583989000,1,612.49804652,0.00001805
1627593598338000,0,95.52238800,0.00001806
1627593628723000,0,95.52238800,0.00001805
1627593631096000,1,3941.80000000,0.00001803
1627593639630000,1,1665.59932120,0.00001799
1627593647094000,1,3941.80000000,0.00001799
1627593691307000,0,1665.00000000,0.00001802
1627593711631000,1,1226.00000000,0.00001800
1627594066630000,0,1663.99935841,0.00001802
1627594066630000,0,4160.08904587,0.00001802
1627594066630000,0,6999.81838765,0.00001802
1627594066630000,0,10816.23151927,0.00001802
1627594087054000,1,4192.30000000,0.00001800
1627594232547000,0,400.00000000,0.00001802
1627594277341000,1,4192.30000000,0.00001800
1627594286676000,1,4192.30000000,0.00001799
1627594311517000,0,1668.98256356,0.00001797
1627594311517000,0,4173.85961808,0.00001797
1627594389882000,1,1149.00000000,0.00001798
1627594389883000,1,0.17428100,0.00001798
1627594452302000,0,1670.00000000,0.00001796
1627594452386000,0,0.49399113,0.00001796
1627594457976000,0,46.15699300,0.00001797
1627594511001000,0,96.19782600,0.00001798
1627594570942000,0,1668.49470283,0.00001798
1627594570942000,0,4171.23675708,0.00001798
1627594588006000,1,13.32464742,0.00001798
1627594588027000,1,0.27193158,0.00001798
1627594621701000,0,1669.00000000,0.00001797
1627594671812000,1,7011.44520000,0.00001797
1627594671812000,1,1670.73157000,0.00001797
1627594671863000,1,0.00000329,0.00001797
1627594676319000,0,1671.76583667,0.00001796
1627594676378000,1,4175.47692297,0.00001795
1627594676378000,1,4175.47692297,0.00001795
1627594676541000,1,10867.08659888,0.00001795
1627594677215000,1,4186.10582775,0.00001792
1627594677215000,1,1671.76583667,0.00001792
1627594679391000,0,400.00000000,0.00001792
1627594682754000,0,4189.45731446,0.00001793
1627594682754000,0,672.54268554,0.00001793
1627594690551000,0,5030.00000000,0.00001795
1627594690577000,0,13186.00000000,0.00001795
1627594690583000,0,25091.00000000,0.00001795
1627594690583000,0,3903.64300700,0.00001795
1627594719099000,1,6980.94520000,0.00001795
1627594733609000,0,48.34165300,0.00001797
1627594769333000,0,1098.00000000,0.00001797
1627594769374000,0,1369.00000000,0.00001797
1627594769423000,0,4538.75596766,0.00001797
1627594769423000,0,1843.24403234,0.00001797
1627594769477000,0,191.61900000,0.00001797
1627594815989000,0,4310.00000000,0.00001798
1627594816143000,0,0.50000000,0.00001798
1627594900439000,1,6981.95170000,0.00001797
1627594900439000,1,1670.46629563,0.00001797
1627594900439000,1,3847.58200437,0.00001797
1627594900488000,1,4174.67458311,0.00001797
1627594900488000,1,8825.32541689,0.00001797
1627594967914000,1,216.06972700,0.00001797
1627595059955000,0,4310.50000000,0.00001798
1627595252927000,1,4088.90000000,0.00001796
1627595344391000,1,1805.88164900,0.00001799
1627595606511000,1,3822.00000000,0.00001800
1627596009487000,1,500.00000000,0.00001805
1627596070366000,0,590.00000000,0.00001807
1627596070419000,0,2729.00000000,0.00001807
1627596124656000,1,136.96634600,0.00001807
1627596128717000,0,4310.00000000,0.00001808
1627596128858000,0,0.50000000,0.00001808
1627596132691000,0,4310.50000000,0.00001809
1627596328148000,0,1029.10529000,0.00001810
1627596328178000,0,463.00000000,0.00001810
1627596328203000,0,500.00000000,0.00001810
1627596328206000,0,2318.39471000,0.00001810
1627596376923000,0,4310.00000000,0.00001811
1627596380995000,0,4310.50000000,0.00001812
1627596383131000,0,0.17675504,0.00001813
1627596383131000,0,6956.47492556,0.00001813
1627596383131000,0,6193.34831940,0.00001813
1627596397207000,0,1653.64146204,0.00001813
1627596397887000,0,15072.00000000,0.00001814
1627596440420000,0,1653.70625958,0.00001813
1627596440420000,0,4133.29374042,0.00001813
1627596440467000,0,0.80991467,0.00001813
1627596449012000,1,1647.75297533,0.00001816
1627596463890000,0,6885.00000000,0.00001822
1627596477508000,1,1638.73407563,0.00001825
1627596477508000,1,6887.01109437,0.00001825
1627596480244000,0,1639.99796000,0.00001827
1627596480911000,0,4097.34943860,0.00001828
1627596480911000,0,1638.78879162,0.00001828
1627596486887000,0,1638.73407000,0.00001828
1627596486896000,0,0.00000563,0.00001828
1627596493525000,0,1636.94213022,0.00001831
1627596493525000,0,2363.05786978,0.00001831
1627596526795000,0,4122.00000000,0.00001835
1627596533383000,1,400.00000000,0.00001837
1627596533383000,1,104.32495610,0.00001835
1627596536014000,1,3822.00000000,0.00001838
1627596541241000,1,1499.94930000,0.00001840
1627596555577000,1,400.00000000,0.00001843
1627596555577000,1,1099.82281783,0.00001842
1627596569513000,1,9949.00000000,0.00001842
1627596569643000,1,11169.00000000,0.00001842
1627596627793000,1,397.63444303,0.00001852
1627596685835000,1,6714.89450000,0.00001837
1627596704651000,1,400.00000000,0.00001839
1627596704651000,1,6456.88580000,0.00001839
1627596720014000,0,331.00000000,0.00001839
1627596720066000,0,0.98642800,0.00001839
1627596776143000,0,6858.17211482,0.00001839
1627596776143000,0,1630.03445678,0.00001839
1627596776143000,0,4074.79342840,0.00001839
1627596776181000,0,0.29271354,0.00001839
1627596789070000,1,1000.00000000,0.00001839
1627596826932000,1,197.60000000,0.00001843
1627596827410000,1,6622.63010000,0.00001843
1627596856297000,0,1690.00000000,0.00001840
1627596856303000,0,3332.00000000,0.00001840
1627596866845000,0,1827.00000000,0.00001840
1627596866850000,0,0.60910733,0.00001840
1627596867221000,0,5392.00000000,0.00001841
1627596888875000,1,10576.37589184,0.00001838
1627596888875000,1,4067.83671582,0.00001838
1627596888875000,1,1626.25043234,0.00001838
1627596934795000,1,6697.76680000,0.00001837
1627596960414000,1,6805.21040000,0.00001833
1627596976610000,1,4087.30000000,0.00001830
1627596976610000,1,7084.96905000,0.00001830
1627596988993000,1,6727.27090000,0.00001828
1627597017926000,0,17.56236600,0.00001830
1627597017926000,0,183.36391800,0.00001830
1627597018047000,0,1634.96213706,0.00001831
1627597023715000,0,6865.89230000,0.00001832
1627597032030000,1,6739.59140000,0.00001833
1627597042267000,1,45.05456500,0.00001833
1627597098824000,0,1632.45042415,0.00001831
1627597098824000,0,2449.80714107,0.00001831
1627597098896000,0,1631.31891931,0.00001831
1627597099835000,0,3551.40282440,0.00001834
1627597124024000,0,4369.70000000,0.00001835
1627597126172000,1,15.24497900,0.00001834
1627597165396000,1,6650.69440000,0.00001837
1627597171991000,0,1627.00000000,0.00001838
1627597172037000,0,0.86872713,0.00001838
1627597184040000,0,1626.22037528,0.00001840
1627597209943000,0,1622.56910024,0.00001844
1627597209943000,0,4056.42275059,0.00001844
1627597229479000,1,6733.17530000,0.00001844
1627597240071000,1,6733.78110000,0.00001847
1627597248360000,1,1619.99288320,0.00001846
1627597249014000,1,6687.39030000,0.00001845
1627597250638000,1,7500.00000000,0.00001844
1627597250693000,1,12000.00000000,0.00001844
1627597258643000,1,6000.00000000,0.00001842
1627597258688000,1,823.99330000,0.00001842
1627597291605000,0,4056.05243820,0.00001846
1627597291605000,0,1621.94756180,0.00001846
1627597291622000,0,0.47341348,0.00001846
1627597307401000,1,38.74439300,0.00001845
1627597352397000,0,595.57891900,0.00001842
1627597363744000,1,6816.45730000,0.00001840
1627597368236000,1,4020.80000000,0.00001838
1627597395886000,1,20500.00000000,0.00001837
1627597395935000,1,11500.00000000,0.00001837
1627597396004000,1,9833.54542000,0.00001837
1627597396049000,1,2249.45458000,0.00001837
1627597396049000,1,1618.54542000,0.00001837
1627597396057000,1,2402.25458000,0.00001837
1627597401331000,1,6794.81130000,0.00001836
1627597401735000,1,4020.80000000,0.00001835
1627597437213000,0,1628.74879703,0.00001838
1627597437213000,0,4073.13100297,0.00001838
1627597463938000,1,6743.27320000,0.00001838
1627597490220000,1,6717.09080000,0.00001837
1627597564930000,0,95.82191500,0.00001837
1627597564930000,0,482.52808500,0.00001838
1627597646813000,1,354.21000000,0.00001837
1627597649698000,1,3666.59000000,0.00001837
1627597678846000,0,4072.99477566,0.00001837
1627597678846000,0,1628.81828498,0.00001837
1627597775917000,0,6846.00000000,0.00001839
1627597775948000,0,0.64699808,0.00001839
1627597791431000,0,37685.00000000,0.00001841
1627597791431000,0,4369.00000000,0.00001841
1627597791498000,0,0.70000000,0.00001841
1627597792395000,0,571.00000000,0.00001842
1627597792396000,0,2454.00000000,0.00001842
1627597794104000,0,4369.00000000,0.00001844
1627597800899000,0,2903.43012798,0.00001846
1627597804567000,0,4369.00000000,0.00001847
1627597804597000,0,0.70000000,0.00001847
1627597806724000,0,4369.00000000,0.00001849
1627597806803000,0,0.70000000,0.00001849
1627597807776000,0,1616.19744348,0.00001851
1627597807776000,0,4369.70000000,0.00001851
1627597808083000,0,1618.86469000,0.00001852
1627597810220000,0,4369.00000000,0.00001852
1627597815141000,1,6725.98000000,0.00001852
1627597818903000,1,6699.74590000,0.00001851
1627597851007000,0,6813.75364049,0.00001847
1627597851007000,0,1619.94259509,0.00001847
1627597851534000,0,6812.83322111,0.00001848
1627597851534000,0,4048.09012748,0.00001848
1627597851534000,0,4419.20000000,0.00001848
1627597851534000,0,1619.01641243,0.00001848
1627597855673000,1,1619.00000000,0.00001845
1627597857980000,1,11611.14900000,0.00001845
1627597857980000,1,6680.91600000,0.00001845
1627597858201000,1,3000.00000000,0.00001844
1627597858252000,1,1049.73363185,0.00001844
1627597858252000,1,1620.77144377,0.00001844
1627597858252000,1,829.49492438,0.00001844
1627597858312000,1,500.00000000,0.00001844
1627597858324000,1,2164.87140355,0.00001844
1627597858335000,1,7040.64103385,0.00001844
1627597863812000,0,400.00000000,0.00001841
1627597864676000,0,4419.20000000,0.00001843
1627597864676000,0,6689.70610000,0.00001843
1627597875638000,0,1623.41113668,0.00001843
1627597875638000,0,4058.52784169,0.00001843
1627597875638000,0,10552.17238839,0.00001843
1627597875638000,0,6826.87260324,0.00001843
1627597884923000,1,2552.00000000,0.00001840
1627597889377000,0,1623.46184000,0.00001841
1627597889441000,0,0.00000340,0.00001841
1627597947180000,1,20.22166666,0.00001842
1627598073156000,1,6735.84950000,0.00001840
1627598109339000,0,14.83095200,0.00001841
1627598109339000,0,585.16904800,0.00001841
1627598109535000,0,3650.33095200,0.00001841
1627598121038000,1,32.94381700,0.00001840
1627598139689000,0,939.00000000,0.00001847
1627598146386000,1,6719.45620000,0.00001845
1627598154728000,1,490.00000000,0.00001845
1627598154749000,1,1129.20706097,0.00001845
1627598301215000,1,50.00000000,0.00001843
1627598386618000,1,1585.57099000,0.00001847
1627598482735000,1,6700.06990000,0.00001846
1627598483259000,1,2003.46602916,0.00001846
1627598483350000,1,1896.72772602,0.00001846
1627598534754000,0,295.04476800,0.00001847
1627598547036000,1,21.68600900,0.00001845
1627598586753000,1,17.63837700,0.00001846
1627598648782000,0,15.91080200,0.00001846
1627598695176000,1,16.19972800,0.00001844
1627598727805000,1,329.62981600,0.00001845
1627598750096000,0,1618.54988952,0.00001846
1627598750096000,0,4045.45011048,0.00001846
1627598750106000,0,0.92461333,0.00001846
1627598780095000,1,6621.70380000,0.00001851
1627598803912000,0,4034.09330979,0.00001854
1627598803912000,0,1613.46096354,0.00001854
1627598808754000,0,6637.66460000,0.00001857
1627598813623000,0,19.31258100,0.00001858
1627598816750000,1,21338.00000000,0.00001859
1627598816759000,1,3642.68741900,0.00001859
1627598817714000,1,1608.00000000,0.00001857
1627598818602000,0,1610.80431661,0.00001857
1627598821734000,1,1609.92128000,0.00001856
1627598834872000,0,4025.27259511,0.00001858
1627598834872000,0,1609.93689371,0.00001858
1627598838844000,1,18.71733500,0.00001857
1627598849899000,1,98.62564700,0.00001858
1627598877900000,0,3850.10000000,0.00001860
1627598878051000,0,10439.84813195,0.00001861
1627598878051000,0,4013.81903537,0.00001861
1627598878051000,0,1605.45600032,0.00001861
1627598878051000,0,399.87683236,0.00001861
