timestamp ms,type,amount,price
1627603262255000,1,1579.00000000,0.00001880
1627603262259000,1,0.85402833,0.00001880
1627603264115000,1,1579.00000000,0.00001879
1627603264293000,1,0.85402833,0.00001879
1627603268521000,1,3716.00000000,0.00001878
1627603268581000,1,0.50000000,0.00001878
1627603278126000,1,3716.50000000,0.00001876
1627603278126000,1,1582.85591366,0.00001876
1627603280875000,1,3959.27756527,0.00001874
1627603280875000,1,1582.85591366,0.00001874
1627603306885000,1,1504.76979300,0.00001872
1627603328274000,1,33.03666400,0.00001869
1627603339703000,0,3862.20000000,0.00001872
1627603339703000,0,1587.80000000,0.00001872
1627603339746000,0,0.66657690,0.00001872
1627603349509000,1,3971.23271477,0.00001872
1627603349509000,1,1588.20538645,0.00001872
1627603375085000,1,1440.00000000,0.00001872
1627603375128000,1,1200.00000000,0.00001872
1627603386559000,1,1589.62416188,0.00001871
1627603390943000,1,10341.73653406,0.00001869
1627603447114000,1,3520.00000000,0.00001869
1627603450048000,1,3193.00000000,0.00001866
1627603490793000,1,1593.05386709,0.00001866
1627603495827000,1,399.00000000,0.00001865
1627603495843000,1,1195.78243782,0.00001865
1627603499631000,1,3874.00000000,0.00001864
1627603505777000,1,3874.00000000,0.00001862
1627603534994000,1,1595.00000000,0.00001864
1627603534994000,1,0.00351775,0.00001864
1627603535255000,1,1595.00351775,0.00001863
1627603550613000,1,1593.74822042,0.00001866
1627603618331000,1,1593.65932838,0.00001866
1627603635686000,1,2378.00000000,0.00001864
1627603640701000,1,13.68110400,0.00001864
1627603671027000,1,1598.32040984,0.00001860
1627603672442000,1,1600.36845435,0.00001859
1627603681988000,0,48.07921500,0.00001860
1627603711644000,1,1602.10612102,0.00001856
1627603723441000,1,70.26121400,0.00001856
1627603730251000,1,1604.53190000,0.00001853
1627603730680000,1,4009.58132119,0.00001852
1627603730680000,1,1604.53187881,0.00001852
1627603731413000,0,48.27061800,0.00001853
1627603746958000,0,1768.00000000,0.00001854
1627603747667000,0,22500.00000000,0.00001855
1627603748023000,0,500.00000000,0.00001856
1627603757968000,1,986.00000000,0.00001855
1627603758086000,1,1252.00000000,0.00001855
1627603759005000,1,1282.00000000,0.00001855
1627603784824000,1,6589.38040000,0.00001853
1627603791429000,1,1608.38347524,0.00001853
1627603791429000,1,8439.12310476,0.00001853
1627603799902000,1,903.00000000,0.00001850
1627603799902000,1,9459.00000000,0.00001850
1627603799954000,1,13413.00000000,0.00001850
1627603801732000,0,1610.00000000,0.00001852
1627603802058000,0,0.81647023,0.00001852
1627603820195000,1,1611.00000000,0.00001852
1627603820196000,1,0.91232391,0.00001852
1627603845555000,1,1615.69495646,0.00001847
1627603853863000,1,1088.00000000,0.00001847
1627603853896000,1,529.13017041,0.00001847
1627603865319000,0,252.31000000,0.00001850
1627603884573000,0,3000.00000000,0.00001854
1627603884618000,0,1024.80471766,0.00001854
1627603884618000,0,1609.89144681,0.00001854
1627603920549000,0,32.87000000,0.00001854
1627603924522000,0,0.00004100,0.00001854
1627603924595000,0,4115.80000000,0.00001856
1627603924595000,0,1608.10537857,0.00001856
1627603924595000,0,4020.26344642,0.00001856
1627603933660000,1,1605.00000000,0.00001857
1627603933691000,1,0.84432738,0.00001857
1627603949686000,0,3000.00000000,0.00001858
1627603954832000,1,20.69724800,0.00001858
1627603955157000,1,1583.00000000,0.00001858
1627603955165000,1,0.94447736,0.00001858
1627603983424000,1,57.44919376,0.00001855
1627603995871000,1,1622.85309800,0.00001855
1627604032664000,1,1055.00000000,0.00001857
1627604032732000,1,550.87220109,0.00001857
1627604037774000,1,4207.00000000,0.00001856
1627604099509000,1,4207.50000000,0.00001856
1627604099509000,1,1604.87693083,0.00001856
1627604137051000,1,4207.50000000,0.00001856
1627604137051000,1,1604.50000000,0.00001856
1627604137078000,1,0.48499866,0.00001856
1627604171158000,0,4115.80000000,0.00001861
1627604171158000,0,4640.03118000,0.00001861
1627604171228000,0,11000.00000000,0.00001861
1627604171247000,0,164.73000000,0.00001861
1627604171260000,0,3841.26078295,0.00001861
1627604171260000,0,1602.39631318,0.00001861
1627604184667000,1,1339.00000000,0.00001862
1627604197349000,1,4184.50000000,0.00001861
1627604199831000,1,9841.00000000,0.00001860
1627604246645000,1,1596.00000000,0.00001862
1627604246701000,1,0.19814138,0.00001862
1627604317129000,1,3175.00000000,0.00001862
1627604350609000,1,3943.00000000,0.00001863
1627604391828000,1,1592.64074707,0.00001862
1627604391828000,1,6407.35925293,0.00001862
1627604412245000,1,16.34225200,0.00001861
1627604417036000,1,19.60955000,0.00001862
1627604421707000,1,6617.59890000,0.00001863
1627604423520000,1,76.98305000,0.00001862
1627604438295000,1,17.38969000,0.00001862
1627604457140000,1,988.00000000,0.00001864
1627604457182000,1,602.69612454,0.00001864
1627604482587000,1,1590.78471000,0.00001865
1627604512236000,1,1116.00000000,0.00001865
1627604512249000,1,474.42233408,0.00001865
1627604512249000,1,455.57766592,0.00001865
1627604512283000,1,129.00000000,0.00001865
1627604534538000,0,3973.27877210,0.00001868
1627604534538000,0,1589.31150884,0.00001868
1627604544905000,1,29.35346400,0.00001866
1627604551721000,1,4321.74653600,0.00001866
1627604551942000,1,1589.90316562,0.00001866
1627604559623000,1,1589.83757095,0.00001865
1627604586479000,1,313.95565300,0.00001865
1627604633910000,1,3520.00000000,0.00001865
1627604633910000,1,1590.94614111,0.00001865
1627604633910000,1,3977.60830389,0.00001865
1627604649436000,1,63.67132100,0.00001865
1627604664751000,1,3532.46014000,0.00001865
1627604664802000,1,3107.27586000,0.00001865
1627604664802000,1,392.72414000,0.00001865
1627604665017000,1,1197.94922000,0.00001865
1627604665094000,1,0.00000502,0.00001865
1627604860137000,1,1777.00000000,0.00001868
1627604860155000,1,2187.99879091,0.00001868
1627604860155000,1,2560.00120909,0.00001868
1627604860205000,1,7748.85430655,0.00001868
1627604860205000,1,164.14569345,0.00001868
1627604864780000,1,1586.42064130,0.00001868
1627604868691000,1,1587.46903868,0.00001867
1627604949573000,1,41112.00000000,0.00001864
1627604949655000,1,1590.53204625,0.00001864
1627604951219000,0,1592.03640653,0.00001865
1627604951219000,0,1210.38179347,0.00001865
1627604951275000,0,2769.75709564,0.00001865
1627604970855000,1,3694.10000000,0.00001867
1627604970855000,1,333.90000000,0.00001867
1627604970859000,1,9155.00000000,0.00001867
1627605034310000,0,6557.57770000,0.00001870
1627605034310000,0,1587.94062754,0.00001870
1627605034310000,0,3969.85156885,0.00001870
1627605053063000,0,4179.50000000,0.00001872
1627605077548000,1,1586.31960259,0.00001872
1627605077548000,1,10310.98175815,0.00001872
1627605086055000,1,25.29875900,0.00001872
1627605086671000,1,1586.25100337,0.00001872
1627605093775000,1,197.60000000,0.00001871
1627605106710000,1,3496.50000000,0.00001871
1627605111146000,1,6507.59930000,0.00001870
1627605111146000,1,3496.50000000,0.00001870
1627605132633000,1,1587.48245680,0.00001871
1627605163113000,0,65.13631800,0.00001872
1627605183981000,1,1586.07741458,0.00001873
1627605216816000,1,1587.04951000,0.00001871
1627605229077000,1,222.34862200,0.00001871
1627605245150000,0,1902.07000000,0.00001873
1627605260501000,1,1586.00000000,0.00001872
1627605262497000,1,614.43023200,0.00001871
1627605266624000,1,6000.00000000,0.00001872
1627605298144000,1,24.67482400,0.00001872
1627605299313000,1,44.74832400,0.00001872
1627605376381000,0,3960.98773117,0.00001875
1627605376381000,0,1584.55216619,0.00001875
1627605386938000,0,1580.23533674,0.00001880
1627605386938000,0,3950.58834184,0.00001880
1627605386938000,0,4179.50000000,0.00001880
1627605386938000,0,26824.44198142,0.00001880
1627605387006000,0,14776.55801858,0.00001880
1627605394165000,0,6245.01455160,0.00001882
1627605410712000,0,19723.44199000,0.00001886
1627605410776000,0,21877.55801000,0.00001886
1627605410776000,0,1622.44199000,0.00001886
1627605411005000,1,48.07920600,0.00001885
1627605424314000,1,1573.84530702,0.00001886
1627605424573000,1,1667.09740000,0.00001885
1627605424585000,1,164.33090000,0.00001885
1627605424614000,1,2102.41138963,0.00001885
1627605424614000,1,1573.84530702,0.00001885
1627605425300000,1,3520.00000000,0.00001884
1627605425481000,0,3388.98280000,0.00001884
1627605425521000,0,131.32450000,0.00001884
1627605427985000,1,1575.00000000,0.00001884
1627605428036000,1,0.68020376,0.00001884
1627605432752000,1,1575.00000000,0.00001884
1627605435972000,1,3663.10000000,0.00001882
1627605437525000,1,14110.00000000,0.00001881
1627605442386000,1,29417.60000000,0.00001882
1627605442386000,1,6459.21580000,0.00001882
1627605442386000,1,1577.18174000,0.00001882
1627605447659000,1,3663.10000000,0.00001881
1627605447659000,1,1577.18174215,0.00001881
1627605449889000,1,3228.00000000,0.00001880
1627605449890000,1,435.10000000,0.00001880
1627605455651000,0,1491.00000000,0.00001881
1627605464779000,1,24.76030100,0.00001880
1627605465687000,0,4179.50000000,0.00001882
1627605465687000,0,1578.96770000,0.00001882
1627605465719000,0,0.00000553,0.00001882
1627605465719000,0,3947.41926381,0.00001882
1627605472957000,1,1144.73661100,0.00001884
1627605476891000,1,1575.36722000,0.00001885
1627605476959000,1,0.00000509,0.00001885
1627605480962000,0,1575.31876143,0.00001886
1627605480962000,0,3720.55292467,0.00001886
1627605495600000,1,64.49384100,0.00001884
1627605500128000,0,6557.88610000,0.00001887
1627605505170000,1,1573.70694048,0.00001886
1627605522811000,1,1574.12247921,0.00001885
1627605525207000,1,11000.00000000,0.00001884
1627605525315000,1,1350.00000000,0.00001884
1627605525320000,1,4929.00000000,0.00001884
1627605525405000,1,24248.00000000,0.00001884
1627605525405000,1,4089.90000000,0.00001884
1627605532851000,0,1575.08373127,0.00001886
1627605532869000,0,67.45180000,0.00001887
1627605532869000,0,44.96750000,0.00001887
1627605532872000,0,13.59300000,0.00001887
1627605532884000,0,490.32590000,0.00001887
1627605532885000,0,374.06600000,0.00001887
1627605532885000,0,163.90470000,0.00001887
1627605532892000,0,1062.57780000,0.00001887
1627605532903000,0,63.53510000,0.00001887
1627605532906000,0,293.88430000,0.00001887
1627605532929000,0,60.29250000,0.00001887
1627605532970000,0,10176.93162345,0.00001887
1627605532970000,0,3903.06837655,0.00001887
1627605533048000,0,32.89572314,0.00001887
1627605533186000,0,40.83710000,0.00001888
1627605533187000,0,334.52490000,0.00001888
1627605543961000,0,4179.50000000,0.00001896
1627605543961000,0,6559.35770000,0.00001896
1627605545653000,0,3916.00000000,0.00001896
1627605545663000,0,0.61608944,0.00001896
1627605548531000,1,7607.46860000,0.00001896
1627605548579000,1,2564.88524100,0.00001896
1627605548579000,1,3912.37034696,0.00001896
1627605548579000,1,1564.44053335,0.00001896
1627605552692000,1,4089.90000000,0.00001894
1627605556059000,1,1567.00000000,0.00001894
1627605556083000,1,0.15399218,0.00001894
1627605559694000,0,1567.61321629,0.00001895
1627605559694000,0,3919.03304074,0.00001895
1627605579114000,1,1568.44132682,0.00001892
1627605579233000,1,37335.00000000,0.00001891
1627605590102000,1,4089.90000000,0.00001891
1627605597909000,0,1570.10017000,0.00001892
1627605607430000,1,4089.90000000,0.00001890
1627605659438000,1,1576.24056503,0.00001883
1627605678322000,1,1070.10017000,0.00001883
1627605678370000,1,507.60437578,0.00001883
1627605682898000,1,1580.00242617,0.00001881
1627605682898000,1,3945.18898907,0.00001880
1627605682898000,1,4162.20000000,0.00001880
1627605693779000,0,4179.50000000,0.00001881
1627605787824000,1,1580.75024000,0.00001880
1627605787852000,1,0.00000906,0.00001880
1627605802583000,1,3000.00000000,0.00001879
1627605898312000,0,16.41794600,0.00001879
1627605898312000,0,108.58205400,0.00001879
1627605898325000,0,0.71886000,0.00001879
1627605962231000,1,282.00000000,0.00001875
1627605962810000,1,3880.00000000,0.00001875
1627605973638000,1,1585.59235755,0.00001873
1627605983701000,1,793.00000000,0.00001871
1627605983735000,1,794.90636242,0.00001871
1627605993035000,1,1588.81096137,0.00001869
1627605996996000,0,3058.00000000,0.00001870
1627605997006000,0,462.00000000,0.00001870
1627605997006000,0,1320.00000000,0.00001870
1627606012454000,1,1589.85176000,0.00001869
1627606025452000,0,125.14000000,0.00001871
1627606085413000,0,1085.00000000,0.00001867
1627606087495000,0,217.00000000,0.00001868
1627606087562000,0,3962.50000000,0.00001868
1627606116801000,1,1594.00000000,0.00001868
1627606137648000,0,3320.00000000,0.00001870
1627606137678000,0,859.50000000,0.00001870
1627606223823000,1,1419.24976000,0.00001872
1627606242946000,0,4179.50000000,0.00001871
1627606242946000,0,17320.50000000,0.00001871
1627606243007000,0,10000.00000000,0.00001871
1627606246174000,0,1762.82902871,0.00001872
1627606246489000,0,2416.67097000,0.00001872
1627606291169000,1,1588.46564080,0.00001871
1627606304989000,1,1586.92999000,0.00001872
1627606305140000,1,0.00000182,0.00001872
1627606308718000,1,2691.00000000,0.00001871
1627606432346000,0,150.00000000,0.00001874
1627606438202000,0,1586.11672035,0.00001876
1627606438202000,0,3964.88327965,0.00001876
1627606438211000,0,0.40852122,0.00001876
1627606442454000,1,1585.93571222,0.00001874
1627606472757000,1,1585.00000000,0.00001875
1627606516176000,1,3978.30000000,0.00001879
1627606516176000,1,1581.64475012,0.00001879
1627606529074000,1,145.66249600,0.00001880
1627606569992000,1,3978.30000000,0.00001880
1627606570263000,1,1581.90302934,0.00001879
1627606608199000,1,21.64155100,0.00001877
1627606617378000,0,13.23017600,0.00001877
1627606676683000,0,754.00000000,0.00001879
1627606702103000,0,0.66724700,0.00001879
1627606702103000,0,144.33275300,0.00001879
1627606702105000,0,0.16724700,0.00001879
1627606778177000,1,3713.00000000,0.00001878
1627606778198000,1,265.30000000,0.00001878
1627606778198000,1,6.70000000,0.00001878
1627606778200000,1,1577.50473258,0.00001878
1627606833363000,0,3959.49610014,0.00001880
1627606833363000,0,1583.70565512,0.00001880
1627606867017000,1,1583.17397955,0.00001879
1627606867017000,1,3148.40732045,0.00001879
1627606867025000,1,809.15592380,0.00001879
1627606867060000,1,817.38900000,0.00001878
1627606867060000,1,5840.66119352,0.00001878
1627606867060000,1,2197.41450648,0.00001878
1627606867063000,1,243.49570000,0.00001878
1627606867066000,1,90.21230000,0.00001878
1627606867068000,1,26.22290000,0.00001878
1627606867363000,1,2000.00000000,0.00001878
1627606867705000,1,44505.00000000,0.00001877
1627606868364000,1,3978.30000000,0.00001876
1627606887645000,0,1584.43137729,0.00001878
1627606887645000,0,3961.07843271,0.00001878
1627606887683000,0,0.00001051,0.00001878
1627606912580000,0,16.46588300,0.00001879
1627606933797000,1,1584.43137729,0.00001875
1627606976502000,1,1588.84592600,0.00001873
1627607011118000,1,1589.48736454,0.00001873
1627607011406000,1,20.00000000,0.00001872
1627607049337000,1,16.44907900,0.00001878
1627607053709000,1,91.79128700,0.00001878
1627607062379000,1,1584.00000000,0.00001880
1627607062389000,1,0.11287699,0.00001880
1627607083138000,1,1579.37397728,0.00001885
1627607099174000,1,1580.70575960,0.00001883
1627607101527000,1,693.00000000,0.00001881
1627607122899000,0,1584.85176621,0.00001880
1627607122899000,0,3962.14823379,0.00001880
1627607122951000,0,0.31692865,0.00001880
1627607134054000,1,89.85897900,0.00001880
1627607176748000,1,1584.44348025,0.00001878
1627607176748000,1,581.55651975,0.00001878
1627607181215000,1,57.06873200,0.00001879
1627607196723000,0,16.43300000,0.00001878
1627607196740000,0,0.00006900,0.00001878
1627607202665000,1,49.80162700,0.00001878
1627607223078000,1,32.00154100,0.00001879
1627607243814000,1,1583.00000000,0.00001879
1627607243816000,1,0.19783799,0.00001879
1627607285209000,1,733.73325900,0.00001880
1627607320209000,1,1580.00000000,0.00001881
1627607320307000,1,0.58895459,0.00001881
1627607352300000,1,14.11634500,0.00001879
1627607391768000,1,657.06538700,0.00001879
1627607412338000,1,35.24676500,0.00001879
1627607513636000,1,158.00000000,0.00001882
1627607513670000,1,1422.10076121,0.00001882
1627607578751000,1,42.00000000,0.00001882
1627607585478000,0,2504.89000000,0.00001884
1627607662398000,0,41601.00000000,0.00001886
1627607725710000,1,1576.45851123,0.00001881
1627607725710000,1,3711.40000000,0.00001881
1627607725710000,1,3520.00000000,0.00001881
1627607735095000,1,3520.00000000,0.00001880
1627607735095000,1,3711.40000000,0.00001880
1627607735095000,1,6633.59266669,0.00001880
1627607735095000,1,1577.98510682,0.00001880
1627607784585000,1,3711.40000000,0.00001880
1627607784645000,1,1578.16373059,0.00001880
1627607792944000,1,3711.40000000,0.00001877
1627607831226000,0,1578.00000000,0.00001881
1627607831235000,0,0.37779003,0.00001881
1627607907210000,0,190.00000000,0.00001881
1627607907224000,0,1390.36613796,0.00001881
1627607929024000,1,100.00000000,0.00001883
1627607989013000,1,74.21759200,0.00001881
1627608014516000,1,3637.00000000,0.00001881
1627608014583000,1,0.18240800,0.00001881
1627608025816000,1,3478.00000000,0.00001880
1627608027217000,1,1581.00000000,0.00001880
1627608027225000,1,0.21796897,0.00001880
1627608044821000,0,332.19985900,0.00001880
1627608044821000,0,10.80014100,0.00001880
1627608044854000,0,0.76866100,0.00001880
1627608079423000,1,15.89960200,0.00001881
1627608107222000,1,3637.18240800,0.00001880
1627608187890000,1,148.41279200,0.00001882
1627608216118000,1,2235.00000000,0.00001881
1627608216129000,1,553.00000000,0.00001881
1627608216148000,1,849.18240800,0.00001881
1627608292589000,1,999.67353100,0.00001882
1627608338197000,1,1577.52211458,0.00001884
1627608338197000,1,6637.47788542,0.00001884
1627608338208000,1,0.99047362,0.00001884
1627608369668000,1,16.48069000,0.00001883
1627608377672000,1,1578.56996587,0.00001881
1627608378384000,1,703.05530000,0.00001879
1627608378384000,1,248.61890000,0.00001879
1627608378385000,1,5357.60480000,0.00001879
1627608378390000,1,345.36363428,0.00001879
1627608378390000,1,703.05526572,0.00001879
1627608386041000,0,1584.00000000,0.00001878
1627608386071000,0,0.15341431,0.00001878
1627608387427000,1,3520.00000000,0.00001878
1627608388383000,1,3520.00000000,0.00001878
1627608400689000,1,1582.00000000,0.00001879
1627608400747000,1,0.10350715,0.00001879
1627608406981000,1,1583.66827352,0.00001877
1627608427339000,1,3520.00000000,0.00001876
1627608431108000,1,2972.00000000,0.00001876
1627608431109000,1,548.00000000,0.00001876
1627608435126000,0,3964.40426742,0.00001877
1627608435126000,0,1585.76169258,0.00001877
1627608586593000,0,10986.62204000,0.00001878
1627608586670000,0,0.00000500,0.00001878
1627608752739000,0,81.00000000,0.00001882
1627608752782000,0,0.08452500,0.00001882
1627608878998000,1,2000.00000000,0.00001886
1627608879144000,1,1936.27075618,0.00001886
1627608879144000,1,1574.27220335,0.00001886
1627608910357000,1,1576.75436274,0.00001884
1627608922542000,0,1577.24510257,0.00001885
1627608922542000,0,3943.11275643,0.00001885
1627608963322000,0,14.29569500,0.00001886
1627608984651000,0,1572.00000000,0.00001889
1627608984713000,0,0.66040847,0.00001889
1627608984713000,0,1571.33959153,0.00001889
1627608984743000,0,2360.31142964,0.00001889
1627609000573000,1,1572.00000000,0.00001888
1627609000576000,1,0.27649985,0.00001888
1627609107789000,1,1572.12718277,0.00001888
1627609184226000,1,3773.90000000,0.00001889
1627609287499000,1,4361.30000000,0.00001888
1627609328972000,0,1572.57169266,0.00001889
1627609329103000,0,1572.00000000,0.00001889
1627609329979000,1,1571.73920368,0.00001888
1627609526110000,1,1573.44980872,0.00001884
1627609541256000,1,1574.86169601,0.00001882
1627609555613000,0,990.00000000,0.00001884
1627609561181000,1,305.00000000,0.00001883
1627609561225000,1,1269.91270501,0.00001883
1627609561463000,1,2664.00000000,0.00001882
1627609576953000,0,1575.43031477,0.00001882
1627609576953000,0,1262.51895723,0.00001882
1627609625389000,0,251.06000000,0.00001883
1627609644852000,1,1575.00000000,0.00001879
1627609644912000,1,0.62863013,0.00001879
1627609670472000,0,185.31119200,0.00001879
1627609682969000,1,1577.95527482,0.00001876
1627609711157000,1,91.43880900,0.00001876
1627609711157000,1,37.56119100,0.00001876
1627609711194000,1,24.36995700,0.00001876
1627609714605000,1,1577.00000000,0.00001876
1627609714630000,1,0.85851565,0.00001876
1627609723995000,0,1578.97437719,0.00001876
1627609724056000,0,3947.43594000,0.00001876
1627609724077000,0,20.05286800,0.00001876
1627609724184000,0,3520.00000000,0.00001876
1627609724237000,0,181.16700000,0.00001876
1627609724244000,0,49.28220000,0.00001876
1627609724245000,0,73.89890000,0.00001876
1627609724246000,0,123.08784298,0.00001876
1627609724480000,0,1578.82365216,0.00001877
1627609724480000,0,3946.68463124,0.00001877
1627609740662000,1,1326.00000000,0.00001878
1627609740687000,1,249.93093936,0.00001878
1627609778221000,1,154.00000000,0.00001876
1627609808844000,1,0.82682600,0.00001876
1627609830236000,1,6560.37520000,0.00001875
1627609832763000,0,1581.42302374,0.00001876
1627609832763000,0,3520.00000000,0.00001876
1627609832763000,0,1072.58304626,0.00001876
1627609922292000,0,3967.00000000,0.00001878
1627609933864000,1,15.50071600,0.00001877
1627609983041000,1,17.04286000,0.00001879
1627610019086000,1,1576.96270119,0.00001880
1627610024816000,1,589.38345800,0.00001879
1627610045652000,0,2391.55000000,0.00001881
1627610271514000,1,26.17324000,0.00001875
1627610275006000,1,16.25226100,0.00001875
1627610315224000,1,1130.00000000,0.00001877
1627610315264000,1,446.18108204,0.00001877
1627610315264000,1,4390.54773900,0.00001877
1627610323908000,1,4390.54773900,0.00001876
1627610460861000,1,1576.52673277,0.00001876
1627610466135000,0,312.61000000,0.00001878
1627610511103000,0,57.67050000,0.00001876
1627610511181000,0,0.00009800,0.00001876
1627610610082000,1,63.58046500,0.00001875
1627610710809000,1,3520.00000000,0.00001877
1627610727118000,1,1572.25044000,0.00001879
1627610727171000,1,0.00000961,0.00001879
1627610727896000,1,1572.00000000,0.00001878
1627610765460000,0,2264.64000000,0.00001881
1627610778218000,1,1572.00000000,0.00001880
1627610778222000,1,0.23879210,0.00001880
1627610799698000,1,628.00000000,0.00001880
1627610799747000,1,943.60021088,0.00001880
1627610799747000,1,409.39978912,0.00001880
1627610828601000,1,1022.00000000,0.00001880
1627610828660000,1,550.06572212,0.00001880
1627610885731000,0,311.67000000,0.00001881
1627610941773000,0,3654.87880800,0.00001884
1627610949054000,1,1568.14596519,0.00001884
1627610949904000,1,309.06106557,0.00001883
1627610995901000,1,14.16468900,0.00001884
1627611008948000,1,134.36006600,0.00001884
1627611009495000,0,329.00000000,0.00001887
1627611027753000,1,1669.66700527,0.00001887
1627611055430000,1,1783.00000000,0.00001886
1627611063678000,0,17.28085300,0.00001888
1627611070372000,1,1564.00000000,0.00001888
1627611070385000,1,0.97917558,0.00001888
1627611071500000,1,1565.22617670,0.00001887
1627611071500000,1,737.86964206,0.00001887
1627611090951000,1,3155.48056470,0.00001888
1627611151065000,1,2202.00000000,0.00001885
1627611151093000,1,1648.50000000,0.00001885
1627611155056000,0,12.31670900,0.00001885
1627611155056000,0,62.68329100,0.00001885
1627611233799000,1,25.36391500,0.00001880
1627611257820000,0,1568.88462501,0.00001884
1627611262986000,0,36.20753400,0.00001885
1627611269624000,1,1566.72382746,0.00001885
1627611286339000,1,4231.00000000,0.00001883
1627611311930000,1,221.00000000,0.00001883
1627611311999000,1,347.00000000,0.00001883
1627611342665000,1,280.72194700,0.00001877
1627611435789000,1,3928.31483923,0.00001879
1627611435789000,1,1571.30075451,0.00001879
1627611464457000,0,1573.00000000,0.00001879
1627611464471000,0,0.40094955,0.00001879
1627611484429000,0,20.24409300,0.00001878
1627611484429000,0,20.63175000,0.00001878
1627611605887000,0,1149.38000000,0.00001879
1627611609105000,0,124.67000000,0.00001880
1627611636166000,1,102.00000000,0.00001880
1627611637894000,1,6517.68479038,0.00001880
1627611637894000,1,482.31520962,0.00001880
1627611638019000,1,1091.99872850,0.00001880
1627611680862000,0,16.53850000,0.00001882
1627611690769000,0,0.00004500,0.00001882
1627611690769000,0,23.78177000,0.00001882
1627611776074000,1,197.60000000,0.00001883
1627611793954000,1,188.88772300,0.00001883
1627611865277000,1,3925.67891063,0.00001885
1627611865277000,1,1570.14688243,0.00001885
1627611920977000,1,11.79719200,0.00001881
1627611962037000,0,15.56430500,0.00001880
1627612031592000,1,1574.00000000,0.00001880
1627612031599000,1,0.15151010,0.00001880
1627612220677000,0,64.36600000,0.00001880
1627612226041000,0,0.00060000,0.00001880
1627612239377000,1,13.55205300,0.00001880
1627612240764000,1,28.17192500,0.00001880
1627612304532000,0,1572.00000000,0.00001882
1627612327334000,1,1570.00512787,0.00001883
1627612345822000,0,1027.46406300,0.00001882
1627612400350000,1,15.29831300,0.00001883
1627612400677000,1,1571.62196325,0.00001883
1627612400878000,1,64.36600000,0.00001882
1627612455905000,1,1571.84643537,0.00001883
1627612465682000,1,14.49842700,0.00001882
1627612509704000,1,1069.00000000,0.00001882
1627612509710000,1,503.42084178,0.00001882
1627612534738000,1,28.33537800,0.00001881
1627612614397000,0,1572.99901140,0.00001883
1627612614397000,0,3932.49752849,0.00001883
1627612618826000,1,2000.00000000,0.00001881
1627612618828000,1,1931.77500358,0.00001881
1627612618828000,1,1572.73744560,0.00001881
1627612656426000,1,3833.00000000,0.00001879
1627612656461000,1,0.86462200,0.00001879
1627612729203000,1,2060.05803319,0.00001874
1627612729270000,1,1409.34280142,0.00001874
1627612745649000,0,34.00600000,0.00001876
1627612745669000,0,0.00096300,0.00001876
1627612747531000,0,1577.74441298,0.00001879
1627612747531000,0,3944.11194639,0.00001879
1627612747531000,0,4083.14364063,0.00001879
1627612750131000,1,1378.00000000,0.00001877
1627612750142000,1,199.40167434,0.00001877
1627612831514000,1,933.16602400,0.00001877
1627612911928000,1,46.26517900,0.00001878
1627612979147000,1,1580.34561223,0.00001873
1627612992012000,0,1277.95970000,0.00001875
1627612992030000,0,302.52168365,0.00001875
1627612992030000,0,57.03211635,0.00001875
1627612992033000,0,27.44920000,0.00001875
1627612992033000,0,26.81430000,0.00001875
1627612992038000,0,122.77850000,0.00001875
1627612992040000,0,51.92590000,0.00001875
1627612992041000,0,243.86490000,0.00001875
1627612992049000,0,35.28450000,0.00001875
1627612992049000,0,35.73540000,0.00001875
1627612992052000,0,356.85690000,0.00001875
1627612992061000,0,163.59400000,0.00001875
1627612992065000,0,2829.86774278,0.00001875
1627612992204000,0,1467.59520000,0.00001876
1627612992205000,0,57.00190000,0.00001876
1627612992208000,0,60.95600000,0.00001876
1627612992334000,0,5779.00000000,0.00001876
1627613017817000,1,4195.00000000,0.00001875
1627613017817000,1,1577.67531482,0.00001875
1627613017817000,1,1227.32468518,0.00001875
1627613104357000,0,96.00000000,0.00001874
1627613104422000,0,0.18219300,0.00001874
1627613116534000,1,299.27475000,0.00001874
1627613131143000,1,4195.00000000,0.00001873
1627613257807000,1,1581.00000000,0.00001874
1627613257810000,1,0.38286874,0.00001874
1627613333848000,1,2845.81640000,0.00001875
1627613333857000,1,54.31510800,0.00001875
1627613333857000,1,265.44719200,0.00001875
1627613333865000,1,38.71180000,0.00001875
1627613333865000,1,441.55340000,0.00001875
1627613333872000,1,23.22560000,0.00001875
1627613333884000,1,698.69280000,0.00001875
1627613333886000,1,112.23918911,0.00001875
1627613334188000,1,2329.00000000,0.00001874
1627613334471000,1,3950.43150677,0.00001874
1627613334471000,1,1580.81710748,0.00001874
1627613406970000,1,248.69097600,0.00001874
1627613434250000,1,274.89788800,0.00001876
1627613491815000,1,177.82867800,0.00001878
1627613530368000,0,21.12796400,0.00001879
1627613560922000,1,20.37924600,0.00001880
1627613573570000,0,140.00000000,0.00001880
1627613573602000,0,0.31349000,0.00001880
1627613595061000,1,1578.83347159,0.00001881
1627613603290000,1,1578.00000000,0.00001880
1627613623097000,1,55.20382700,0.00001878
1627613634088000,1,39.89900000,0.00001878
1627613645221000,1,182.98094700,0.00001879
1627613650644000,1,1578.10033869,0.00001881
1627613654797000,1,153.58935900,0.00001880
1627613675569000,1,12.81678200,0.00001881
1627613676255000,1,23.00349000,0.00001881
1627613696564000,1,71.46216900,0.00001882
1627613765572000,0,2002.61000000,0.00001881
1627613779174000,1,1856.00000000,0.00001879
1627613989398000,1,529.75000000,0.00001879
1627614114793000,1,47.95200000,0.00001884
1627614125848000,0,1000.02000000,0.00001886
1627614160877000,0,4393.00000000,0.00001886
1627614160877000,0,1575.00000000,0.00001886
1627614176346000,0,0.48609181,0.00001886
1627614210457000,1,4425.90000000,0.00001885
1627614238905000,1,30.11245700,0.00001885
1627614379555000,1,21.99613700,0.00001888
1627614461491000,1,39.26188000,0.00001885
1627614502715000,1,26.09346000,0.00001885
1627614547244000,1,1573.16955053,0.00001887
1627614604025000,0,232.00000000,0.00001885
1627614604046000,0,85.00000000,0.00001885
1627614609248000,0,758.00000000,0.00001885
1627614609289000,0,500.06345495,0.00001885
1627614625594000,0,135.00000000,0.00001884
1627614625607000,0,90.45385700,0.00001884
1627614661042000,0,1577.84754557,0.00001883
1627614661042000,0,3944.15245443,0.00001883
1627614661046000,0,0.46640949,0.00001883
1627614663009000,0,3995.60000000,0.00001884
1627614663009000,0,15.53960800,0.00001884
1627614663009000,0,19.97727000,0.00001884
1627614663009000,0,23.88312200,0.00001884
1627614663058000,0,0.10387800,0.00001884
1627614666754000,1,17.77403200,0.00001883
1627614675135000,1,1575.97177427,0.00001884
1627614675273000,1,197.60000000,0.00001883
1627614675352000,1,1283.68911000,0.00001883
1627614675420000,1,1500.00000000,0.00001883
1627614708021000,0,182.00000000,0.00001880
1627614721902000,0,0.44970000,0.00001880
1627614790304000,1,16.60632500,0.00001882
1627614790396000,1,233.00000000,0.00001882
1627614845866000,0,29.00000000,0.00001881
1627614878328000,1,69.27572037,0.00001880
1627614904622000,0,500.35000000,0.00001883
1627614920487000,1,77.41762800,0.00001881
1627614994020000,1,15.52246500,0.00001884
1627615050788000,1,15.53135800,0.00001884
1627615068699000,1,83.58814600,0.00001883
1627615087807000,0,24.85400000,0.00001884
1627615117882000,1,217.63983900,0.00001883
1627615134888000,0,24.85600000,0.00001883
1627615134984000,0,0.00007700,0.00001883
1627615138058000,1,100.00000000,0.00001883
1627615278069000,0,1573.78964147,0.00001884
1627615278069000,0,426.21035853,0.00001884
1627615298920000,1,27.38065900,0.00001883
1627615325589000,1,93.76305400,0.00001884
1627615346018000,1,93.09041900,0.00001885
1627615346111000,1,25.49450400,0.00001885
1627615556196000,0,22.22136400,0.00001886
1627615583955000,1,400.00000000,0.00001889
1627615583955000,1,1054.73317900,0.00001888
1627615594716000,1,207.00000000,0.00001889
1627615615279000,1,25.76002500,0.00001889
1627615643683000,1,1566.54873768,0.00001892
1627615722177000,0,35.77020000,0.00001889
1627615742976000,0,0.00006500,0.00001889
1627615745490000,0,1568.40971143,0.00001890
1627615745490000,0,3920.59028857,0.00001890
1627615750227000,1,1567.57980000,0.00001889
1627615750235000,1,0.00006502,0.00001889
1627615793084000,0,96.00392900,0.00001888
1627615795969000,1,11.86909900,0.00001887
1627615800591000,1,16.25709500,0.00001887
1627615851205000,0,1486.17560000,0.00001896
1627615851272000,0,77.00000000,0.00001896
1627615851281000,0,102.00000000,0.00001896
1627615851305000,0,307.14700000,0.00001896
1627615851310000,0,65.01440000,0.00001896
1627615851326000,0,35.55660000,0.00001896
1627615851326000,0,46.38690000,0.00001896
1627615851348000,0,67.67790000,0.00001896
1627615851349000,0,188.35280000,0.00001896
1627615851361000,0,267.54930000,0.00001896
1627615851362000,0,101.86640000,0.00001896
1627615851365000,0,22.03170000,0.00001896
1627615851451000,0,111.59990000,0.00001896
1627615851475000,0,10162.26407552,0.00001897
1627615863118000,0,152.00000000,0.00001895
1627615867891000,1,1213.18290000,0.00001894
1627615921702000,0,18.47594700,0.00001892
1627615927249000,0,20.42110700,0.00001894
1627615927249000,0,477.61557996,0.00001894
1627615940552000,1,78.71000000,0.00001890
1627615994938000,0,160.00000000,0.00001889
1627616004826000,1,896.00000000,0.00001888
1627616004840000,1,2875.80000000,0.00001888
1627616044380000,1,17.89577200,0.00001888
1627616047523000,1,22.19508800,0.00001889
1627616067988000,1,50.00000000,0.00001890
1627616078583000,1,1519.90124289,0.00001890
1627616078583000,1,1439.29782617,0.00001890
1627616103349000,1,26.29744300,0.00001889
1627616144088000,1,1571.19386253,0.00001889
1627616211447000,1,3520.00000000,0.00001886
1627616211447000,1,6488.02690000,0.00001886
1627616211447000,1,6627.06164081,0.00001885
1627616211447000,1,17767.17478719,0.00001885
1627616288265000,1,1003.18947000,0.00001885
1627616312038000,1,334.00000000,0.00001885
1627616491074000,1,1571.37428210,0.00001886
1627616527112000,0,14.89823700,0.00001886
1627616808014000,1,22.20393000,0.00001890
1627616889697000,1,40.00000000,0.00001891
1627617000310000,0,1571.98573033,0.00001891
1627617000310000,0,3929.01426967,0.00001891
1627617034952000,1,29.47729300,0.00001894
1627617072437000,1,1566.00000000,0.00001896
1627617072454000,1,0.70069828,0.00001896
1627617247675000,0,1568.00000000,0.00001895
1627617247707000,0,0.12070324,0.00001895
1627617262803000,1,15.41085900,0.00001894
1627617302732000,0,19.79779300,0.00001894
1627617305510000,1,46.79429500,0.00001894
1627617313507000,1,1354.00000000,0.00001894
1627617313584000,1,213.06660173,0.00001894
1627617378405000,1,80.00000000,0.00001892
1627617409200000,1,1571.00000000,0.00001890
1627617409229000,1,0.55570064,0.00001890
1627617441833000,1,843.74098290,0.00001890
1627617515470000,1,1160.99145100,0.00001891
1627617578026000,0,269.09860800,0.00001892
1627617614143000,1,67.00000000,0.00001891
1627617614215000,1,0.40000000,0.00001891
1627617643115000,1,67.40000000,0.00001891
1627617716224000,0,4154.00000000,0.00001894
1627617716224000,0,3520.00000000,0.00001894
1627617717826000,0,1570.33893567,0.00001894
1627617717826000,0,3925.84733919,0.00001894
1627617724916000,0,124.31000000,0.00001894
1627617775284000,1,90.00000000,0.00001893
1627617775326000,1,0.71425400,0.00001893
1627617788737000,0,39.29965200,0.00001894
1627617791818000,0,15.27300000,0.00001895
1627617904754000,0,124.48000000,0.00001893
1627617938601000,1,3520.00000000,0.00001891
1627617938601000,1,6609.58001287,0.00001891
1627617938601000,1,4642.77493713,0.00001891
1627618011420000,0,88.89401200,0.00001892
1627618039625000,1,15.27300000,0.00001891
1627618048965000,0,31.77154500,0.00001892
1627618094516000,1,79.00000000,0.00001891
1627618108572000,1,0.85218800,0.00001891
1627618125264000,0,6620.91174988,0.00001891
1627618125264000,0,1573.05599224,0.00001891
1627618136128000,0,90.77898800,0.00001892
1627618174512000,1,1575.41097790,0.00001888
1627618197278000,0,89.08057200,0.00001888
1627618227348000,0,11.34609300,0.00001891
1627618244388000,0,43.82908200,0.00001890
1627618271483000,0,6596.67765183,0.00001890
1627618271483000,0,3520.00000000,0.00001890
1627618271483000,0,400.00000000,0.00001890
1627618271483000,0,1148.32234817,0.00001890
1627618341269000,0,19.15343900,0.00001890
1627618341375000,0,17.53293900,0.00001890
1627618355833000,0,16.42753300,0.00001891
1627618451996000,1,15.26069400,0.00001890
1627618451996000,1,1573.73930600,0.00001890
1627618452029000,1,0.03208544,0.00001890
1627618486729000,0,573.56725800,0.00001891
1627618518592000,1,3930.76663989,0.00001892
1627618518592000,1,6338.23336011,0.00001892
1627618518644000,1,2986.00000000,0.00001892
1627618518660000,1,893.97386642,0.00001892
1627618518660000,1,1571.82013850,0.00001892
1627618553845000,1,90.00000000,0.00001891
1627618553945000,1,0.89680300,0.00001891
1627618611454000,0,17.94760100,0.00001892
1627618702733000,1,90.00000000,0.00001892
1627618702768000,1,0.86397400,0.00001892
1627618756951000,0,1572.22653500,0.00001894
1627618798103000,0,12.88485800,0.00001893
1627618859590000,0,13.46173700,0.00001892
1627618865131000,0,500.02000000,0.00001892
1627618880434000,1,90.00000000,0.00001892
1627618881908000,1,0.86397400,0.00001892
1627618950263000,0,34.73098100,0.00001893
1627618985909000,0,44.80682300,0.00001893
1627619006847000,1,88.00000000,0.00001893
1627619006946000,1,0.97715100,0.00001893
1627619008363000,1,446.17476100,0.00001892
1627619008363000,1,1574.15943751,0.00001892
1627619019053000,1,874.00000000,0.00001893
1627619019095000,1,0.50801900,0.00001893
1627619082467000,0,90.69708000,0.00001894
1627619214648000,0,90.78346600,0.00001893
1627619317548000,1,90.00000000,0.00001890
1627619317633000,1,0.93859500,0.00001890
1627619379086000,0,15.24714500,0.00001890
1627619419761000,0,148.99883000,0.00001889
1627619502780000,1,3946.88330547,0.00001886
1627619502780000,1,1578.50571345,0.00001886
1627619554317000,0,767.47713800,0.00001888
1627619594257000,0,91.10537400,0.00001888
1627619595741000,1,1577.76148554,0.00001886
1627619604405000,0,209.95339300,0.00001888
1627619644985000,1,91.00000000,0.00001887
1627619645009000,1,0.06699700,0.00001887
1627619712924000,1,18.48257300,0.00001887
1627619712924000,1,1576.08739408,0.00001887
1627619873607000,0,98.10263400,0.00001886
1627619883938000,1,980.00000000,0.00001885
1627619984590000,1,2007.00000000,0.00001884
1627619988336000,1,0.36636665,0.00001884
1627619989365000,1,1910.10059558,0.00001882
1627620062340000,0,1587.36657107,0.00001880
1627620062340000,0,3968.41642766,0.00001880
1627620080874000,1,1589.00000000,0.00001878
1627620080923000,1,0.62385463,0.00001878
1627620099601000,0,52.95305000,0.00001876
1627620133871000,1,1588.63215303,0.00001878
1627620133871000,1,952.36784697,0.00001877
1627620133874000,1,3019.60078847,0.00001877
1627620133874000,1,10327.28639107,0.00001877
1627620134248000,1,1588.00000000,0.00001877
1627620147528000,1,1588.63130724,0.00001877
1627620166629000,1,1589.00000000,0.00001876
1627620166663000,1,0.70280816,0.00001876
1627620183632000,0,180.00000000,0.00001878
1627620183671000,0,0.30302400,0.00001878
1627620194670000,1,88.00000000,0.00001878
1627620194777000,1,0.47085900,0.00001878
1627620240967000,0,1592.29520198,0.00001875
1627620241398000,0,3980.00000000,0.00001875
1627620241403000,0,0.73800494,0.00001875
1627620250045000,1,366.00000000,0.00001875
1627620258381000,0,90.07245800,0.00001876
1627620292481000,0,1634.00000000,0.00001876
1627620296584000,1,1592.93374590,0.00001873
1627620307046000,0,7066.00000000,0.00001876
1627620307070000,0,6792.00000000,0.00001876
1627620307315000,0,1115.00000000,0.00001876
1627620321431000,1,2453.00000000,0.00001876
1627620323376000,1,628.00000000,0.00001877
1627620323519000,1,0.31481900,0.00001877
1627620352265000,0,12.81226600,0.00001877
1627620392382000,1,30.65643500,0.00001877
1627620409379000,1,91.86162300,0.00001877
1627620409379000,1,11.13837700,0.00001877
1627620409398000,1,0.39214700,0.00001877
1627620440450000,0,4224.30000000,0.00001878
1627620443314000,0,4224.00000000,0.00001879
1627620443328000,0,0.30000000,0.00001879
1627620444407000,1,1589.00000000,0.00001878
1627620444421000,1,0.78013528,0.00001878
1627620450022000,1,2118.00000000,0.00001876
1627620450041000,1,1858.40031979,0.00001876
1627620450041000,1,10334.18311380,0.00001876
1627620450041000,1,1589.78013528,0.00001876
1627620450041000,1,4012.30000000,0.00001876
1627620496138000,1,4012.30000000,0.00001877
1627620496138000,1,1589.75346196,0.00001877
1627620496138000,1,3975.32210165,0.00001877
1627620590911000,1,1591.55003371,0.00001875
1627620590911000,1,3977.91854235,0.00001875
1627620620301000,1,1590.61882539,0.00001876
1627620622071000,1,4012.30000000,0.00001875
1627620622071000,1,1590.61882539,0.00001875
1627620709515000,0,354.51095100,0.00001878
1627620714122000,1,84.00000000,0.00001876
1627620714149000,1,0.98658500,0.00001876
1627620737161000,0,91.83995400,0.00001878
1627620782249000,0,3777.00000000,0.00001879
1627620784999000,0,126.12000000,0.00001881
1627620819339000,0,91.91003500,0.00001879
1627620819456000,0,93.20306700,0.00001879
1627620861078000,1,72.49732100,0.00001878
1627620867440000,1,1591.65918087,0.00001879
1627620867440000,1,2387.34081913,0.00001878
1627620867482000,1,1592.36408671,0.00001878
1627620867482000,1,2386.63591329,0.00001878
1627620880160000,1,18.30387000,0.00001878
1627620948194000,0,16.51200000,0.00001879
1627620963314000,0,0.00064400,0.00001879
1627620963314000,0,120.99935600,0.00001879
1627620963453000,0,63.00064400,0.00001879
1627620964333000,1,191.10193700,0.00001880
1627621024904000,0,126.14000000,0.00001881
1627621125599000,0,1073.86281700,0.00001881
1627621151201000,1,493.59148100,0.00001879
1627621213428000,0,2871.81509032,0.00001882
1627621214714000,1,46.57395300,0.00001880
1627621249014000,0,3844.00000000,0.00001883
1627621249050000,0,121.41474838,0.00001883
1627621253181000,1,12.47633100,0.00001882
1627621264835000,1,17.94941400,0.00001882
1627621275307000,1,88.40851900,0.00001882
1627621428190000,0,89.81455800,0.00001884
1627621449699000,0,94.38303200,0.00001884
1627621548418000,0,130.09450000,0.00001884
1627621639003000,1,1582.00000000,0.00001884
1627621639005000,1,0.87444380,0.00001884
1627621685247000,0,408.44000000,0.00001884
1627621757766000,0,65.03770700,0.00001885
1627621779767000,0,93.93632500,0.00001885
1627621805276000,1,1178.00000000,0.00001882
1627621861785000,0,12.00000000,0.00001885
1627621867282000,1,1583.00000000,0.00001884
1627621867310000,1,0.89435781,0.00001884
1627621872624000,1,6674.10056536,0.00001883
1627621872624000,1,3961.03183306,0.00001883
1627621872656000,1,1584.18267835,0.00001884
1627621929029000,1,1583.05021530,0.00001886
1627621988513000,1,1584.00000000,0.00001885
1627621988539000,1,0.32536660,0.00001885
1627621988659000,1,3959.64245547,0.00001884
1627622091350000,1,1585.00000000,0.00001885
1627622091413000,1,0.58278781,0.00001885
1627622107800000,1,1001.00000000,0.00001884
1627622107801000,1,585.40995679,0.00001884
1627622108496000,0,88.79715100,0.00001885
1627622108726000,0,11.89147600,0.00001885
1627622129458000,1,1586.18973401,0.00001883
1627622134329000,1,1586.87955054,0.00001882
1627622168462000,1,3966.37235559,0.00001883
1627622168577000,1,1586.78855138,0.00001883
1627622344721000,0,3972.06602938,0.00001883
1627622344721000,0,1588.82641175,0.00001883
1627622351375000,0,4287.30000000,0.00001884
1627622367113000,1,1586.69778247,0.00001884
1627622384216000,1,4191.10000000,0.00001882
1627622384216000,1,1518.90000000,0.00001882
1627622405690000,1,287.00000000,0.00001884
1627622406243000,1,0.30788700,0.00001884
1627622406338000,1,354.00000000,0.00001883
1627622406338000,1,1233.53433381,0.00001883
1627622406338000,1,3969.75480022,0.00001882
1627622406650000,1,1587.00000000,0.00001882
1627622406704000,1,0.53433381,0.00001882
1627622529844000,1,1584.00000000,0.00001885
1627622594286000,1,3950.70029954,0.00001889
1627622594286000,1,4191.10000000,0.00001889
1627622594286000,1,1579.19970046,0.00001889
1627622594304000,1,0.75270431,0.00001889
1627622667611000,0,4287.00000000,0.00001890
1627622667645000,0,0.30000000,0.00001890
1627622672182000,1,1581.10586817,0.00001889
1627622694791000,1,1580.66746458,0.00001889
1627622694791000,1,3951.33253542,0.00001889
1627622716634000,1,4191.10000000,0.00001885
1627622716634000,1,1582.90000000,0.00001885
1627622716666000,1,0.11374357,0.00001885
1627622783924000,1,1588.34680271,0.00001884
1627622804598000,0,91.47565000,0.00001885
1627622845576000,1,1589.15212284,0.00001883
1627622857101000,1,1589.21708999,0.00001883
1627622861178000,1,259.00000000,0.00001883
1627622868274000,0,91.62491500,0.00001885
1627622895857000,1,1228.00000000,0.00001883
1627622920138000,1,1589.17359766,0.00001882
1627622942503000,1,3520.00000000,0.00001881
1627622964659000,1,1588.61805659,0.00001882
1627622970531000,0,2196.00000000,0.00001884
1627622985562000,1,155.00000000,0.00001884
1627622985626000,1,0.35241100,0.00001884
1627623004493000,0,28132.21007957,0.00001885
1627623057402000,1,1587.00000000,0.00001884
1627623057419000,1,0.83792266,0.00001884
1627623177625000,1,1584.00000000,0.00001888
1627623185459000,0,125.93000000,0.00001889
1627623188185000,0,3688.34508500,0.00001889
1627623188185000,0,3520.00000000,0.00001889
1627623188185000,0,3464.43416327,0.00001889
1627623225674000,1,16.51200000,0.00001888
1627623298117000,1,3953.00000000,0.00001887
1627623306292000,1,1584.28119458,0.00001887
1627623540091000,0,417.00000000,0.00001889
1627623540109000,0,2064.00000000,0.00001889
1627623540285000,0,1581.67293601,0.00001889
1627623652974000,1,866.00000000,0.00001887
1627623652996000,1,3087.00000000,0.00001887
1627623652996000,1,1581.51846273,0.00001887
1627623707238000,0,766.00000000,0.00001888
1627623707274000,0,0.86592600,0.00001888
1627623751475000,1,2306.52128800,0.00001887
1627623759619000,1,2430.00000000,0.00001887
1627623767701000,1,1580.00000000,0.00001887
1627623790904000,0,4438.00000000,0.00001889
1627623790904000,0,1580.99743281,0.00001889
1627623848166000,0,22.81822916,0.00001889
1627623857843000,1,1581.35268604,0.00001888
1627623902910000,0,297.00000000,0.00001889
1627623902921000,0,0.26166584,0.00001889
1627623905828000,1,3954.49085757,0.00001888
1627623905828000,1,1581.63634779,0.00001888
1627624014208000,0,140.63019200,0.00001889
1627624042048000,1,4154.20000000,0.00001888
1627624042048000,1,1582.18637874,0.00001888
1627624216988000,1,538.00000000,0.00001889
1627624217121000,1,0.30081600,0.00001889
1627624387328000,0,808.00000000,0.00001891
1627624387343000,0,772.49911909,0.00001891
1627624387343000,0,3951.24779773,0.00001891
1627624406741000,1,4154.20000000,0.00001887
1627624512563000,1,54.73649000,0.00001887
1627624635149000,0,89.51612900,0.00001888
1627624679617000,0,91.37243900,0.00001887
1627624879644000,1,123.40655500,0.00001887
1627625283453000,1,1584.00000000,0.00001886
1627625283458000,1,0.06190202,0.00001886
1627625283458000,1,1583.93809798,0.00001886
1627625283468000,1,2375.41287368,0.00001886
1627625361751000,0,91.43032900,0.00001886
1627625481185000,1,1590.00000000,0.00001883
1627625481200000,1,0.58318764,0.00001883
1627625542474000,0,1553.26537100,0.00001883
1627625556030000,1,1591.00000000,0.00001883
1627625556055000,1,0.25691294,0.00001883
1627625601318000,1,6590.23870000,0.00001882
1627625601318000,1,3520.00000000,0.00001881
1627625601318000,1,1168.74463000,0.00001881
1627625686041000,0,839.01315100,0.00001883
1627625774021000,0,183.54713900,0.00001881
1627625858241000,1,1014.43343600,0.00001880
1627625899515000,0,1592.56163638,0.00001882
1627625899515000,0,1015.76648762,0.00001882
1627625990573000,1,1593.49151387,0.00001879
1627626002353000,0,2016.00000000,0.00001880
1627626002387000,0,0.38675772,0.00001880
1627626011565000,0,3511.00000000,0.00001881
1627626011620000,0,3188.99857702,0.00001881
1627626097486000,0,4250.00000000,0.00001882
1627626388471000,1,18.09586200,0.00001883
1627626388471000,1,1207.38747646,0.00001882
1627626401369000,1,2312.61252354,0.00001882
1627626401369000,1,4315.30000000,0.00001882
1627626401369000,1,1586.08747646,0.00001882
1627626401407000,1,0.68006768,0.00001882
1627626460234000,0,486.00000000,0.00001883
1627626461918000,0,0.87561200,0.00001883
1627626465672000,1,1180.08205000,0.00001882
1627626521587000,1,1824.40000000,0.00001884
1627626896520000,1,134.53332500,0.00001884
1627627066704000,0,4937.00000000,0.00001887
1627627122219000,0,5000.00000000,0.00001888
1627627206891000,1,12.87335100,0.00001887
1627627365302000,0,91.41570800,0.00001884
1627627598409000,1,3719.40000000,0.00001881
1627627598409000,1,1585.60000000,0.00001881
1627627598453000,1,0.68462366,0.00001881
1627627616389000,1,135.00000000,0.00001880
1627627617238000,0,337.37906500,0.00001881
1627627663343000,0,1587.67650804,0.00001883
1627627663343000,0,3968.98570116,0.00001883
1627627685667000,0,894.00000000,0.00001885
1627627688944000,1,1585.03352212,0.00001884
1627627688944000,1,400.00000000,0.00001884
1627627688944000,1,68.94484788,0.00001884
1627627735116000,1,14.86161000,0.00001887
1627627948395000,0,182.94314100,0.00001883
1627628077095000,0,3285.00000000,0.00001884
1627628103969000,1,1586.00000000,0.00001883
1627628103978000,1,0.46899693,0.00001883
1627628344371000,0,837.49183276,0.00001885
1627628389453000,0,3248.82537154,0.00001884
1627628465355000,0,174.61000000,0.00001884
1627628488743000,1,1583.92537668,0.00001881
1627628488743000,1,840.07462332,0.00001881
1627628488743000,1,3121.10621014,0.00001881
1627628583972000,1,1477.65313100,0.00001882
1627628664358000,1,3894.00000000,0.00001882
1627628664358000,1,3959.26554945,0.00001882
1627628664358000,1,1584.09352930,0.00001882
1627628765222000,0,3991.00000000,0.00001884
1627628843286000,1,1585.63496154,0.00001881
1627628867609000,0,23.92280000,0.00001883
1627628867609000,0,6672.75761090,0.00001883
1627628952668000,1,1584.14531666,0.00001883
1627628952668000,1,2180.00714134,0.00001883
1627629050081000,1,52.44749900,0.00001883
1627629061425000,1,392.00000000,0.00001883
1627629079129000,1,35.82799100,0.00001882
1627629137228000,1,1531.00000000,0.00001881
1627629137251000,1,54.48107597,0.00001881
1627629195944000,0,183.02560800,0.00001883
1627629217841000,0,49.64907700,0.00001883
1627629238987000,0,91.51280400,0.00001883
1627629519045000,0,21.24044000,0.00001881
1627629540282000,0,108.74274200,0.00001880
1627629553541000,1,1585.58245715,0.00001879
1627629798356000,1,1590.00000000,0.00001877
1627629817466000,0,11.25184200,0.00001878
1627629817831000,0,18.01847600,0.00001878
1627629819055000,0,387.61074400,0.00001878
1627629894232000,1,15.55113700,0.00001878
1627630053149000,1,246.00000000,0.00001878
1627630053169000,1,1343.88000897,0.00001878
1627630197253000,0,1589.61268734,0.00001878
1627630201667000,1,1000.00000000,0.00001878
1627630201725000,1,587.74579000,0.00001878
1627630201754000,1,0.00000604,0.00001878
1627630278856000,1,1587.00000000,0.00001879
1627630279397000,1,51.66442200,0.00001878
1627630279397000,1,1587.37975136,0.00001878
1627630389581000,0,919.37182900,0.00001877
1627630401794000,0,31.12967000,0.00001877
1627630401959000,0,17.57710500,0.00001877
1627630423236000,0,82.55452200,0.00001877
1627630458741000,1,31.12967000,0.00001877
1627630458741000,1,13.51604000,0.00001877
1627630566991000,1,15.26192514,0.00001876
1627630567004000,1,0.31146786,0.00001876
1627630587602000,1,220.00000000,0.00001877
1627630590917000,1,142.52926500,0.00001877
1627630590917000,1,24.47073500,0.00001877
1627630590969000,1,0.95926500,0.00001877
1627630592501000,1,91.73817500,0.00001877
1627630592501000,1,51.26182500,0.00001877
1627630592566000,1,0.99751600,0.00001877
1627630633779000,0,216.57644500,0.00001877
1627630655831000,1,91.73447400,0.00001877
1627630655831000,1,22.26552600,0.00001877
1627630655854000,1,0.34233900,0.00001877
1627630812382000,1,91.00000000,0.00001878
1627630812429000,1,0.54914500,0.00001878
1627630855714000,0,918.13012300,0.00001880
1627630908669000,1,251.00000000,0.00001880
1627630908683000,1,0.99335400,0.00001880
1627630938356000,1,15.05868629,0.00001878
1627630938356000,1,4294.80000000,0.00001878
1627630946533000,1,2391.00000000,0.00001877
1627630950699000,0,91.46183000,0.00001878
1627630977740000,0,91.55970900,0.00001879
1627630977996000,0,27.12540000,0.00001879
1627630998264000,0,627.16348900,0.00001879
1627631124649000,1,91.00000000,0.00001879
1627631124685000,1,0.60302500,0.00001879
1627631160747000,0,183.20605000,0.00001878
1627631165383000,0,91.55430000,0.00001878
1627631227493000,0,91.65180200,0.00001877
1627631227697000,0,27.18317300,0.00001877
1627631248307000,0,91.65180200,0.00001877
1627631269251000,0,22.15801100,0.00001877
1627631285352000,0,20.53057500,0.00001877
1627631290037000,0,91.72336900,0.00001877
1627631311202000,0,91.72336900,0.00001878
1627631311312000,0,93.35924000,0.00001878
1627631437058000,0,91.56142900,0.00001879
1627631437167000,0,31.03706900,0.00001879
1627631516013000,1,311.19642300,0.00001879
1627631516013000,1,22.44078700,0.00001879
1627631516013000,1,24.35042800,0.00001879
1627631528272000,0,91.61010600,0.00001879
1627631543705000,0,29.59438100,0.00001879
1627631610944000,0,63.26780300,0.00001881
1627631737778000,0,91.64493300,0.00001881
1627631759012000,0,24.26913200,0.00001880
1627631853818000,0,183.32310800,0.00001881
1627631995247000,0,621.67552700,0.00001881
1627632056486000,1,1591.00000000,0.00001880
1627632056863000,1,0.87668931,0.00001880
1627632092229000,0,192.48191489,0.00001880
1627632145906000,0,183.47711200,0.00001879
1627632202811000,0,91.78737900,0.00001880
1627632208732000,0,10.64739600,0.00001879
1627632242196000,1,1594.46708724,0.00001877
1627632294633000,1,1598.00000000,0.00001874
1627632294666000,1,0.85009856,0.00001874
1627632318018000,1,1530.00000000,0.00001875
1627632318034000,1,67.86484364,0.00001875
1627632334401000,0,3520.00000000,0.00001876
1627632334401000,0,1592.04806000,0.00001876
1627632361019000,0,36.24210800,0.00001875
1627632418017000,1,3828.10000000,0.00001873
1627632418017000,1,1600.02070675,0.00001873
1627632418017000,1,2071.87929325,0.00001873
1627632433708000,0,1601.73440414,0.00001873
1627632433708000,0,3520.00000000,0.00001873
1627632433708000,0,210.36223227,0.00001873
1627632479231000,1,53.38203864,0.00001872
1627632483008000,0,17.62858800,0.00001873
1627632499468000,1,1.08942936,0.00001872
1627632509508000,0,94.97555500,0.00001873
1627632557312000,1,92.00000000,0.00001871
1627632557441000,1,0.29761800,0.00001871
1627632595179000,0,275.00757700,0.00001873
1627632633659000,1,908.86270400,0.00001871
1627632638805000,0,71.69187500,0.00001873
1627632639071000,0,19.95959000,0.00001873
1627632687546000,1,3997.95388510,0.00001872
1627632687546000,1,3922.10000000,0.00001872
1627632687546000,1,579.94611490,0.00001872
1627632687654000,1,1018.89250990,0.00001872
1627632687654000,1,9981.10749010,0.00001872
1627632697119000,1,2000.00000000,0.00001871
1627632810462000,0,46.05639100,0.00001873
1627632885066000,1,1600.68782176,0.00001870
1627632885066000,1,3519.99999824,0.00001870
1627632885232000,1,4002.42029000,0.00001870
1627632891076000,1,3520.00000000,0.00001869
1627632891076000,1,1601.47646631,0.00001869
1627632891076000,1,878.52353369,0.00001869
1627632913145000,1,1601.24955000,0.00001870
1627632921969000,1,1601.32016000,0.00001870
1627632944038000,1,0.00000403,0.00001870
1627632944038000,1,3519.99999597,0.00001870
1627632965868000,1,1600.63385000,0.00001871
1627633034509000,0,400.00000000,0.00001872
1627633034509000,0,994.52709900,0.00001872
1627633052867000,0,509.20574200,0.00001872
1627633086506000,0,508.73152600,0.00001872
1627633104401000,1,400.00000000,0.00001867
1627633104451000,1,3120.00000000,0.00001867
1627633106172000,1,400.00000000,0.00001866
1627633106172000,1,3520.00000000,0.00001866
1627633106172000,1,2046.10725000,0.00001866
1627633107006000,1,400.00000000,0.00001866
1627633112365000,0,87.28458500,0.00001867
1627633160166000,1,1602.11799000,0.00001869
1627633163878000,1,400.00000000,0.00001868
1627633163878000,1,4005.82688861,0.00001868
1627633163878000,1,594.17311139,0.00001868
1627633163934000,1,273.82688861,0.00001868
1627633163934000,1,1602.11798139,0.00001868
1627633164066000,1,0.00001037,0.00001868
1627633164406000,1,92.45814300,0.00001867
1627633164406000,1,4378.60000000,0.00001867
1627633164406000,1,400.00000000,0.00001867
1627633164428000,0,1602.11799176,0.00001867
1627633164439000,0,4008.00734457,0.00001867
1627633164504000,0,4559.34820000,0.00001867
1627633164568000,0,405.58140000,0.00001867
1627633215706000,1,1600.88899000,0.00001869
1627633219513000,1,1601.16727000,0.00001869
1627633222733000,1,1600.88899000,0.00001869
1627633230645000,1,1601.28460000,0.00001869
1627633244329000,1,1601.71811000,0.00001868
1627633246515000,1,1601.32743000,0.00001869
1627633271327000,1,53.18574055,0.00001869
1627633291447000,1,450.03432400,0.00001869
1627633298291000,1,295.05541560,0.00001870
1627633314482000,1,104.94458440,0.00001870
1627633314482000,1,192.17072333,0.00001870
1627633316970000,1,1599.74094000,0.00001871
1627633321085000,1,1599.61870000,0.00001871
1627633325687000,1,1599.63580000,0.00001871
1627633338961000,1,1599.76317000,0.00001871
1627633347927000,1,1599.80420000,0.00001871
1627633349548000,0,1599.37514581,0.00001871
1627633354741000,1,86.18851000,0.00001870
1627633372722000,1,1598.94033000,0.00001872
1627633392527000,1,16.00000000,0.00001872
1627633396151000,1,1582.77126216,0.00001872
1627633396151000,1,3996.51179784,0.00001872
1627633410530000,1,3739.30000000,0.00001870
1627633410530000,1,1599.91877000,0.00001870
1627633460097000,1,1600.64076000,0.00001870
1627633478911000,1,1600.47646000,0.00001870
1627633486159000,1,1600.60396000,0.00001870
1627633492944000,1,1600.55433000,0.00001870
1627633497050000,1,1600.62450000,0.00001870
1627633511108000,1,1600.62022000,0.00001870
1627633517540000,1,1600.58257000,0.00001870
1627633528613000,1,1599.78112000,0.00001871
1627633561681000,1,1599.61614000,0.00001871
1627633565582000,1,1599.57511000,0.00001871
1627633586826000,1,1599.17864138,0.00001871
1627633586826000,1,3997.94660345,0.00001871
1627633586826000,1,400.00000000,0.00001871
1627633586826000,1,2003.87482517,0.00001871
1627633596416000,1,1599.75034000,0.00001871
1627633605569000,1,1599.77342000,0.00001871
1627633616407000,1,1599.77342000,0.00001870
1627633627616000,1,1599.73239000,0.00001871
1627633631121000,1,1599.77342000,0.00001871
1627633635672000,1,1599.63494000,0.00001871
1627633637099000,1,3999.92933514,0.00001870
1627633637099000,1,2209.96666486,0.00001870
1627633637151000,1,6500.00000000,0.00001870
1627633637205000,1,1689.78468645,0.00001870
1627633637205000,1,1599.63493355,0.00001870
1627633711549000,1,112.00000000,0.00001871
1627633724982000,1,1598.92496000,0.00001872
1627633732846000,1,400.00000000,0.00001871
1627633732846000,1,871.69663900,0.00001871
1627633765822000,1,1598.11619000,0.00001873
1627633773907000,1,34.50309400,0.00001872
1627633774108000,1,13.33624200,0.00001872
1627633778095000,1,1598.19211000,0.00001873
1627633789124000,1,1598.14263000,0.00001873
1627633794760000,1,16.26442400,0.00001872
1627633803363000,1,1598.98591000,0.00001872
1627633837455000,1,10.89543400,0.00001871
1627633849939000,1,4002.54779779,0.00001871
1627633849939000,1,1600.76428221,0.00001871
1627633872694000,1,1601.66081000,0.00001871
1627633937694000,1,1601.74100922,0.00001870
1627633937694000,1,399.25899078,0.00001870
1627633988667000,0,197.60000000,0.00001869
1627633988989000,0,1333.07527300,0.00001869
1627633992388000,1,1600.00000000,0.00001872
1627633997134000,1,1601.07281000,0.00001872
1627633997203000,1,0.00000225,0.00001872
1627634017875000,1,1600.83940000,0.00001872
1627634025321000,1,434.70271100,0.00001871
1627634053210000,1,61.84294900,0.00001871
1627634055813000,1,1539.12212917,0.00001871
1627634055813000,1,4002.95570564,0.00001871
1627634199850000,1,1604.50322424,0.00001867
1627634201574000,1,1604.50322424,0.00001866
1627634202572000,1,1604.00000000,0.00001865
1627634204272000,1,4251.50000000,0.00001864
1627634204272000,1,713.10430000,0.00001864
1627634204286000,1,891.39892424,0.00001864
1627634204393000,1,1675.08770000,0.00001863
1627634204397000,1,175.33360000,0.00001863
1627634204403000,1,343.60980000,0.00001863
1627634204406000,1,805.73790000,0.00001863
1627634204407000,1,7430.85756614,0.00001863
1627634204407000,1,4012.89043386,0.00001863
1627634204409000,1,0.00010493,0.00001863
1627634204498000,1,4251.50000000,0.00001863
1627634204498000,1,38068.04000000,0.00001861
1627634204659000,1,1604.50322424,0.00001862
1627634204659000,1,2895.49677576,0.00001862
1627634204724000,1,1117.39376303,0.00001862
1627634204724000,1,487.10943697,0.00001862
1627634205410000,1,500.00000000,0.00001859
1627634205437000,1,1104.50322424,0.00001859
1627634211606000,1,3520.00000000,0.00001860
1627634214575000,0,2999.76900000,0.00001861
1627634214603000,0,22.03190000,0.00001861
1627634214608000,0,22.17280000,0.00001861
1627634214684000,0,82.62100000,0.00001861
1627634214697000,0,22.61280000,0.00001861
1627634219494000,1,3520.00000000,0.00001860
1627634237164000,1,1612.43252554,0.00001858
1627634255718000,1,2275.43134000,0.00001858
1627634259843000,1,11.85422100,0.00001857
1627634259843000,1,1614.16912493,0.00001856
1627634259843000,1,4035.42281231,0.00001856
1627634299761000,0,4031.08131386,0.00001861
1627634299761000,0,1612.22459497,0.00001861
1627634327336000,0,185.78146400,0.00001860
1627634344846000,0,126.72000000,0.00001860
1627634384747000,0,1207.00000000,0.00001859
1627634384764000,0,406.83248096,0.00001859
1627634415925000,0,747.00000000,0.00001858
1627634428950000,0,22913.00000000,0.00001856
1627634458890000,1,186.52100000,0.00001857
1627634458891000,1,0.00040200,0.00001857
1627634471152000,0,0.11100000,0.00001858
1627634482589000,1,1622.00000000,0.00001858
1627634482612000,1,0.69567073,0.00001858
1627634488612000,0,2000.00000000,0.00001862
1627634504695000,0,3519.48527423,0.00001863
1627634516821000,0,3520.00000000,0.00001861
1627634522100000,1,1003.00000000,0.00001859
1627634523834000,0,1620.96048441,0.00001862
1627634523834000,0,3519.03951559,0.00001862
1627634524749000,0,3520.00000000,0.00001863
1627634524907000,0,3520.00000000,0.00001863
1627634525103000,0,3520.00000000,0.00001863
1627634532862000,0,4167.00000000,0.00001866
1627634532862000,0,1617.47953849,0.00001866
1627634541550000,1,149.43800000,0.00001865
1627634541586000,1,1480.42890645,0.00001865
1627634541586000,1,1102.85919355,0.00001865
1627634541589000,1,527.31583691,0.00001865
1627634542980000,0,272.88046079,0.00001863
1627634545144000,1,1633.01296000,0.00001863
1627634580042000,0,1418.00000000,0.00001866
1627634580094000,0,214.13735911,0.00001866
1627634591885000,1,3714.30000000,0.00001865
1627634591885000,1,1637.54065200,0.00001865
1627634614659000,1,2195.93649000,0.00001866
1627634641986000,0,6894.07184322,0.00001864
1627634641986000,0,651.92815678,0.00001864
1627634663392000,1,1639.21274869,0.00001861
1627634676443000,0,105.00000000,0.00001864
1627634676512000,0,1533.60299322,0.00001864
1627634678233000,1,1637.00000000,0.00001863
1627634678233000,1,0.72391436,0.00001863
1627634698791000,1,94.00000000,0.00001862
1627634698827000,1,0.34664200,0.00001862
1627634705482000,1,35.13655300,0.00001863
1627634708224000,0,382.96734500,0.00001866
1627634708224000,0,94.33030100,0.00001866
1627634714353000,1,4087.72863267,0.00001864
1627634714353000,1,1635.02489526,0.00001864
1627634715245000,1,4145.10000000,0.00001863
1627634718589000,1,3520.00000000,0.00001863
1627634718589000,1,555.92312600,0.00001863
1627634723454000,1,16.37377100,0.00001863
1627634725067000,1,1620.45163453,0.00001863
1627634725067000,1,2100.54836547,0.00001863
1627634725084000,1,1990.98735952,0.00001863
1627634758067000,1,11.68147800,0.00001863
1627634758827000,1,1636.65853488,0.00001863
1627634758827000,1,4090.88515716,0.00001863
1627634760412000,1,250.86905500,0.00001862
1627634762149000,1,1637.00000000,0.00001863
1627634762195000,1,0.03535957,0.00001863
1627634768369000,1,1012.00000000,0.00001861
1627634768390000,1,625.99181470,0.00001861
1627634769361000,0,527.31580000,0.00001863
1627634769426000,0,1110.83699885,0.00001863
1627634775857000,1,3520.00000000,0.00001863
1627634775857000,1,93.77319000,0.00001863
1627634791584000,1,1643.00000000,0.00001862
1627634791584000,1,0.31277624,0.00001862
1627634813067000,1,1645.00000000,0.00001858
1627634813070000,1,0.45526736,0.00001858
1627634814455000,1,7290.86910000,0.00001857
1627634814456000,1,2254.03610000,0.00001857
1627634814466000,1,111.36400000,0.00001857
1627634814466000,1,713.15500000,0.00001857
1627634814466000,1,326.55425920,0.00001857
1627634814466000,1,81.66554080,0.00001857
1627634814469000,1,4034.18545072,0.00001857
1627634814469000,1,1647.08552782,0.00001857
1627634815069000,1,1647.04298137,0.00001855
1627634815069000,1,10706.80973766,0.00001855
1627634815069000,1,4115.14728097,0.00001855
1627634820378000,0,1651.67120000,0.00001854
1627634820506000,0,0.00003437,0.00001854
1627634820506000,0,1835.10356563,0.00001854
1627634832233000,1,3520.00000000,0.00001856
1627634832233000,1,1647.22647863,0.00001856
1627634832233000,1,4118.77352137,0.00001856
1627634835579000,1,3520.00000000,0.00001856
1627634835579000,1,4480.00000000,0.00001856
1627634835635000,1,2048.88597471,0.00001856
1627634838291000,0,213.76187900,0.00001860
1627634838291000,0,10701.47518032,0.00001860
1627634838291000,0,3520.00000000,0.00001860
1627634838291000,0,400.00000000,0.00001860
1627634838429000,0,400.00000000,0.00001860
1627634853175000,1,60.90762800,0.00001856
1627634878372000,1,11.07900000,0.00001859
1627634884432000,0,197.60000000,0.00001860
1627634896419000,1,1.30521900,0.00001859
1627634914947000,0,172.82480000,0.00001859
1627634915051000,0,0.00004500,0.00001859
1627634943875000,1,1639.29682736,0.00001861
1627634944246000,1,10651.36537976,0.00001860
1627634944246000,1,4096.63462024,0.00001860
1627634944299000,1,0.87523330,0.00001860
1627634951336000,1,1638.67262000,0.00001860
1627634955941000,1,3520.00000000,0.00001859
1627634955941000,1,1643.00000000,0.00001859
1627634956040000,1,0.39136235,0.00001859
1627634977307000,1,1643.39489779,0.00001856
1627635003506000,1,1966.05661700,0.00001856
1627635038462000,1,3520.00000000,0.00001856
1627635038462000,1,1644.98860049,0.00001856
1627635038462000,1,2983.55522951,0.00001855
1627635051872000,0,280.75221172,0.00001858
1627635052143000,0,67.47240000,0.00001858
1627635059226000,1,329.29591700,0.00001858
1627635074329000,1,1652.60782973,0.00001861
1627635077462000,1,1653.77259534,0.00001858
1627635077895000,0,3520.00000000,0.00001858
1627635077995000,0,69.42710000,0.00001858
1627635078025000,0,32.01810000,0.00001858
1627635078062000,0,21.92570000,0.00001858
1627635078062000,0,34.20180000,0.00001858
1627635093005000,1,1654.68529000,0.00001857
1627635103664000,1,571.48704200,0.00001859
1627635104375000,1,1654.00000000,0.00001859
1627635104834000,1,1866.00000000,0.00001859
1627635122030000,1,1652.00000000,0.00001861
1627635122618000,1,1652.58918551,0.00001860
1627635125254000,1,1652.58918551,0.00001859
1627635135423000,0,42.78500100,0.00001860
1627635135423000,0,4568.06489200,0.00001860
1627635143685000,1,53.17102600,0.00001860
1627635156043000,0,605.09590000,0.00001860
1627635156091000,0,518.19090000,0.00001860
1627635156197000,0,1343.25690000,0.00001860
1627635156225000,0,80.79860000,0.00001860
1627635180590000,0,21.44561400,0.00001861
1627635192692000,1,4130.52708134,0.00001861
1627635192692000,1,1652.13349866,0.00001861
1627635214241000,1,1650.53062538,0.00001864
1627635214241000,1,6731.16229462,0.00001864
1627635228099000,1,151.44480300,0.00001864
1627635243827000,0,695.17524100,0.00001865
1627635265300000,1,1652.00000000,0.00001863
1627635294129000,1,1825.00000000,0.00001864
1627635294161000,1,0.29907300,0.00001864
1627635326105000,1,1646.51890635,0.00001865
1627635326105000,1,4116.29726587,0.00001865
1627635331763000,1,2267.00000000,0.00001864
1627635407427000,1,1647.00000000,0.00001866
1627635407498000,1,0.14473116,0.00001866
1627635415214000,1,192.80576200,0.00001865
1627635430483000,1,1645.53119126,0.00001866
1627635430483000,1,4115.46880874,0.00001866
1627635430483000,1,0.81160140,0.00001866
1627635465982000,0,512.00000000,0.00001869
1627635479069000,1,11.29837900,0.00001868
1627635539547000,0,1645.92879504,0.00001864
1627635539547000,0,4114.82198761,0.00001864
1627635553395000,0,3520.00000000,0.00001864
1627635656402000,0,1647.00000000,0.00001867
1627635662371000,0,1647.00000000,0.00001867
1627635662442000,0,0.39846709,0.00001867
1627635671659000,0,3407.00000000,0.00001868
1627635677297000,0,139.00000000,0.00001869
1627635677382000,0,1506.26144838,0.00001869
1627635758331000,1,3520.00000000,0.00001867
1627635758331000,1,6825.33210000,0.00001867
1627635758532000,0,3520.00000000,0.00001867
1627635758708000,0,5591.57292600,0.00001867
1627635792817000,0,1645.00000000,0.00001869
1627635808806000,0,1647.00000000,0.00001868
1627635808857000,0,0.69739389,0.00001868
1627635816676000,0,1037.00000000,0.00001869
1627635878262000,1,144.05378900,0.00001865
1627636025632000,0,3520.00000000,0.00001871
1627636026312000,0,3422.00000000,0.00001872
1627636026344000,0,98.00000000,0.00001872
1627636026344000,0,5420.00000000,0.00001872
1627636118773000,1,1869.61465400,0.00001869
1627636144026000,0,1649.00000000,0.00001871
1627636151188000,0,89.00000000,0.00001869
1627636151201000,0,107.00000000,0.00001869
1627636168398000,0,6927.32923242,0.00001869
1627636265708000,0,1653.00000000,0.00001866
1627636296844000,0,1652.00000000,0.00001866
1627636314520000,0,4332.70000000,0.00001867
1627636314520000,0,4132.45353952,0.00001867
1627636314520000,0,1652.88564402,0.00001867
1627636327427000,0,1651.00000000,0.00001868
1627636331693000,1,118.00000000,0.00001867
1627636342026000,0,1650.00126672,0.00001869
1627636343194000,1,14.85298000,0.00001867
1627636394206000,1,28.00000000,0.00001868
1627636394843000,1,100.96661700,0.00001868
1627636395819000,0,49.85767025,0.00001869
1627636395819000,0,1648.14232975,0.00001869
1627636416662000,1,450.00000000,0.00001868
1627636431077000,1,294.81620500,0.00001868
1627636437631000,0,1648.00000000,0.00001869
1627636459881000,1,399.91139300,0.00001867
1627636460681000,1,19.67177000,0.00001867
1627636474988000,0,1649.70705946,0.00001868
1627636474988000,0,6927.68821911,0.00001868
1627636474988000,0,3519.60472143,0.00001868
1627636474999000,0,3035.00000000,0.00001868
1627636507279000,0,1649.00000000,0.00001868
1627636507309000,0,0.90943185,0.00001868
1627636548274000,0,4120.68796457,0.00001870
1627636548274000,0,1648.28380952,0.00001870
1627636548871000,0,1647.19082754,0.00001871
1627636548871000,0,4117.96834777,0.00001871
1627636565700000,1,28.98122200,0.00001869
1627636587307000,1,1707.80303900,0.00001870
1627636590227000,0,282.00000000,0.00001872
1627636622713000,1,13.14737900,0.00001870
1627636627989000,0,0.48587500,0.00001872
1627636628945000,1,13.00569200,0.00001870
1627636651358000,1,16.19593600,0.00001871
1627636661381000,0,1646.00000000,0.00001872
1627636661435000,0,0.17976011,0.00001872
1627636667071000,0,221.00000000,0.00001872
1627636667098000,0,213.00000000,0.00001872
1627636671392000,0,3470.00000000,0.00001871
1627636671408000,0,0.92193500,0.00001871
1627636671408000,0,156.46266300,0.00001871
1627636692038000,1,33.54824200,0.00001872
1627636791356000,0,3520.00000000,0.00001872
1627636808371000,0,3520.00000000,0.00001872
1627636808371000,0,1645.00000000,0.00001872
1627636818410000,1,6868.83530000,0.00001870
1627636831880000,0,3520.00000000,0.00001871
1627636870748000,1,94.00000000,0.00001869
1627636870779000,1,0.71242500,0.00001869
1627636873313000,0,4199.00000000,0.00001870
1627636873314000,0,0.90000000,0.00001870
1627636906613000,1,197.60000000,0.00001868
1627636962695000,0,29.38502600,0.00001870
1627636963126000,0,94.76307300,0.00001870
1627636963228000,0,210.27595500,0.00001870
1627636989409000,1,2226.00000000,0.00001870
1627636989425000,1,1294.00000000,0.00001870
1627637090987000,1,3520.00000000,0.00001869
1627637138560000,0,9886.00000000,0.00001867
1627637179262000,0,807.00000000,0.00001869
1627637192521000,0,95.02089000,0.00001869
1627637222852000,0,14030.00000000,0.00001871
1627637222887000,0,3436.00000000,0.00001871
1627637293013000,1,1657.68508742,0.00001864
1627637293013000,1,4144.55387588,0.00001864
1627637293013000,1,5008.76103670,0.00001864
1627637293078000,1,5767.12220173,0.00001864
1627637296517000,1,2945.21210000,0.00001861
1627637296647000,1,1657.68508742,0.00001861
1627637309899000,1,480.83784000,0.00001865
1627637309976000,1,0.00000600,0.00001865
1627637326550000,0,3645.50000000,0.00001865
1627637326550000,0,10196.50000000,0.00001865
1627637327364000,0,3645.50000000,0.00001866
1627637327364000,0,8355.50000000,0.00001866
1627637343634000,1,1662.64444170,0.00001863
1627637343634000,1,4156.65099777,0.00001863
1627637346979000,0,1662.13260967,0.00001865
1627637356012000,0,6995.94939091,0.00001864
1627637357817000,0,6990.62971765,0.00001865
1627637357817000,0,116.37028235,0.00001865
1627637357823000,0,2417.00000000,0.00001865
1627637380596000,0,1801.00000000,0.00001865
1627637380669000,0,0.16223986,0.00001865
1627637382980000,0,3645.50000000,0.00001866
1627637382980000,0,249.50000000,0.00001866
1627637404046000,1,1663.27291000,0.00001864
1627637440345000,1,10.86540800,0.00001867
1627637460942000,1,222.14587000,0.00001866
1627637524659000,0,3520.00000000,0.00001869
1627637721031000,0,20.86719400,0.00001870
1627637737151000,1,518.26398700,0.00001869
1627637753690000,0,1653.00242790,0.00001870
1627637753690000,0,1154.99757210,0.00001870
1627637753743000,0,2977.50849765,0.00001870
1627637753743000,0,10744.51578136,0.00001870
1627637753857000,0,1653.88730000,0.00001869
1627637753883000,0,0.00003284,0.00001869
1627637853507000,0,6940.56765602,0.00001871
1627637853507000,0,3743.43234398,0.00001871
1627637853541000,0,0.86765602,0.00001871
1627637861271000,1,34.00000000,0.00001870
1627637861367000,1,781.26325200,0.00001870
1627637882342000,0,3744.30000000,0.00001873
1627637882411000,1,30.00000000,0.00001871
1627637915983000,0,3744.00000000,0.00001874
1627637916002000,0,0.30000000,0.00001874
1627637963824000,0,2042.14679500,0.00001873
1627638020797000,0,6938.00000000,0.00001872
1627638031894000,0,0.68264340,0.00001872
1627638031894000,0,94.13637860,0.00001873
1627638091341000,0,371.28896400,0.00001869
1627638144031000,1,1650.34922380,0.00001869
1627638144031000,1,3520.00000000,0.00001869
1627638144031000,1,4117.31157875,0.00001869
1627638351131000,0,1650.85826780,0.00001870
1627638354970000,0,3707.00000000,0.00001871
1627638372140000,1,877.28462200,0.00001870
1627638384418000,0,3707.00000000,0.00001873
1627638384419000,0,0.60000000,0.00001873
1627638413373000,1,32.80000000,0.00001872
1627638442606000,0,42.29800000,0.00001875
1627638442841000,0,0.00088800,0.00001875
1627638442841000,0,3707.60000000,0.00001876
1627638442841000,0,18587.39911200,0.00001876
1627638460396000,1,1677.67781100,0.00001874
1627638477794000,1,134.28533000,0.00001875
1627638498963000,1,16.83385700,0.00001876
1627638515682000,1,1643.00000000,0.00001875
1627638644207000,0,4116.00000000,0.00001873
1627638644275000,0,0.69376146,0.00001873
1627638645669000,1,1646.07746434,0.00001872
1627638709637000,0,3520.00000000,0.00001874
1627638709637000,0,6908.60302388,0.00001874
1627638709637000,0,3707.39697612,0.00001874
1627638741777000,1,1644.78199882,0.00001872
1627638778875000,0,34.70113100,0.00001872
1627639079040000,0,4312.11731100,0.00001873
1627639236500000,1,1638.13057532,0.00001870
1627639236500000,1,4095.87146036,0.00001870
1627639275092000,0,1640.10176615,0.00001870
1627639275092000,0,4100.25441537,0.00001870
1627639404089000,0,1641.00000000,0.00001869
1627639468778000,1,1368.00000000,0.00001869
1627639655858000,1,944.60509100,0.00001870
1627639666900000,0,688.00000000,0.00001870
1627639694142000,0,0.14092000,0.00001870
1627639734342000,0,1641.88714173,0.00001871
1627639734342000,0,4104.71785434,0.00001871
1627639745519000,1,42.29800000,0.00001870
1627640317146000,0,94.71628700,0.00001867
1627640341444000,1,18.77605800,0.00001867
1627640387321000,0,2912.00000000,0.00001867
1627640403494000,1,94.00000000,0.00001867
1627640406162000,1,0.76648700,0.00001867
1627640456209000,1,420.86041057,0.00001867
1627640734247000,0,82.00000000,0.00001868
1627640734268000,0,0.62810000,0.00001868
1627640772291000,1,3520.00000000,0.00001868
1627640776510000,1,116.90479500,0.00001868
1627640805770000,0,62.31200000,0.00001868
1627640805853000,0,0.00038800,0.00001868
1627641151068000,1,78.00000000,0.00001865
1627641154158000,1,1499.94911939,0.00001865
1627641215899000,1,74.19196400,0.00001866
1627641216303000,1,178.35129700,0.00001866
1627641341198000,1,5289.17888000,0.00001865
1627641550957000,0,1643.82194705,0.00001867
1627641550957000,0,4109.55486761,0.00001867
1627641551348000,0,2966.00000000,0.00001868
1627641575540000,1,619.56600000,0.00001869
1627641577682000,1,186.86885331,0.00001869
1627641583182000,1,107.92432629,0.00001869
1627641587381000,1,39.97200000,0.00001869
1627641652651000,1,23.50000000,0.00001867
1627641744434000,0,132.00000000,0.00001866
1627641744461000,0,0.46001500,0.00001866
1627641754822000,1,555.91127900,0.00001865
1627641756781000,1,1034.51187500,0.00001865
1627641785198000,0,195.05000000,0.00001867
1627641795487000,0,22.61900000,0.00001865
1627641840585000,0,0.00036000,0.00001865
1627641922311000,1,660.12714600,0.00001865
1627641945053000,1,40.53074100,0.00001866
1627642059716000,0,1639.70611587,0.00001865
1627642059716000,0,2482.29388413,0.00001865
1627642059755000,0,1554.00000000,0.00001865
1627642059768000,0,62.97140554,0.00001865
1627642275077000,0,1637.52323177,0.00001864
1627642275077000,0,4093.47676823,0.00001864
1627642275116000,0,0.33131119,0.00001864
1627642503426000,1,86.06122400,0.00001862
1627642592776000,1,19.73120000,0.00001863
1627642630167000,1,6852.95560000,0.00001863
1627642630167000,1,400.00000000,0.00001863
1627642630167000,1,6901.96640940,0.00001863
1627642647547000,0,49.99900000,0.00001864
1627643023413000,1,102.06262900,0.00001860
1627643126474000,1,3512.51700000,0.00001860
1627643146989000,1,334.16714400,0.00001859
1627643331917000,1,159.56470900,0.00001862
1627643434637000,1,2027.00000000,0.00001861
1627643496841000,1,195.90725100,0.00001862
1627643518961000,0,166.00000000,0.00001862
1627643519169000,0,0.61991800,0.00001862
1627643641500000,1,451.40642600,0.00001860
1627643719634000,0,33.42400000,0.00001860
1627643725092000,0,0.00074200,0.00001860
1627643788004000,1,18.32972200,0.00001860
1627644405497000,1,1640.49037000,0.00001864
1627644417164000,0,4109.00000000,0.00001865
1627644417210000,0,3109.00000000,0.00001865
1627644417246000,0,2782.00000000,0.00001865
1627644476273000,1,492.67583000,0.00001864
1627644497135000,1,16.68334800,0.00001863
1627644518108000,1,52.89511700,0.00001864
1627644701787000,1,1641.12378268,0.00001861
1627644714387000,0,9002.00000000,0.00001862
1627644714394000,0,0.13334400,0.00001862
1627644747351000,1,667.94880800,0.00001863
1627644785263000,0,144.42000000,0.00001864
1627644790380000,0,29.24600000,0.00001863
1627644804450000,0,4.47076500,0.00001863
1627645202048000,1,3500.51214900,0.00001860
1627645223794000,0,3520.00000000,0.00001861
1627645223794000,0,6911.00000000,0.00001861
1627645278392000,0,0.85969802,0.00001861
1627645285370000,1,2142.40992500,0.00001860
1627645388917000,1,2297.32315500,0.00001861
1627645397421000,0,3520.00000000,0.00001863
1627645397421000,0,6922.00000000,0.00001863
1627645629672000,0,0.43418616,0.00001863
1627645629672000,0,4112.15502864,0.00001863
1627645629672000,0,5384.97630425,0.00001863
1627645629672000,0,1644.73787659,0.00001863
1627645685279000,0,130.29000000,0.00001865
1627645711523000,1,1641.48737453,0.00001863
1627645896265000,0,1272.74572900,0.00001862
1627645904945000,0,188.93681200,0.00001861
1627645925566000,0,96.30102500,0.00001861
1627645945657000,0,16.63296800,0.00001861
1627645967581000,1,1646.05537851,0.00001860
1627646006541000,1,2948.00000000,0.00001863
1627646009145000,0,3284.00000000,0.00001864
1627646009146000,0,275.21889000,0.00001864
1627646444417000,0,1647.81978283,0.00001866
1627646444417000,0,6931.68504248,0.00001866
1627646444417000,0,4118.09519314,0.00001866
1627646444417000,0,6939.27702977,0.00001867
1627646444417000,0,8648.96295178,0.00001867
1627646558415000,0,13.70386500,0.00001866
1627646558415000,0,219.29613500,0.00001866
1627646772290000,0,277.00000000,0.00001866
1627646772316000,0,0.15472100,0.00001866
1627646791745000,1,41.73390000,0.00001865
1627646801996000,1,14.08799200,0.00001865
1627646823231000,1,796.58109400,0.00001865
1627646862099000,0,4039.44033800,0.00001866
1627647031212000,1,18.47690000,0.00001865
1627647031866000,1,81.42377000,0.00001865
1627647064952000,1,1488.58527601,0.00001866
1627647067057000,1,73.94800668,0.00001866
1627647112557000,1,68.28519000,0.00001865
1627647283741000,0,3520.00000000,0.00001866
1627647425773000,0,94.45335600,0.00001867
1627647436790000,0,1643.00000000,0.00001866
1627647487578000,0,188.95349600,0.00001867
1627647487682000,1,615.32602700,0.00001865
1627647665892000,0,260.17000000,0.00001865
1627647813878000,0,51.21848000,0.00001866
1627647813878000,0,400.00000000,0.00001866
1627648137762000,0,16.75818000,0.00001863
1627648138043000,0,16.74168800,0.00001863
1627648138241000,0,24.14057900,0.00001863
1627648153433000,0,54.46886200,0.00001863
1627648174256000,0,94.63111400,0.00001863
1627648215731000,0,94.63111400,0.00001863
1627648216155000,0,18.56377500,0.00001863
1627648237696000,0,94.63111400,0.00001862
1627648237942000,0,28.00458800,0.00001862
1627648258706000,0,189.31305100,0.00001862
1627648325520000,0,1646.44560622,0.00001862
1627648358512000,1,4388.10000000,0.00001861
1627648359944000,0,27466.00000000,0.00001862
1627648359980000,0,6719.00000000,0.00001862
1627648429844000,0,94.63111400,0.00001862
1627648450799000,0,94.68193700,0.00001863
1627648814513000,1,94.00000000,0.00001862
1627648814548000,1,0.56519700,0.00001862
1627649041027000,1,85.00000000,0.00001861
1627649261588000,1,1641.00000000,0.00001863
1627649261631000,1,0.37007719,0.00001863
1627649569069000,0,1642.97151785,0.00001864
1627649569069000,0,4107.42879462,0.00001864
1627649884839000,0,325.46000000,0.00001864
1627649974970000,0,4101.00000000,0.00001861
1627649974985000,0,0.40000000,0.00001861
1627649989726000,0,28.01857500,0.00001861
1627650010803000,0,94.68854600,0.00001861
1627650059040000,0,4243.00000000,0.00001861
1627650059134000,0,0.50000000,0.00001861
1627650078751000,0,868.00000000,0.00001862
1627650123140000,0,504.06191400,0.00001862
1627650139533000,0,22.49949900,0.00001861
1627650147443000,0,117.62229800,0.00001861
1627650160260000,0,93.66269300,0.00001861
1627650304963000,0,130.50000000,0.00001863
1627650424967000,0,1644.92808069,0.00001862
1627650424967000,0,3520.00000000,0.00001862
1627650424967000,0,89.59191931,0.00001862
1627650652280000,0,94.67959700,0.00001863
1627650652510000,0,11.19004700,0.00001863
1627650673266000,0,189.35919400,0.00001863
1627651023966000,0,1644.87971757,0.00001863
1627651052441000,0,94.62880300,0.00001863
1627651074023000,0,94.67959700,0.00001863
1627651094277000,0,95.03555100,0.00001863
1627651145120000,0,309.55000000,0.00001864
1627651164406000,1,255.00000000,0.00001861
1627651201295000,0,94.67959700,0.00001863
1627651224250000,0,94.67959700,0.00001863
1627651377069000,0,382.22559000,0.00001863
1627651403974000,1,48.27510000,0.00001861
1627651404042000,1,28.43930000,0.00001861
1627651404052000,1,84.04510000,0.00001861
1627651404070000,1,31.93100000,0.00001861
1627651404106000,1,83.81960000,0.00001861
1627651404120000,1,70.54760000,0.00001861
1627651404141000,1,33.22150000,0.00001861
1627651404183000,1,152.93280000,0.00001861
1627651404234000,1,30.89970000,0.00001861
1627651404251000,1,14.20450000,0.00001861
1627651404279000,1,22.16520000,0.00001861
1627651404301000,1,82.57350000,0.00001861
1627651404336000,1,16.72530000,0.00001861
1627651404364000,1,192.42050000,0.00001861
1627651404376000,1,29.86050000,0.00001861
1627651441066000,1,71.10950000,0.00001861
1627651441078000,1,200.06190000,0.00001861
1627651441099000,1,101.33500000,0.00001861
1627651441113000,1,70.42830000,0.00001861
1627651441125000,1,33.80030000,0.00001861
1627651441156000,1,45.36420000,0.00001861
1627651441170000,1,70.55740000,0.00001861
1627651441171000,1,37.93960000,0.00001861
1627651441217000,1,29.72250000,0.00001861
1627651441232000,1,29.78570000,0.00001861
1627651441239000,1,71.56760000,0.00001861
1627651441241000,1,34.54440000,0.00001861
1627651441253000,1,29.46380000,0.00001861
1627651441282000,1,84.45680000,0.00001861
1627651441289000,1,336.62680000,0.00001861
1627651441293000,1,476.05330000,0.00001861
1627651441329000,1,34.65190000,0.00001861
1627651441405000,1,38.68410000,0.00001861
1627651441417000,1,16.87790000,0.00001861
1627651441425000,1,69.96070000,0.00001861
1627651441435000,1,83.94630000,0.00001861
1627651441442000,1,32.58300000,0.00001861
1627651441449000,1,17.58490000,0.00001861
1627651465833000,1,3869.20000000,0.00001860
1627651465833000,1,38250.00000000,0.00001860
1627651467556000,1,83.87580000,0.00001858
1627651467570000,1,79.90730000,0.00001858
1627651467602000,1,35.60040000,0.00001858
1627651467641000,1,35.16500000,0.00001858
1627651467688000,1,339.13850000,0.00001858
1627651467755000,1,14.05260000,0.00001858
1627651502668000,1,82.94190000,0.00001859
1627651506368000,0,94.68854600,0.00001861
1627651507807000,1,14.12210000,0.00001859
1627651507808000,1,33.10730000,0.00001859
1627651507838000,1,28.75740000,0.00001859
1627651507886000,1,38.30620000,0.00001859
1627651512135000,1,2813.00000000,0.00001858
1627651530082000,1,184.35660000,0.00001857
1627651548157000,1,33.29100000,0.00001858
1627651548196000,1,84.98810000,0.00001858
1627651548198000,1,95.32800000,0.00001858
1627651548209000,1,77.19270000,0.00001858
1627651548214000,1,37.10450000,0.00001858
1627651548216000,1,79.07310000,0.00001858
1627651548240000,1,34.62870000,0.00001858
1627651548245000,1,314.00530000,0.00001858
1627651548261000,1,34.82080000,0.00001858
1627651548270000,1,89.76480000,0.00001858
1627651548281000,1,216.44720000,0.00001858
1627651548294000,1,162.75840000,0.00001858
1627651548309000,1,84.04510000,0.00001858
1627651548310000,1,87.54820000,0.00001858
1627651548346000,1,32.57860000,0.00001858
1627651548348000,1,82.57350000,0.00001858
1627651548372000,1,34.80930000,0.00001858
1627651548398000,1,712.13500000,0.00001858
1627651548432000,1,33.39170000,0.00001858
1627651548470000,1,33.74060000,0.00001858
1627651548471000,1,28.15380000,0.00001858
1627651548480000,1,78.58830000,0.00001858
1627651548482000,1,17.08570000,0.00001858
1627651548502000,1,31.38370000,0.00001858
1627651548526000,1,19.00320000,0.00001858
1627651548526000,1,71.82470000,0.00001858
1627651548527000,1,43.60200000,0.00001858
1627651548546000,1,36.52940000,0.00001858
1627651548558000,1,327.79870000,0.00001858
1627651548578000,1,40.36540000,0.00001858
1627651596272000,1,1645.76114977,0.00001858
1627651596272000,1,4114.40287442,0.00001858
1627651600651000,1,322.36660000,0.00001858
1627651600661000,1,98.75970000,0.00001858
1627651608726000,1,339.42630000,0.00001858
1627651608735000,1,84.65710000,0.00001858
1627651608744000,1,78.92330000,0.00001858
1627651608747000,1,18.56880000,0.00001858
1627651608788000,0,380.52598100,0.00001860
1627651609592000,0,13.85256700,0.00001860
1627651613104000,0,94.73945400,0.00001860
1627651616366000,1,703.05934977,0.00001858
1627651616366000,1,223.36275023,0.00001858
1627651633688000,0,6934.78707145,0.00001860
1627651675358000,0,94.68854600,0.00001861
1627651675954000,1,24.57652000,0.00001860
1627651675954000,1,9.65938000,0.00001860
1627651675971000,1,35.11800000,0.00001860
1627651776043000,0,49.96207400,0.00001861
1627651797129000,0,20.65588100,0.00001861
1627651925012000,0,130.29000000,0.00001860
1627651939086000,0,685.00000000,0.00001860
1627651982893000,1,28.04700000,0.00001860
1627651987926000,1,0.00064900,0.00001860
1627651994079000,0,94.55414300,0.00001860
1627652046622000,0,325.95505600,0.00001860
1627652088959000,1,6934.99124380,0.00001857
1627652088959000,1,2966.86215620,0.00001857
1627652088977000,1,65.42860000,0.00001857
1627652088984000,1,120.36610000,0.00001857
1627652088985000,1,208.73340000,0.00001857
1627652088987000,1,42.61420000,0.00001857
1627652088996000,1,144.68990000,0.00001857
1627652088996000,1,49.13240000,0.00001857
1627652089005000,1,230.42320000,0.00001857
1627652089007000,1,109.98940000,0.00001857
1627652089009000,1,125.30010000,0.00001857
1627652089014000,1,13.73580000,0.00001857
1627652089021000,1,722.31119268,0.00001857
1627652089021000,1,4117.90235714,0.00001857
1627652089128000,1,5508.60970000,0.00001856
1627652089192000,1,2895.24810000,0.00001856
1627652089208000,1,144.32260000,0.00001856
1627652089210000,1,1405.25370000,0.00001856
1627652089212000,1,304.79000000,0.00001856
1627652089219000,1,250.30070000,0.00001856
1627652089228000,1,202.52120000,0.00001856
1627652089298000,1,0.00004141,0.00001856
1627652089439000,1,1647.16094286,0.00001856
1627652089439000,1,4117.90225714,0.00001856
1627652089445000,1,0.00010000,0.00001856
1627652141897000,0,94.84149000,0.00001856
1627652159331000,0,19.12287800,0.00001856
1627652248035000,0,68.30821600,0.00001857
1627652269001000,0,93.77438300,0.00001857
1627652284999000,0,24.59707100,0.00001856
1627652292080000,0,36.16244900,0.00001857
1627652309916000,0,1815.98931400,0.00001857
1627652372285000,1,11.81779600,0.00001855
1627652372285000,1,3519.18220400,0.00001855
1627652372377000,1,0.81779600,0.00001855
1627652401657000,0,1644.56719202,0.00001857
1627652593358000,0,1487.00000000,0.00001857
1627652622452000,0,14.86697900,0.00001857
1627652662102000,0,6000.00000000,0.00001858
1627652805985000,1,27.76390000,0.00001859
1627652824294000,0,3520.00000000,0.00001860
1627652961755000,0,1641.97003680,0.00001859
1627652961755000,0,6918.89647061,0.00001859
1627652961755000,0,4106.29045460,0.00001859
1627652962086000,0,611.00000000,0.00001860
1627653051675000,1,3520.00000000,0.00001858
1627653051675000,1,4235.50000000,0.00001858
1627653079415000,0,2560.00000000,0.00001858
1627653079415000,0,4967.00000000,0.00001858
1627653079444000,0,473.00000000,0.00001858
1627653105452000,0,312.00000000,0.00001859
1627653113461000,1,1642.51071334,0.00001857
1627653113461000,1,1565.48928666,0.00001857
1627653113464000,1,2539.52334689,0.00001857
1627653121227000,1,6734.28330000,0.00001855
1627653121227000,1,1644.30247496,0.00001855
1627653124541000,0,1667.00000000,0.00001856
1627653157505000,0,90.83018900,0.00001856
1627653162662000,0,94.79041800,0.00001856
1627653173844000,1,1645.77701239,0.00001854
1627653173844000,1,4113.58415403,0.00001854
1627653173844000,1,5240.63883358,0.00001854
1627653173934000,1,5454.67996689,0.00001854
1627653176719000,0,108.12303400,0.00001855
1627653213056000,0,1646.57488798,0.00001854
1627653213056000,0,2451.42511202,0.00001854
1627653234155000,0,57.16038400,0.00001854
1627653234319000,1,1646.94804279,0.00001852
1627653243706000,0,222.87669700,0.00001853
1627653249436000,0,1648.97936768,0.00001852
1627653249436000,0,3520.00000000,0.00001852
1627653249436000,0,6499.02063232,0.00001852
1627653268211000,0,26.13269600,0.00001852
1627653293509000,0,16.69096200,0.00001852
1627653294579000,0,1648.91393978,0.00001852
1627653393956000,0,474.62626500,0.00001851
1627653449142000,1,17.70500000,0.00001851
1627653449143000,1,0.00039900,0.00001851
1627653457273000,0,14.06182100,0.00001851
1627653479005000,1,95.00000000,0.00001851
1627653497082000,1,0.07247700,0.00001851
1627653550516000,0,317.10178700,0.00001851
1627653695829000,0,93.67909200,0.00001850
1627653806346000,1,18.21507200,0.00001852
1627653835053000,0,6500.00000000,0.00001852
1627653835053000,0,6941.97353173,0.00001852
1627653835053000,0,1647.33015702,0.00001852
1627653835053000,0,3520.00000000,0.00001852
1627653888919000,0,6943.28352283,0.00001851
1627653888919000,0,3727.50000000,0.00001851
1627653888919000,0,1647.21647717,0.00001851
1627653888949000,0,0.27753757,0.00001851
1627653994866000,0,94.95575800,0.00001851
1627654017608000,1,95.00600000,0.00001851
1627654045602000,1,0.00052100,0.00001851
1627654045602000,1,284.99947900,0.00001851
1627654045774000,1,0.02008400,0.00001851
1627654056324000,0,3727.50000000,0.00001852
1627654056324000,0,1646.74510583,0.00001852
1627654082084000,0,1646.00000000,0.00001851
1627654123686000,0,95.05734000,0.00001849
1627654123937000,0,28.11446700,0.00001849
1627654125221000,0,17.19384200,0.00001849
1627654129864000,0,1647.26693575,0.00001849
1627654242008000,0,1642.88204495,0.00001849
1627654242008000,0,4108.83643735,0.00001849
1627654242008000,0,550.28151770,0.00001849
1627654242051000,0,10132.68011972,0.00001849
1627654259905000,0,84.07855800,0.00001850
1627654281647000,1,6816.18540000,0.00001848
1627654282193000,0,1183.00000000,0.00001848
1627654297130000,0,93.86878800,0.00001850
1627654364692000,0,4099.49596914,0.00001851
1627654364692000,0,1639.47218086,0.00001851
1627654368272000,0,1637.70170655,0.00001853
1627654381053000,1,1635.68536223,0.00001854
1627654425569000,0,94.29869200,0.00001854
1627654510111000,0,94.40356300,0.00001853
1627654774182000,0,1638.72648927,0.00001854
1627654774182000,0,4096.81611073,0.00001854
1627654774199000,0,0.00011245,0.00001854
1627654774325000,0,868.00000000,0.00001855
1627654774325000,0,10650.32720985,0.00001855
1627654865261000,1,56.84200000,0.00001854
1627654988290000,0,94.44332100,0.00001852
1627655372673000,0,4023.00000000,0.00001852
1627655372697000,0,111.80000000,0.00001852
1627655372697000,0,67.20000000,0.00001852
1627655372698000,0,800.80000000,0.00001852
1627655372698000,0,556.20000000,0.00001852
1627655606255000,0,11.97550800,0.00001852
1627655606834000,1,3520.00000000,0.00001850
1627655606834000,1,3672.50000000,0.00001850
1627655802223000,0,35.64921748,0.00001853
1627655838423000,0,37.06910000,0.00001854
1627655838423000,0,6926.81505757,0.00001854
1627655838423000,0,4102.52028416,0.00001854
1627655838423000,0,1640.93022349,0.00001854
1627655838423000,0,3519.66533478,0.00001854
1627656009495000,1,255.00000000,0.00001852
1627656053867000,1,18.84026000,0.00001853
1627656080648000,0,69.50737981,0.00001856
1627656347635000,1,11.21304000,0.00001852
1627656392436000,1,13.86540000,0.00001852
1627656505525000,1,3520.00000000,0.00001852
1627656532203000,1,18.25276600,0.00001850
1627656639315000,1,13.02614100,0.00001851
1627656688774000,1,21.13339600,0.00001853
1627656753196000,0,741.66391200,0.00001853
1627656753196000,0,15.51477800,0.00001853
1627656753196000,0,13.82131000,0.00001853
1627656753221000,0,0.04682900,0.00001853
1627656783284000,1,12.37508000,0.00001852
1627656783375000,1,1205.99907421,0.00001852
1627656784636000,1,1499.78750523,0.00001852
1627656785961000,1,1233.65166000,0.00001852
1627656787453000,1,61.71149331,0.00001853
1627656912056000,1,1915.74443300,0.00001852
1627657054309000,1,158.83683000,0.00001852
1627657113190000,0,4407.00000000,0.00001854
1627657113256000,0,0.80000000,0.00001854
1627657123651000,1,62.08760000,0.00001852
1627657273364000,0,4424.00000000,0.00001855
1627657355524000,0,416.18970400,0.00001852
1627657510725000,0,6929.85057232,0.00001853
1627657510725000,0,4398.14942768,0.00001853
1627657512237000,0,0.05057232,0.00001853
1627657512237000,0,6934.94942768,0.00001853
1627657614671000,0,0.68697892,0.00001853
1627657614671000,0,6936.71848644,0.00001853
1627657614671000,0,2553.42541164,0.00001853
1627657649003000,1,1644.00000000,0.00001851
1627657649004000,1,0.35638934,0.00001851
1627657658486000,0,3520.00000000,0.00001852
1627657658486000,0,3810.61172600,0.00001852
1627657679788000,0,94.67579200,0.00001852
1627657703584000,0,74.95002700,0.00001852
1627657716604000,0,18.98786000,0.00001851
1627657786923000,0,113.30315300,0.00001851
1627657824291000,0,475.03793566,0.00001851
1627657895988000,0,94.77808900,0.00001851
1627657901067000,0,25.51099000,0.00001851
1627657905850000,0,52.51450400,0.00001851
1627657947091000,0,13.54869600,0.00001851
1627658009104000,0,63.36710700,0.00001850
1627658035666000,0,97.83761900,0.00001848
1627658044785000,0,130.58000000,0.00001848
1627658071739000,0,20.53794500,0.00001848
1627658072324000,0,680.39268700,0.00001848
1627658080344000,0,10701.38058927,0.00001848
1627658080344000,0,3467.61941073,0.00001848
1627658080463000,0,648.41038632,0.00001848
1627658080463000,0,1646.42147368,0.00001848
1627658158770000,0,1016.00000000,0.00001849
1627658158772000,0,0.71488290,0.00001849
1627658288850000,0,19.39280300,0.00001851
1627658309535000,0,94.87836300,0.00001851
1627658309642000,0,64.63861600,0.00001851
1627658352458000,0,32.32169100,0.00001851
1627658437708000,0,94.92964900,0.00001849
1627658442891000,0,6848.23555673,0.00001849
1627658442891000,0,1644.30367626,0.00001849
1627658442891000,0,4110.46076701,0.00001849
1627658458173000,0,94.92964900,0.00001850
1627658458286000,0,16.16958100,0.00001850
1627658479675000,0,93.03091600,0.00001850
1627658499152000,0,2502.26073100,0.00001850
1627658521366000,1,15.02231200,0.00001850
1627658542440000,0,94.92964900,0.00001850
1627658562999000,0,31.75502500,0.00001850
1627658563197000,0,94.92964900,0.00001850
1627658563311000,0,97.01059800,0.00001850
1627658647546000,0,16.15872700,0.00001850
1627658647744000,0,54.94538100,0.00001850
1627658711221000,0,4526.48314100,0.00001851
1627658814289000,0,94.87546100,0.00001850
1627658836987000,0,1640.74777111,0.00001849
1627658836987000,0,3520.00000000,0.00001849
1627658836987000,0,810.05243989,0.00001849
1627658941865000,0,4118.00000000,0.00001850
1627658941865000,0,735.21833500,0.00001850
1627659174088000,0,94.75982500,0.00001849
1627659194272000,0,1642.05832089,0.00001849
1627659194272000,0,4105.14580223,0.00001849
1627659194272000,0,6926.79587688,0.00001849
1627659424885000,0,260.91000000,0.00001850
1627659486713000,0,197.60000000,0.00001850
1627659605210000,0,260.89000000,0.00001852
1627659783573000,0,6920.57793819,0.00001851
1627659783573000,0,4011.90000000,0.00001851
1627659783573000,0,1639.54232237,0.00001851
1627659783573000,0,4098.68997379,0.00001851
1627659853418000,0,180.66054700,0.00001853
1627659971703000,0,92.72786700,0.00001852
1627660033613000,0,94.72255300,0.00001850
1627660132462000,0,6925.61680639,0.00001850
1627660132462000,0,1641.20012332,0.00001850
1627660132462000,0,3520.00000000,0.00001850
1627660132462000,0,2631.60036758,0.00001850
1627660448225000,1,1641.25154681,0.00001849
1627660496299000,0,22.56551800,0.00001849
1627660521855000,1,85.00000000,0.00001849
1627660533080000,1,0.29645800,0.00001849
1627660536274000,0,13.95773000,0.00001849
1627660537758000,0,4123.60000000,0.00001850
1627660537758000,0,1641.01993743,0.00001850
1627660537954000,0,1640.90633519,0.00001850
1627660624941000,0,130.32000000,0.00001851
1627660672903000,0,50.04120900,0.00001850
1627660677364000,1,1640.88144272,0.00001848
1627660677364000,1,3737.11855728,0.00001848
1627660677388000,1,365.08504952,0.00001848
1627660678751000,1,564.45468201,0.00001845
1627660727224000,0,189.75281400,0.00001847
1627660757783000,0,16.66800800,0.00001847
1627660799853000,0,4123.60000000,0.00001847
1627660799853000,0,10684.53953781,0.00001847
1627660799853000,0,1643.21853321,0.00001847
1627660799853000,0,4107.64192898,0.00001847
1627660881483000,1,18.68400000,0.00001846
1627660881496000,1,0.00024600,0.00001846
