timestamp ms,type,amount,price
1628038705026000,1,31.25000000,7.6400
1628038733127000,1,31.25000000,7.6400
1628038745556000,1,31.25000000,7.6400
1628038746318000,1,156.25000000,7.6400
1628038935885000,0,5.00000000,7.6261
1628045006326000,0,13.00000000,7.7102
1628051037024000,1,4.00000000,7.6000
1628052265136000,0,31.25000000,7.6389
1628052639517000,0,31.25000000,7.6719
1628054243847000,0,12.48889963,7.7367
1628054290979000,0,12.48786705,7.7290
1628054290979000,0,6.60929907,7.7315
1628055016343000,0,7.43691899,7.7432
1628055166615000,0,12.94698227,7.7514
1628055166615000,0,12.02689128,7.7538
1628055166615000,0,12.35664041,7.7538
1628055169526000,0,31.25000000,7.7502
1628058322861000,0,67.23355625,7.6470
1628058687723000,0,26.99448520,7.6426
1628059598692000,1,100.00000000,7.6400
1628060557373000,0,65.55225267,7.6176
1628060683074000,0,130.63462262,7.6450
1628064885841000,0,20.00000000,7.6207
1628064889126000,0,20.00000000,7.6207
1628066527837000,0,157.68710475,7.5794
1628066528165000,1,12.02449177,7.5677
1628066528165000,1,12.61989276,7.5677
1628066528165000,1,12.35127858,7.5653
1628066528165000,1,12.69962993,7.5648
1628066528165000,1,71.45362892,7.5639
1628067072706000,0,10.00000000,7.5500
1628067811297000,1,12.68100716,7.5789
1628067811297000,1,12.18460021,7.5788
1628067811297000,1,2.15807152,7.5788
1628067813645000,1,12.12055000,7.5764
1628067813645000,1,19.39246812,7.5726
1628068102779000,1,51.39925409,7.5817
1628068883431000,0,12.13166549,7.6331
1628069172785000,0,98.09340000,7.6720
1628069172849000,0,0.00003764,7.6720
1628069173116000,0,31.25000000,7.6760
1628069173946000,0,17.79671882,7.6760
1628069415545000,0,12.73334331,7.6228
1628070293843000,1,255.42600000,7.6400
1628070294024000,0,495.38198642,7.6400
1628071234429000,0,2.60017612,7.6535
1628071599394000,0,49.04671883,7.6800
1628072685818000,1,31.25000000,7.6130
1628072685844000,1,31.25000000,7.6130
1628073520774000,0,31.25000000,7.6755
1628073520775000,0,31.25000000,7.6755
1628073527838000,0,95.18710475,7.6755
1628074371120000,0,100.00000000,7.7100
1628074429843000,0,1093.76874787,7.7100
1628074430414000,0,1093.73102780,7.7100
1628074453070000,0,127.83900000,7.7100
1628074469049000,0,127.83900000,7.7100
1628074476396000,0,127.83900000,7.7100
1628074483438000,0,128.98322433,7.7100
1628074558272000,0,4.70026198,7.7190
1628074718219000,0,12.11594172,7.7221
1628074718219000,0,12.30648902,7.7251
1628074718219000,0,164.00316429,7.7260
1628074718219000,0,12.51169056,7.7283
1628074718219000,0,163.94209561,7.7289
1628074718219000,0,246.97377521,7.7307
1628075192707000,0,12.52660057,7.7477
1628075192707000,0,12.61068739,7.7508
1628075192707000,0,163.54497588,7.7515
1628075192707000,0,12.49142257,7.7530
1628075192707000,0,163.56785189,7.7547
1628075192707000,0,129.01728848,7.7567
1628075192707000,0,157.05687836,7.7568
1628075192707000,0,53.98897039,7.7631
1628075192707000,0,158.40512170,7.7631
1628075338916000,0,12.22551741,7.7637
1628075338916000,0,12.70179018,7.7656
1628075338916000,0,27.37070382,7.7676
1628076032935000,0,31.25000000,7.7150
1628076032936000,0,31.25000000,7.7150
1628076032944000,0,31.25000000,7.7150
1628076032945000,0,31.25000000,7.7150
1628076033016000,0,31.25000000,7.7150
1628076033020000,0,31.25000000,7.7150
1628076033021000,0,31.25000000,7.7150
1628076033024000,0,31.25000000,7.7150
1628076036392000,0,4.00000000,7.7150
1628076851697000,0,6.09578641,7.7535
1628077125885000,0,128.42641679,7.7935
1628077125899000,1,12.02929676,7.7979
1628077125900000,1,13.43544536,7.7979
1628077125910000,1,162.80321188,7.7979
1628077125911000,1,325.75220976,7.7979
1628077125912000,1,325.64467861,7.7979
1628077125912000,1,162.70689649,7.7979
1628077125936000,1,31.25000000,7.7979
1628077125944000,1,31.25000000,7.7979
1628077125949000,1,31.25000000,7.7979
1628077126077000,0,12.62515548,7.8065
1628077126077000,0,39.00000000,7.8392
1628077126077000,0,12.38351071,7.8580
1628077126077000,0,13.93790981,7.8600
1628077137324000,0,12.38717001,7.7964
1628077137324000,0,91.41862000,7.8003
1628077137324000,0,12.14476787,7.8005
1628077137324000,0,12.83167642,7.8005
1628077137324000,0,12.46036201,7.8024
1628077137324000,0,367.21080000,7.8044
1628077137324000,0,148.83863092,7.8044
1628077137324000,0,162.47983123,7.8079
1628077138238000,0,31.25000000,7.7925
1628077138438000,1,2.69354050,7.7803
1628077138752000,0,22.74795299,7.7985
1628077346338000,0,161.63008569,7.8344
1628077346338000,0,240.66418183,7.8369
1628077386423000,1,12.15450030,7.8257
1628077386423000,1,1.26390572,7.8236
1628077418391000,0,161.61006066,7.8357
1628077418391000,0,89.33581817,7.8369
1628077418391000,0,25.28758925,7.8384
1628077419347000,0,136.26179313,7.8384
1628078234710000,0,3.76990683,7.8218
1628078461924000,0,24.69623117,7.8359
1628078477374000,0,31.25000000,7.8359
1628078477439000,0,31.25000000,7.8359
1628078477445000,0,31.25000000,7.8359
1628078507582000,0,31.25000000,7.8359
1628078507583000,0,31.25000000,7.8359
1628078507588000,0,31.25000000,7.8359
1628078507589000,0,31.25000000,7.8359
1628078507600000,0,86.55376883,7.8359
1628078652507000,1,31.25000000,7.8617
1628078652512000,1,31.25000000,7.8617
1628078652578000,1,27.57478000,7.8617
1628078946853000,0,12.22780260,7.8698
1628078946853000,0,12.03052042,7.8702
1628078946853000,0,12.07680273,7.8728
1628078946853000,0,317.64857235,7.8737
1628079023176000,0,12.35142765,7.8737
1628079023176000,0,12.97166943,7.8804
1628079023176000,0,12.27819617,7.8827
1628079023901000,0,12.25842898,7.8826
1628079094245000,0,25.00000000,7.8475
1628079115078000,0,234.00000000,7.8716
1628080365822000,1,12.03459615,7.8278
1628080365822000,1,12.66025361,7.8259
1628080365822000,1,27.60316165,7.8239
1628080532062000,0,12.18825406,7.8476
1628080532062000,0,12.24459900,7.8495
1628080532062000,0,12.95413464,7.8503
1628080532062000,0,161.11874467,7.8509
1628080532062000,0,12.04128363,7.8521
1628080532062000,0,161.03365121,7.8534
1628080686137000,0,0.08650019,7.8534
1628080686137000,0,12.38672443,7.8622
1628080686137000,0,12.72831694,7.8642
1628080686137000,0,100.48850640,7.8654
1628080710245000,0,12.35498920,7.8782
1628081165289000,0,12.72000000,7.9285
1628081950932000,0,12.06293941,7.9485
1628081991888000,1,235.18358621,7.9402
1628082019036000,0,12.56219921,7.9679
1628082020949000,0,17.45346338,7.9688
1628082038015000,0,13.10773258,7.9794
1628082038015000,0,146.75236510,7.9797
1628082114066000,0,12.50332869,7.9581
1628082161266000,1,1061.02575362,7.9402
1628082161810000,1,1061.14946749,7.9402
1628082162443000,1,1061.24068139,7.9402
1628082163007000,1,213.02299455,7.9402
1628082390192000,0,31.25000000,7.9300
1628082390198000,0,127.83900000,7.9300
1628082390208000,0,1060.61436701,7.9300
1628082390767000,0,933.26771732,7.9300
1628082543581000,0,12.54443542,7.9782
1628082759635000,0,6.24508752,7.9665
1628082993416000,1,12.92295088,7.9434
1628082994444000,0,2.07704912,7.9427
1628083085343000,1,10.00000000,7.9420
1628083172564000,0,14.99999999,7.9552
1628083172571000,0,0.00000001,7.9552
1628083295485000,0,8.23326910,7.9911
1628083295485000,0,12.90415485,7.9939
1628083295485000,0,12.46858981,7.9959
1628083295485000,0,12.15558259,7.9983
1628083295485000,0,79.09643425,7.9985
1628083319034000,0,60.04569964,7.9985
1628083321943000,1,12.66334508,7.9855
1628083321943000,1,12.33665492,7.9838
1628083613515000,0,20.00000000,8.0000
1628083632263000,1,12.66077649,7.9774
1628083632263000,1,12.66988135,7.9757
1628083633156000,1,12.68068183,7.9764
1628083653754000,1,12.14312230,7.9811
1628084010157000,1,255.42600000,7.9848
1628084010157000,1,157.77643803,7.9848
1628084010157000,1,157.82625802,7.9820
1628084010157000,1,12.79734257,7.9817
1628084010157000,1,150.57231996,7.9795
1628084010157000,1,12.89612089,7.9795
1628084010157000,1,39.00000000,7.9756
1628084010157000,1,76.91531776,7.9753
1628084581495000,0,12.75000000,8.0546
1628084596174000,1,2.60720258,8.0562
1628084778911000,1,121.14892195,8.0433
1628085381701000,0,12.55549568,8.0392
1628085381701000,0,12.77912927,8.0420
1628085381701000,0,157.01318215,8.0432
1628085381701000,0,156.95295968,8.0460
1628085381701000,0,156.60773517,8.0518
1628085390791000,1,31.25000000,8.0233
1628085390836000,1,31.25000000,8.0233
1628085427599000,0,12.97733241,8.0119
1628085434534000,0,12.94499176,8.0129
1628085469072000,1,419.81430349,8.0000
1628085510649000,1,80.18569651,8.0000
1628085605297000,0,12.94538008,8.0285
1628085605297000,0,113.47212566,8.0304
1628085667886000,0,12.24117345,8.0707
1628085761445000,1,12.12373891,8.0710
1628085769424000,1,56.33938081,8.0607
1628085875976000,1,25.78824782,8.0494
1628085964683000,1,12.68338869,8.0550
1628085964683000,1,12.44665193,8.0535
1628085965300000,1,12.48301439,8.0518
1628086963211000,0,12.30410939,8.0616
1628086963211000,0,12.33062591,8.0642
1628086963211000,0,25.86963983,8.0656
1628087231043000,0,31.25000000,8.1000
1628087231109000,0,31.25000000,8.1000
1628087231113000,0,31.25000000,8.1000
1628087234943000,1,25.10568891,8.0925
1628087255638000,0,746.75379746,8.1000
1628087343680000,0,12.83548130,8.0920
1628087343680000,0,12.50899073,8.0947
1628087343680000,0,5.47032709,8.0947
1628088453433000,0,4.55199494,8.1010
1628088579137000,0,31.25000000,8.1098
1628088579140000,0,19.59950658,8.1098
1628089336379000,0,12.96105019,8.1464
1628089343708000,0,12.64298281,8.1563
1628089343708000,0,12.67071909,8.1567
1628089343708000,0,91.59840320,8.1604
1628089343708000,0,155.52541915,8.1623
1628089343708000,0,155.45661118,8.1662
1628089343708000,0,122.52914298,8.1673
1628089343708000,0,289.72740540,8.1673
1628089819879000,1,31.25000000,8.1753
1628089923108000,1,31.25000000,8.1800
1628089923114000,1,31.25000000,8.1800
1628089934147000,0,11.77120000,8.2068
1628089934203000,0,0.00006184,8.2068
1628090002416000,0,153.87267674,8.2481
1628090002416000,0,135.00000000,8.2500
1628090002416000,0,153.88022107,8.2525
1628090002416000,0,121.18791100,8.2577
1628090002416000,0,162.11308507,8.2577
1628090008079000,1,2.54603164,8.2317
1628090170643000,1,12.03586840,8.1928
1628090255643000,1,12.12816027,8.1796
1628090255643000,1,8.54783461,8.1777
1628090345078000,1,12.55670047,8.1822
1628090345078000,1,3.27152686,8.1801
1628090404797000,1,12.07023065,8.1853
1628090502617000,0,6.07366098,8.1913
1628090794322000,0,3.00000000,8.1916
1628091000951000,1,10.06206271,8.1729
1628091069005000,1,12.56340505,8.1681
1628091069005000,1,255.42600000,8.1657
1628091069005000,1,154.05828527,8.1657
1628091069005000,1,12.30748324,8.1657
1628091069005000,1,155.02516924,8.1647
1628091069005000,1,12.91077237,8.1629
1628091069005000,1,122.44405333,8.1605
1628091069005000,1,115.41551531,8.1605
1628091071034000,1,31.25000000,8.1683
1628091071034000,1,86.63333243,8.1641
1628091416624000,0,31.25000000,8.1523
1628091620119000,1,3.74702324,8.1215
1628091620249000,1,12.75175082,8.1215
1628092047177000,1,213.83006692,8.1478
1628092667784000,1,25.00044019,8.1324
1628092855984000,1,12.08695259,8.1732
1628092855984000,1,38.97555467,8.1713
1628092906208000,0,10.00000000,8.1630
1628092957578000,0,10.00000000,8.1773
1628093127350000,1,12.18984350,8.1224
1628093348996000,0,31.25000000,8.1718
1628093349610000,0,31.25000000,8.1747
1628093599566000,1,31.25000000,8.2057
1628093599624000,1,31.25000000,8.2057
1628093601252000,0,255.42600000,8.2257
1628093601252000,0,86.78747000,8.2258
1628093601252000,0,29.69393371,8.2301
1628093601252000,0,121.62824274,8.2301
1628093601252000,0,40.00000000,8.2301
1628093601252000,0,121.57004289,8.2371
1628093601252000,0,174.49470314,8.2409
1628093706959000,1,12.02839879,8.1955
1628093706959000,1,12.93015837,8.1936
1628093715956000,1,12.16232736,8.2013
1628093789989000,1,86.64213000,8.1891
1628093798016000,1,12.59216752,8.1842
1628093801503000,1,12.60268696,8.1864
1628093801503000,1,12.48552439,8.1862
1628093801503000,1,154.56221289,8.1851
1628093805061000,1,12.88016702,8.1865
1628093805061000,1,154.56221289,8.1851
1628093805061000,1,12.74678015,8.1842
1628093805061000,1,12.81594031,8.1839
1628094021435000,1,4.35865070,8.1604
1628094336149000,1,100.00000000,8.1576
1628094578434000,1,255.42600000,8.1703
1628094578434000,1,154.86627109,8.1703
1628094578434000,1,154.90720478,8.1682
1628094578434000,1,258.08933991,8.1669
1628094578434000,1,12.45100867,8.1667
1628094578434000,1,122.33166601,8.1644
1628094578434000,1,160.19649792,8.1644
1628094578434000,1,13.31937733,8.1644
1628094578434000,1,12.00842086,8.1610
1628094578434000,1,309.61662238,8.1609
1628094578434000,1,306.18240914,8.1559
1628094578434000,1,136.47647409,8.1559
1628094607628000,1,31.25000000,8.1631
1628094607679000,1,31.25000000,8.1631
1628094607686000,1,31.25000000,8.1631
1628094607733000,1,31.25000000,8.1631
1628095629430000,1,12.66066985,8.1741
1628095629430000,1,6.21740605,8.1740
1628095717530000,0,31.25000000,8.2000
1628095717534000,0,31.25000000,8.2000
1628095717551000,0,31.25000000,8.2000
1628095717595000,0,31.25000000,8.2000
1628095717595000,0,31.25000000,8.2000
1628095717603000,0,31.25000000,8.2000
1628095717613000,0,31.25000000,8.2000
1628095717761000,0,237.29514774,8.2000
1628096083432000,0,31.25000000,8.1954
1628096083432000,0,31.25000000,8.1954
1628096253259000,1,31.25000000,8.2104
1628096253268000,1,31.25000000,8.2104
1628096253317000,1,31.25000000,8.2104
1628096253317000,1,6.25000000,8.2104
1628096253968000,0,25.00000000,8.2084
1628096311509000,0,12.40877689,8.2089
1628096311509000,0,12.19525651,8.2105
1628096311509000,0,21.51386824,8.2128
1628096430370000,0,12.43253402,8.2154
1628096430370000,0,12.79268491,8.2180
1628096430370000,0,115.28938013,8.2195
1628097587677000,1,12.52609804,8.1519
1628097587677000,1,12.01855736,8.1498
1628097587677000,1,83.84587827,8.1478
1628097623085000,1,12.63446402,8.1565
1628097623085000,1,255.42600000,8.1551
1628097623085000,1,73.97339678,8.1551
1628097775550000,1,12.85255051,8.1537
1628097775550000,1,12.31587896,8.1537
1628097775550000,1,255.42600000,8.1496
1628097775550000,1,87.06143000,8.1496
1628097775550000,1,12.64098501,8.1491
1628097775550000,1,12.58304123,8.1458
1628097775550000,1,122.71555915,8.1437
1628097775550000,1,155.40584363,8.1437
1628097775550000,1,40.00000000,8.1437
1628097775550000,1,15.05260539,8.1320
1628097776135000,1,31.25000000,8.1578
1628097776135000,1,12.72919204,8.1402
1628097776135000,1,55.02080796,8.1361
1628097898893000,0,12.23352912,8.1456
1628097898893000,0,87.09322000,8.1496
1628097898893000,0,12.65986330,8.1500
1628097898893000,0,12.91340183,8.1502
1628097898893000,0,11.73217781,8.1523
1628097898893000,0,18.49125254,8.1541
1628097898900000,0,151.09322575,8.1496
1628097898900000,0,4.09226243,8.1541
1628097898953000,1,12.63014502,8.1458
1628097977901000,1,12.74311847,8.1391
1628097977901000,1,117.35385052,8.1387
1628098528812000,1,87.39930000,8.1174
1628098528812000,1,255.42600000,8.1174
1628098528812000,1,12.19864079,8.1171
1628098528812000,1,155.84501188,8.1164
1628098528812000,1,12.91896028,8.1138
1628098528812000,1,154.45170607,8.1115
1628098528812000,1,151.36077346,8.1115
1628098645005000,1,60.04569964,8.1279
1628098818957000,1,49.21320390,8.1116
1628099649287000,1,30.81479912,8.1142
1628099824046000,0,10.00000000,8.1216
1628099920835000,1,7.27585140,8.1223
1628100394203000,0,12.18874020,8.1666
1628100394203000,0,12.45209653,8.1666
1628100394203000,0,12.41874940,8.1686
1628100394203000,0,255.42600000,8.1707
1628100394203000,0,162.74850849,8.1707
1628100394203000,0,122.44397358,8.1777
1628100394203000,0,155.22142657,8.1777
1628100394203000,0,30.25268362,8.1809
1628100394203000,0,40.00000000,8.1847
1628100394203000,0,16.81953949,8.1848
1628100683348000,1,12.39898514,8.1627
1628101317840000,0,12.24478748,8.1261
1628101682740000,0,12.53474985,8.1884
1628102347058000,0,12.55321517,8.1857
1628102347058000,0,12.71411866,8.1875
1628102347111000,1,31.25000000,8.1885
1628102347115000,1,31.25000000,8.1885
1628102908056000,1,12.40670449,8.2088
1628102908122000,0,17.59329551,8.2085
1628103654096000,1,12.00000000,8.1788
1628103660721000,1,312.07508164,8.1788
1628105244990000,1,5.00000000,8.1870
1628105835013000,1,12.65140097,8.1316
1628105835013000,1,12.49710040,8.1276
1628105835013000,1,14.86088919,8.1275
1628106047759000,1,7.77966447,8.1501
1628106202423000,1,7.44262316,8.1483
1628106388219000,1,12.86201113,8.1585
1628106388219000,1,12.55732180,8.1566
1628106388219000,1,45.86768240,8.1551
1628106581871000,0,88.00000000,8.1734
1628106581871000,0,3.74702325,8.1735
1628106782062000,1,121.58194422,8.1744
1628106965747000,1,12.36876584,8.1779
1628107306388000,1,10.08616462,8.1484
1628107391977000,1,18.47418730,8.1560
1628107400768000,1,72.58652541,8.1608
1628107723720000,1,31.25000000,8.1569
1628107723734000,1,31.25000000,8.1569
1628108058023000,1,12.01256047,8.1493
1628108058023000,1,12.45326484,8.1475
1628108058496000,1,12.10340040,8.1466
1628108128632000,1,12.06527652,8.1517
1628108128632000,1,12.65459310,8.1517
1628108528390000,1,12.69473444,8.1577
1628108528613000,0,7.07723265,8.1577
1628109445053000,1,72.42785651,8.2064
1628109535417000,1,10.00000000,8.2091
1628109985677000,1,19.22880905,8.1912
1628110291988000,1,54.92270347,8.1667
1628110537793000,1,12.26817595,8.1730
1628110605039000,0,12.21840652,8.2171
1628110605039000,0,11.76944663,8.2191
1628110605039000,0,10.00000000,8.2212
1628110854569000,0,146.11790164,8.2412
1628111160005000,1,12.46829775,8.2258
1628111160005000,1,12.86832103,8.2231
1628111160005000,1,11.04446288,8.2217
1628111392790000,0,12.98421137,8.2500
1628111392790000,0,12.50591122,8.2513
1628111392790000,0,74.50987741,8.2541
1628111582947000,1,13.15437054,8.2329
1628112935218000,1,154.97370836,8.1648
1628112935258000,1,31.25000000,8.1611
1628112935274000,1,8.75000000,8.1611
1628112935405000,0,22.50000000,8.1570
1628112935405000,0,12.60058386,8.1570
1628112935456000,1,31.25000000,8.1574
1628112941888000,1,12.23208412,8.1428
1628112941888000,1,12.40750828,8.1416
1628112941888000,1,12.77221322,8.1395
1628112941888000,1,155.36803948,8.1387
1628112942861000,1,12.53136778,8.1394
1628112942861000,1,12.34788898,8.1373
1628112967144000,0,12.28596316,8.1613
1628115689837000,1,12.61516706,8.2368
1628115689837000,1,12.29252927,8.2342
1628115689837000,1,12.01891582,8.2341
1628115689837000,1,102.90419404,8.2327
1628115690393000,1,12.48214940,8.2364
1628115690393000,1,83.80848973,8.2327
1628115690835000,1,31.25000000,8.2370
1628115690835000,1,12.12980125,8.2341
1628115690835000,1,70.00299535,8.2327
1628116208167000,1,255.42600000,8.2308
1628116208167000,1,1.09939560,8.2308
1628116263509000,1,153.56595349,8.2456
1628116263509000,1,38.82809321,8.2429
1628116501838000,1,255.42600000,8.2266
1628116501838000,1,153.79263762,8.2250
1628116501838000,1,179.63500000,8.2206
1628116501838000,1,22.99951879,8.2206
1628116566668000,1,255.42600000,8.2245
1628116566668000,1,0.91182497,8.2245
1628117409564000,1,151.53642904,8.1025
1628117413394000,1,87.67194000,8.0929
1628117413782000,1,819.97171788,8.0495
1628117414495000,1,40.00000000,8.0464
1628117414495000,1,25.96521819,8.0195
1628117447737000,1,12.28596316,8.1182
1628117449169000,0,33.00647294,8.1271
1628117449679000,0,77.55700000,8.1271
1628117450817000,0,12.52022327,8.1231
1628117451597000,0,12.75963385,8.1251
1628117456508000,0,40.00000000,8.1287
1628117457622000,0,12.76152471,8.1305
1628117458168000,0,31.25000000,8.1304
1628117459861000,0,31.25000000,8.1303
1628117463660000,0,132.00000000,8.1327
1628117463660000,0,86.47406000,8.1327
1628117464826000,0,40.00000000,8.1298
1628117469758000,0,40.00000000,8.1342
1628117470811000,0,40.00000000,8.1361
1628117481751000,0,40.00000000,8.1460
1628117491965000,0,40.00000000,8.1530
1628117491965000,0,12.90337917,8.1535
1628117501285000,0,12.10806667,8.1579
1628117504998000,0,86.47406000,8.1704
1628117504998000,0,12.20043427,8.1706
1628117538233000,1,12.37906250,8.1108
1628117538233000,1,12.28257231,8.1106
1628117540770000,1,12.70027380,8.1201
1628117540770000,1,87.42133000,8.1161
1628117540770000,1,12.90158040,8.1151
1628117540770000,1,12.23762242,8.1151
1628117540770000,1,12.51681754,8.1128
1628117540770000,1,141.12483295,8.1111
1628117543342000,1,12.25449179,8.1202
1628117543342000,1,151.42170421,8.1161
1628117554235000,1,12.11663548,8.1238
1628117554235000,1,34.40036452,8.1219
1628117555750000,1,12.41177491,8.1231
1628117629380000,1,12.81046925,8.0979
1628117629380000,1,12.11312070,8.0966
1628117668010000,0,12.48285374,8.1123
1628117668541000,0,31.25000000,8.1123
1628117713302000,0,40.00000000,8.1079
1628117722191000,0,40.00000000,8.1063
1628117774886000,0,40.00000000,8.1099
1628117889472000,0,12.05290692,8.1370
1628117889971000,0,31.25000000,8.1368
1628117889971000,0,12.49327234,8.1370
1628117890503000,0,31.25000000,8.1331
1628117909017000,0,40.00000000,8.1411
1628118729970000,0,31.25000000,8.1121
1628118730023000,0,8.75000000,8.1121
1628119013705000,0,12.42439124,8.1274
1628119013763000,1,31.25000000,8.1275
1628119014430000,1,214.58587703,8.1275
1628119410228000,1,9.60917160,8.1603
1628120572106000,1,12.20881752,8.1675
1628121156081000,1,12.00257613,8.1791
1628121156081000,1,2.14183950,8.1756
1628121512375000,1,11.48944699,8.1499
1628121644565000,1,12.15404172,8.1756
1628121912806000,1,12.27618091,8.1406
1628121912806000,1,38.80113806,8.1399
1628121913321000,1,12.70883390,8.1413
1628121913321000,1,26.09230416,8.1399
1628121932618000,0,12.84448546,8.1666
1628121933206000,0,12.54271962,8.1673
1628121934472000,0,12.34892781,8.1703
1628121935141000,0,31.25000000,8.1702
1628122197679000,0,31.25000000,8.1951
1628122197684000,0,8.75000000,8.1951
1628125029305000,1,88.15910000,8.0523
1628125387830000,1,12.99731422,7.9626
1628125387830000,1,12.96580842,7.9625
1628126945195000,1,125.56187603,7.9542
1628126945195000,1,314.04753968,7.9542
1628126948629000,1,12.75698903,7.9404
1628126948629000,1,12.65686023,7.9384
1628127578744000,1,31.25000000,7.9868
1628129008530000,0,12.85165391,8.0757
1628129008530000,0,11.79002767,8.0762
1628134737194000,0,12.20410426,8.1272
1628134737194000,0,12.32671661,8.1292
1628134737251000,1,31.25000000,8.1292
1628134804441000,1,12.27951290,8.1283
1628134804512000,0,31.25000000,8.1283
1628134804512000,0,12.25130797,8.1283
1628136023293000,0,31.25000000,8.1914
1628136023297000,0,31.25000000,8.1914
1628136023365000,0,31.25000000,8.1914
1628138258738000,1,81.73703452,8.1176
1628138841174000,0,12.31894234,8.1458
1628141050821000,1,127.73117609,8.1877
1628141070081000,1,127.73117609,8.1989
1628146309643000,1,155.58652923,8.1344
1628146309720000,0,144.41347077,8.1344
1628146851875000,1,50.50437513,8.1829
1628147036545000,1,21.91763486,8.2619
1628147036799000,0,12.34988648,8.2764
1628147036799000,0,8.34151564,8.2787
1628147060045000,0,31.25000000,8.2795
1628147060109000,0,31.25000000,8.2795
1628147068088000,0,37.50000000,8.2795
1628147123603000,0,15.00000000,8.3000
1628147192609000,0,12.55320074,8.3456
1628147192609000,0,3.01887812,8.3495
1628147362358000,0,12.23926921,8.3561
1628147362358000,0,146.36053533,8.3582
1628147362358000,0,12.68910372,8.3582
1628147362358000,0,151.77918425,8.3591
1628147362358000,0,13.73860348,8.3599
1628147362358000,0,36.23983077,8.3631
1628147362358000,0,40.50948956,8.3633
1628147572013000,0,4.87585464,8.4000
1628147581596000,1,10.00000000,8.4091
1628147586679000,1,2.49728568,8.4131
1628147588991000,0,12.22993560,8.4307
1628147588991000,0,92.02092417,8.4316
1628147854405000,0,31.25000000,8.4444
1628147854418000,0,31.25000000,8.4444
1628147854456000,0,31.25000000,8.4444
1628147854456000,0,31.25000000,8.4444
1628147854475000,0,31.25000000,8.4444
1628147854489000,0,31.25000000,8.4444
1628147958881000,0,73.28000000,8.4444
1628147972986000,0,22.53128834,8.4553
1628148085427000,1,31.25000000,8.4763
1628148085440000,1,31.25000000,8.4763
1628148085464000,1,31.25000000,8.4763
1628148085476000,1,31.25000000,8.4763
1628148085491000,1,31.25000000,8.4763
1628148085498000,1,32.62916956,8.4763
1628148085516000,1,31.25000000,8.4763
1628148116925000,1,12.31894234,8.4406
1628148256822000,1,150.33720884,8.4136
1628148267447000,1,12.62669381,8.3606
1628148269040000,1,13.02633249,8.3611
1628148457472000,0,4.99999999,8.4500
1628148457480000,0,0.00000001,8.4500
1628148750151000,1,128.36281353,8.4428
1628148781476000,0,190.00000000,8.5000
1628148781476000,0,3.09686193,8.5000
1628148784333000,0,1.90313807,8.5000
1628148784333000,0,12.13099310,8.5092
1628148975879000,0,108.82970520,8.4949
1628149029811000,0,31.25000000,8.5300
1628149029816000,0,8.75000000,8.5300
1628149031790000,0,13.26712898,8.5392
1628149160874000,0,12.26207599,8.5578
1628149160874000,0,12.51175115,8.5600
1628149160874000,0,67.96204569,8.5621
1628149377843000,1,98.78862964,8.5360
1628149473295000,1,31.25000000,8.5082
1628149473298000,1,31.25000000,8.5082
1628149478269000,1,12.58730933,8.4947
1628149478269000,1,12.76911664,8.4910
1628149478269000,1,12.14888475,8.4910
1628149489197000,1,12.84197853,8.4962
1628149489197000,1,56.71169597,8.4947
1628149489675000,1,31.25000000,8.4986
1628149696055000,0,26.55742671,8.4836
1628149783723000,0,12.74314941,8.5613
1628149783723000,0,12.70732263,8.5642
1628149783723000,0,12.59418610,8.5642
1628149783723000,0,51.32069325,8.5655
1628149786155000,0,12.06619523,8.5613
1628149786155000,0,12.56525973,8.5634
1628149790528000,0,12.15807887,8.5612
1628149790528000,0,12.16262822,8.5613
1628149898675000,0,12.11293589,8.5168
1628149971376000,1,12.45937610,8.5112
1628149971376000,1,12.72605767,8.5105
1628149971376000,1,12.44650141,8.5085
1628149971436000,0,31.25000000,8.5085
1628149971503000,0,31.25000000,8.5085
1628149971607000,0,477.05020493,8.5085
1628150156069000,0,12.35983165,8.5397
1628150156069000,0,13.22532796,8.5419
1628150156069000,0,152.63932493,8.5440
1628150164617000,0,12.02176383,8.5293
1628150164617000,0,13.43421120,8.5314
1628150164617000,0,40.00000000,8.5335
1628150175470000,0,12.72482810,8.5194
1628150175470000,0,12.71887434,8.5194
1628150176492000,0,12.71887434,8.5171
1628150304891000,0,12.59682654,8.4865
1628150304891000,0,2.64425024,8.4900
1628150351016000,0,20.00000000,8.5084
1628150818271000,0,12.53951539,8.4718
1628151264423000,0,12.74121433,8.4924
1628151264423000,0,12.24270658,8.4948
1628151264423000,0,51.03414332,8.4966
1628151355783000,1,12.00123317,8.4691
1628151355783000,1,12.99677468,8.4691
1628151355783000,1,11.88425821,8.4670
1628151355783000,1,23.49419263,8.4649
1628151879913000,1,150.28916611,8.4175
1628151919799000,1,12.19663240,8.4010
1628152383234000,1,12.36471888,8.5019
1628152383234000,1,147.57335829,8.5016
1628152383234000,1,148.84038923,8.5016
1628152383234000,1,12.54423035,8.4986
1628152383234000,1,92.23331957,8.4972
1628153035531000,1,31.25000000,8.5121
1628153035531000,1,31.25000000,8.5121
1628153035606000,1,31.25000000,8.5121
1628153036797000,0,47.07700000,8.5237
1628153042802000,0,12.16140000,8.5224
1628153061919000,0,81.07933692,8.5225
1628153622650000,1,12.20891939,8.4233
1628153622650000,1,12.28717030,8.4233
1628153623171000,1,12.52251845,8.4220
1628153769778000,1,12.27666086,8.4099
1628153769778000,1,12.55573121,8.4077
1628153769778000,1,51.18567216,8.4057
1628153859810000,0,11.31918601,8.4135
1628153859810000,0,40.00000000,8.4155
1628153859810000,0,13.24459855,8.4175
1628153864742000,1,84.54335000,8.3952
1628153874253000,1,12.12704240,8.3576
1628153877236000,1,9.10948574,8.3576
1628154157200000,0,12.71877086,8.4177
1628154159351000,1,31.25000000,8.4177
1628154168066000,1,634.24219362,8.4177
1628154454027000,1,12.35470329,8.4278
1628154454027000,1,121.46626911,8.4252
1628154478543000,0,12.53761737,8.4343
1628154478543000,0,150.42435074,8.4355
1628154478543000,0,12.24449677,8.4362
1628154478543000,0,12.87872057,8.4381
1628154478543000,0,58.83262579,8.4383
1628154603348000,1,3.17790456,8.3831
1628154645300000,1,12.46243984,8.4031
1628154645300000,1,12.70841524,8.4019
1628154645367000,0,25.45670969,8.4019
1628154823816000,0,12.61763195,8.4038
1628154823816000,0,2.63776486,8.4060
1628154924855000,1,12.11936203,8.3574
1628154924855000,1,3.13603478,8.3574
1628155175037000,0,31.25000000,8.2889
1628155175066000,0,31.25000000,8.2889
1628155175071000,0,31.25000000,8.2889
1628155175116000,0,31.25000000,8.2889
1628155175118000,0,28.10160251,8.2889
1628155308039000,1,31.25000000,8.2785
1628155459939000,1,67.64398855,8.2559
1628155984944000,0,4.99999999,8.2500
1628155985043000,0,0.00000001,8.2500
1628156226268000,1,23.11585365,8.2000
1628156226859000,1,104.25085977,8.1767
1628157110532000,1,154.74891307,8.1797
1628157110532000,1,154.80109073,8.1767
1628157110532000,1,86.80251000,8.1746
1628157110532000,1,143.49098427,8.1737
1628157110532000,1,255.42600000,8.1737
1628157110532000,1,179.63500000,8.1704
1628157110532000,1,257.93997778,8.1704
1628157110532000,1,41.71968355,8.1640
1628157110755000,0,7.34032189,8.1926
1628157110826000,0,12.08257634,8.1958
1628157110826000,0,12.50731765,8.1978
1628157110826000,0,79.21060926,8.1998
1628157110900000,0,7.53724445,8.1998
1628157394603000,1,155.42474940,8.1395
1628157394603000,1,41.18765517,8.1352
1628157758613000,0,122.29032054,8.1877
1628158256195000,1,31.25000000,8.2050
1628158256201000,1,31.25000000,8.2050
1628158256284000,1,31.25000000,8.2050
1628158256861000,1,135.79905545,8.2050
1628158425088000,0,14.76470588,8.2216
1628159249598000,1,58.91070336,8.1750
1628159252651000,1,12.58123252,8.1634
1628159252651000,1,12.49457342,8.1634
1628159252651000,1,0.28240148,8.1628
1628159620548000,1,31.25000000,8.1500
1628159626110000,1,27.84079754,8.1500
1628160141806000,0,100.00000000,8.1714
1628160511094000,0,11.62041699,8.1573
1628160943523000,1,12.86151438,8.1461
1628160943523000,1,6.92848562,8.1461
1628161498544000,1,12.76871689,8.1531
1628161498544000,1,12.12016194,8.1524
1628161498609000,0,31.25000000,8.1524
1628161498614000,0,31.25000000,8.1524
1628161498663000,0,31.25000000,8.1524
1628161498685000,0,31.25000000,8.1524
1628161498815000,0,506.42954222,8.1524
1628161802564000,1,31.25000000,8.1831
1628161802564000,1,31.25000000,8.1831
1628161802633000,1,31.25000000,8.1804
1628161802644000,1,31.25000000,8.1804
1628161802662000,1,31.25000000,8.1804
1628162193867000,0,31.25000000,8.2440
1628162193898000,0,31.25000000,8.2440
1628162460184000,1,104.62756339,8.2186
1628162493449000,0,147.25879060,8.2167
1628163736032000,0,31.25000000,8.2179
1628163736033000,0,14.52517995,8.2179
1628163736033000,0,16.72482005,8.2181
1628163736076000,0,31.25000000,8.2181
1628165064694000,0,12.33969475,8.2354
1628165064694000,0,12.44608538,8.2354
1628165824156000,1,9.00000000,8.1267
1628165824380000,1,6.91989487,8.1267
1628166510616000,1,31.25000000,8.1267
1628166510887000,1,31.25000000,8.1267
1628166510889000,1,31.25000000,8.1267
1628166510889000,1,31.25000000,8.1267
1628166511176000,1,31.72070630,8.1267
1628167467730000,1,12.94813501,8.0376
1628167467730000,1,152.04294949,8.0363
1628167467784000,1,12.37440972,8.0350
1628167467784000,1,2.22189113,8.0325
1628167468988000,0,2.61272346,8.0519
1628167512596000,1,12.49253412,7.9552
1628167568422000,0,9.30211510,7.9224
1628167584144000,0,31.25000000,7.9163
1628167584217000,0,31.25000000,7.9163
1628167584222000,0,31.25000000,7.9163
1628167584244000,0,31.25000000,7.9163
1628167584314000,0,22.25879060,7.9163
1628167588391000,1,35.00000000,7.9123
1628167591422000,0,87.21497000,7.9296
1628167594244000,0,12.23341975,7.9427
1628167594790000,0,31.25000000,7.9394
1628167595300000,0,87.21497000,7.9467
1628167595300000,0,12.45226330,7.9467
1628167595822000,0,31.25000000,7.9460
1628167595822000,0,31.25000000,7.9460
1628167602654000,0,55.49882000,7.9601
1628167603209000,0,87.21497000,7.9591
1628167633526000,1,31.25000000,7.9816
1628167635295000,1,31.25000000,7.9826
1628167636660000,1,40.13178302,7.9826
1628167637161000,1,17.53923698,7.9826
1628167637161000,1,63.73562237,7.9816
1628167637598000,1,88.92246000,7.9825
1628167637598000,1,36.05119370,7.9816
1628167638138000,1,14.65293089,7.9816
1628167644593000,1,88.92737000,7.9820
1628167662451000,1,0.00000001,7.9816
1628167857077000,0,40.00000000,8.0560
1628168042524000,0,31.25000000,8.0144
1628168042592000,0,31.25000000,8.0144
1628168042640000,0,31.25000000,8.0144
1628168042647000,0,31.25000000,8.0144
1628168042658000,0,20.68974697,8.0144
1628168085030000,0,12.14678968,8.0155
1628168085030000,0,12.31926070,8.0193
1628168085030000,0,120.65396896,8.0195
1628168257239000,0,12.33819428,8.0884
1628168266381000,1,145.12001934,8.0616
1628168294527000,0,12.94909393,8.1187
1628168304395000,0,12.18962556,8.1106
1628168304395000,0,12.35766326,8.1127
1628168309933000,0,12.82737124,8.1189
1628168309933000,0,12.63402380,8.1209
1628168319973000,0,12.87135278,8.1125
1628168319973000,0,7.98090579,8.1158
1628168348644000,1,13.00000000,8.0955
1628168356022000,1,12.13329244,8.0662
1628168356022000,1,12.45275319,8.0662
1628168356022000,1,13.11481660,8.0642
1628168356022000,1,255.42600000,8.0622
1628168356022000,1,34.65698743,8.0622
1628168365764000,0,12.94045190,8.0752
1628168365764000,0,0.05954810,8.0773
1628168370036000,0,157.12817951,8.0834
1628168370036000,0,41.83239693,8.0851
1628168370041000,0,123.72016901,8.0916
1628168370041000,0,75.24040743,8.0916
1628168370046000,0,50.98551452,8.0916
1628168379491000,0,12.19531920,8.0942
1628168379491000,0,0.80468080,8.0982
1628168382852000,1,13.00000000,8.0982
1628168387293000,1,13.00000000,8.0846
1628168388641000,0,13.00000000,8.0930
1628168452078000,0,12.19046191,8.1436
1628168452078000,0,12.07965528,8.1455
1628168487337000,0,52.97644439,8.1344
1628168527860000,0,9.30211510,8.1756
1628168537016000,0,10.54540645,8.2034
1628168574604000,1,12.78541085,8.1653
1628168574604000,1,12.01618911,8.1631
1628168574673000,0,31.25000000,8.1631
1628168574751000,0,31.25000000,8.1631
1628168574825000,0,31.25000000,8.1631
1628168574868000,0,12.42484443,8.1631
1628168597189000,0,12.97773010,8.1605
1628168597189000,0,0.02226990,8.1637
1628168605980000,1,13.00000000,8.1605
1628168612399000,1,13.00000000,8.1610
1628168620392000,1,13.00000000,8.1610
1628168627767000,0,12.41566222,8.1627
1628168628001000,1,0.58433778,8.1627
1628168632603000,1,13.00000000,8.1627
1628168637246000,0,13.00000000,8.1599
1628168667155000,1,13.00000000,8.1637
1628168681408000,0,12.00883933,8.1609
1628168681408000,0,0.99116067,8.1620
1628168693159000,1,13.00000000,8.1636
1628168726390000,1,13.00000000,8.1654
1628171731479000,0,143.00000000,8.1889
1628171744526000,0,12.15308473,8.2106
1628172359644000,0,118.00150090,8.4000
1628172359644000,0,12.69406158,8.4003
1628172376785000,1,2.50000000,8.3641
1628172448163000,0,12.14793568,8.4726
1628172448163000,0,12.35540533,8.4737
1628172448163000,0,40.00000000,8.4769
1628172448163000,0,12.27130342,8.4776
1628172448163000,0,149.87535825,8.4787
1628172448163000,0,86.45064000,8.4818
1628172448163000,0,117.92653681,8.4861
1628172448163000,0,151.10409141,8.4861
1628172448163000,0,132.00000000,8.4899
1628172448163000,0,60.42278947,8.4899
1628172469862000,0,2.95068113,8.4439
1628172513867000,1,150.58261455,8.3932
1628172513867000,1,41.93826367,8.3898
1628172513867000,1,108.71286578,8.3898
1628172513867000,1,83.80801244,8.3875
1628172891558000,0,17.72132597,8.4433
1628172912687000,1,12.01043146,8.4478
1628172912687000,1,12.54971007,8.4477
1628172975614000,0,117.60419862,8.5121
1628172975614000,0,73.29360669,8.5121
1628172994041000,0,31.25000000,8.5028
1628172994077000,0,31.25000000,8.5028
1628173086289000,1,31.25000000,8.4565
1628173086417000,1,229.54905545,8.4565
1628173088180000,1,34.35043917,8.4565
1628173256379000,0,31.25000000,8.4392
1628173256918000,1,31.25000000,8.4380
1628173344410000,0,12.62897088,8.4170
1628173344410000,0,12.67535351,8.4203
1628173344410000,0,12.22086053,8.4203
1628173344410000,0,62.47481508,8.4213
1628173819973000,1,12.78246579,8.3948
1628173819973000,1,198.27877546,8.3941
1628173820546000,1,57.14722454,8.3941
1628173820546000,1,12.57672015,8.3931
1628173905074000,0,12.88347220,8.4358
1628173910885000,0,12.60483192,8.4358
1628173910885000,0,12.51261592,8.4379
1628173910885000,0,22.09606359,8.4400
1628174068614000,0,12.05982681,8.4632
1628174068614000,0,12.02517197,8.4654
1628174068614000,0,12.56317966,8.4654
1628174068614000,0,63.55442305,8.4674
1628174447824000,0,149.96663949,8.4592
1628174447824000,0,42.50397193,8.4651
1628174447826000,0,192.47061142,8.4651
1628174447827000,0,65.18949905,8.4651
1628174447827000,0,127.28111237,8.4719
1628174447831000,0,22.72391023,8.4719
1628174447949000,0,40.00000000,8.5033
1628174447949000,0,26.64406019,8.5058
1628174548883000,0,31.25000000,8.5020
1628174548954000,0,31.25000000,8.5020
1628174548994000,0,31.25000000,8.5020
1628174549020000,0,6.25000000,8.5020
1628174690886000,1,3.94000000,8.4481
1628174822113000,0,146.43133763,8.4922
1628174826399000,0,5.00000000,8.5027
1628174973394000,0,12.03381985,8.5117
1628174973394000,0,12.42192679,8.5149
1628174973448000,1,31.25000000,8.5149
1628174973455000,1,31.25000000,8.5149
1628174973998000,1,226.99619860,8.5149
1628175048571000,1,31.25000000,8.5284
1628175056403000,0,148.69878541,8.5320
1628175056480000,1,148.69878541,8.5320
1628175056704000,1,371.43231179,8.5320
1628175056752000,1,58.17346814,8.5284
1628175063326000,0,3.55598467,8.5284
1628175082799000,0,118.68881838,8.5454
1628175125712000,1,12.75903242,8.5448
1628175125782000,0,31.25000000,8.5448
1628175126180000,0,2.28805719,8.5448
1628175210129000,0,220.41827504,8.5582
1628175214720000,0,53.28046850,8.5710
1628175217863000,1,12.87155610,8.5670
1628175217863000,1,21.85126110,8.5627
1628175240159000,1,12.23707077,8.5722
1628175240159000,1,12.15754254,8.5688
1628175240159000,1,12.40914446,8.5688
1628175240159000,1,67.36469385,8.5679
1628175269920000,0,30.43128273,8.6000
1628175694878000,0,31.25000000,8.6029
1628175694880000,0,31.25000000,8.6029
1628175694949000,0,31.25000000,8.6029
1628175695005000,0,31.25000000,8.6029
1628175772658000,1,6.39970269,8.5432
1628176170366000,0,31.25000000,8.5645
1628176172022000,0,31.25000000,8.5645
1628176224967000,0,142.04734396,8.5821
1628176224967000,0,147.82993773,8.5864
1628176224967000,0,12.83143672,8.5879
1628176224967000,0,66.46555828,8.5904
1628176224967000,0,147.76055640,8.5906
1628176224967000,0,66.21843738,8.5931
1628177072932000,1,99.99563328,8.6275
1628177125873000,1,2.43407707,8.6231
1628177223216000,0,12.49670791,8.6425
1628177223216000,0,12.43354911,8.6453
1628177223216000,0,25.06974298,8.6468
1628177438352000,0,471.61575936,8.6500
1628177438416000,0,7.18777937,8.6519
1628177438416000,0,11.86735374,8.6572
1628177438416000,0,144.03913465,8.6606
1628177438416000,0,13.00211987,8.6607
1628177438416000,0,146.55460582,8.6682
1628177438416000,0,40.00000000,8.6708
1628177438416000,0,41.26307866,8.6713
1628177492218000,0,31.25000000,8.6800
1628177492261000,0,31.25000000,8.6800
1628177492284000,0,31.25000000,8.6800
1628177494616000,0,28.49480305,8.6800
1628177521799000,1,12.90763896,8.6841
1628177618306000,0,12.16127686,8.6913
1628177623214000,0,12.16641138,8.6985
1628177623794000,0,31.25000000,8.6968
1628177623794000,0,12.58530628,8.6982
1628177629982000,0,15.00000000,8.7000
1628177760023000,0,12.77427401,8.7279
1628177760023000,0,81.62472000,8.7300
1628177760023000,0,12.08056702,8.7300
1628177760023000,0,15.72386829,8.7301
1628177767963000,0,115.28525256,8.7301
1628177768401000,0,193.06596079,8.7301
1628177839891000,0,9.00000000,8.7666
1628177840586000,1,31.25000000,8.7840
1628177880179000,0,17.72132597,8.7954
1628177880179000,0,12.44659714,8.7972
1628177880179000,0,25.00000000,8.8000
1628177880179000,0,44.83207689,8.8027
1628177914070000,0,31.25000000,8.7926
1628177919002000,0,12.61683697,8.8065
1628177919002000,0,0.34083011,8.8109
1628177927813000,1,2.38459415,8.7833
1628177952707000,1,12.17241570,8.7633
1628177952707000,1,12.65073631,8.7593
1628177953419000,0,12.27010962,8.7672
1628177972606000,0,31.25000000,8.7321
1628177975949000,1,23.11585365,8.7202
1628178371311000,0,104.62756339,8.7600
1628178565343000,1,3.68892212,8.6639
1628178565566000,1,2.97258821,8.6646
1628178565566000,1,9.49613610,8.6639
1628178565566000,1,11.34500690,8.6611
1628178565566000,1,136.50907884,8.6594
1628178565566000,1,40.00000000,8.6592
1628178565566000,1,213.59126206,8.6525
1628178608431000,1,12.36929294,8.5978
1628178615693000,0,2.44248244,8.6374
1628178673379000,1,12.96888509,8.5597
1628178690566000,0,11.65083681,8.5617
1628178691111000,1,12.72005854,8.5449
1628178705045000,1,12.50080045,8.5195
1628178705045000,1,12.96896692,8.5191
1628178705045000,1,255.42600000,8.5152
1628178705045000,1,13.21814515,8.5152
1628178706108000,1,148.58855024,8.5151
1628178755243000,1,87.77523397,8.5380
1628178756072000,1,30.00000000,8.5380
1628179185456000,1,164.52295367,8.5222
1628179685402000,0,127.83900000,8.5774
1628179685571000,0,18.75000000,8.5774
1628179685826000,0,87.89722763,8.5774
1628179685826000,0,12.91676986,8.5895
1628179685826000,0,11.87662933,8.5924
1628179685826000,0,140.08035935,8.5947
1628179685826000,0,147.67252360,8.5947
1628179685826000,0,6.96710405,8.6009
1628179686020000,0,12.67746033,8.5966
1628179686020000,0,6.07253967,8.5988
1628179757054000,0,12.64779412,8.6008
1628179757054000,0,12.99561479,8.6033
1628179757054000,0,39.20799524,8.6051
1628179983632000,1,31.25000000,8.5912
1628179983799000,1,984.61677122,8.5912
1628179983837000,1,113.81157331,8.5912
1628180210005000,0,980.91832786,8.6086
1628180210281000,0,31.25000000,8.6086
1628180210353000,0,31.25000000,8.6086
1628180210366000,0,31.25000000,8.6086
1628180210422000,0,31.25000000,8.6086
1628180210526000,0,980.92665634,8.6086
1628180211026000,0,980.95963390,8.6086
1628180211577000,0,980.95767433,8.6086
1628180331281000,0,626.45656520,8.6086
1628180564549000,1,42.36990438,8.6067
1628180586052000,0,12.95061321,8.6197
1628180586052000,0,12.73293271,8.6217
1628180586052000,0,22.02130481,8.6227
1628180741146000,0,12.52439495,8.6192
1628180741146000,0,12.59562855,8.6210
1628180741202000,1,31.25000000,8.6220
1628180741203000,1,31.25000000,8.6220
1628180741226000,1,12.94669173,8.6220
1628180741251000,1,18.20216081,8.6220
1628180906470000,0,31.25000000,8.6241
1628180906495000,0,31.25000000,8.6241
1628180987658000,0,31.25000000,8.6722
1628180987670000,0,31.25000000,8.6722
1628180987723000,0,31.25000000,8.6722
1628181034367000,1,31.25000000,8.6627
1628181034394000,1,31.25000000,8.6627
1628181034402000,1,31.25000000,8.6627
1628181034403000,1,52.32245239,8.6627
1628181235459000,1,12.51620169,8.5478
1628181235459000,1,12.67519524,8.5457
1628181235459000,1,12.06939008,8.5456
1628181235459000,1,116.97198066,8.5435
1628181235459000,1,12.86556585,8.5435
1628181235459000,1,255.42600000,8.5414
1628181235459000,1,148.01341693,8.5414
1628181235459000,1,12.61552002,8.5377
1628181275828000,1,31.25000000,8.5830
1628181539957000,0,12.68891072,8.6056
1628181539957000,0,147.34144643,8.6083
1628181539957000,0,12.74674874,8.6088
1628181539957000,0,12.33603066,8.6111
1628181539957000,0,147.28895193,8.6111
1628181539957000,0,57.06923565,8.6178
1628181539957000,0,186.10644334,8.6178
1628182241765000,0,31.25000000,8.6600
1628182241767000,0,31.25000000,8.6600
1628182241837000,0,31.25000000,8.6600
1628182255891000,0,974.23510220,8.6600
1628182256427000,0,63.55999556,8.6600
1628182261963000,0,25.01887604,8.6722
1628182491758000,1,31.25000000,8.6635
1628182491760000,1,31.25000000,8.6635
1628182491831000,1,31.25000000,8.6635
1628182491849000,1,31.25000000,8.6635
1628182653417000,0,16.50000000,8.7074
1628182779371000,1,12.59078079,8.7446
1628182779371000,1,12.95802949,8.7440
1628182840333000,0,12.31042888,8.7584
1628182840415000,0,31.25000000,8.7584
1628182840420000,0,270.39151636,8.7584
1628182846200000,0,89.42346814,8.7584
1628182848215000,1,2.39769547,8.7569
1628182989821000,0,12.48729725,8.7991
1628182993411000,0,12.48487358,8.7959
1628183005651000,1,7.74948578,8.7878
1628183029627000,0,31.25000000,8.8000
1628183029731000,0,31.25000000,8.8000
1628183030495000,0,57.50000000,8.8000
1628183075060000,1,145.59944791,8.7407
1628183075060000,1,38.00000000,8.7393
1628183075060000,1,255.42600000,8.7324
1628183075060000,1,134.00000000,8.7324
1628183075060000,1,2.55231956,8.7324
1628183476458000,0,2.26952368,8.7686
1628183591709000,0,12.40882663,8.7778
1628183591709000,0,12.18983262,8.7809
1628183591764000,1,31.25000000,8.7818
1628183591766000,1,12.45183245,8.7818
1628183591766000,1,31.25000000,8.7818
1628183591792000,1,120.61355267,8.7818
1628183767437000,1,9.56259338,8.7879
1628183786740000,0,12.04654688,8.7914
1628183786740000,0,144.33957099,8.7924
1628183786740000,0,12.92494808,8.7936
1628183786740000,0,144.28120419,8.7961
1628183786740000,0,11.64041849,8.7975
1628183786740000,0,139.95625294,8.7987
1628183786740000,0,103.63497895,8.7998
1628183850194000,1,12.81307998,8.7706
1628183850194000,1,47.80930857,8.7662
1628183850196000,1,96.56495518,8.7662
1628183850196000,1,96.90275491,8.7630
1628184005935000,1,31.25000000,8.7485
1628184042279000,1,69.00000000,8.7589
1628184123902000,1,12.85694233,8.7412
1628184123902000,1,12.08785584,8.7399
1628184123902000,1,0.44801707,8.7399
1628184229080000,1,7.54688897,8.7173
1628184229289000,1,4.47075744,8.7173
1628184229289000,1,149.74720763,8.7129
1628184229289000,1,12.63242910,8.7129
1628184229289000,1,12.57108978,8.7129
1628184229289000,1,40.74256042,8.7120
1628184329300000,0,45.23303157,8.7774
1628184409593000,0,5.61099459,8.7920
1628184563970000,0,31.25000000,8.7922
1628184564037000,0,31.25000000,8.7922
1628184564067000,0,31.25000000,8.7922
1628184671888000,0,6.50000000,8.7922
1628184746446000,0,2.29229650,8.8242
1628184751828000,0,24.44360000,8.8473
1628184752556000,0,0.00009207,8.8473
1628184965235000,0,11.27426296,8.8476
1628184991810000,0,208.91121377,8.8549
1628185216791000,1,2.27715997,8.8258
1628185296406000,1,24.64168158,8.8196
1628185769288000,1,31.25000000,8.7666
1628185769291000,1,31.25000000,8.7666
1628185769314000,1,31.25000000,8.7666
1628185769393000,1,31.25000000,8.7635
1628185790825000,1,12.55000307,8.7565
1628185877450000,1,12.19798838,8.7696
1628185877450000,1,12.35571151,8.7696
1628185878442000,1,12.35641472,8.7696
1628185941365000,0,12.60039598,8.7652
1628185941411000,1,31.25000000,8.7652
1628185941457000,1,31.25000000,8.7652
1628185954253000,1,60.37268452,8.7652
1628186205497000,0,31.25000000,8.7852
1628186205504000,0,31.25000000,8.7852
1628186205570000,0,31.25000000,8.7852
1628186363067000,0,12.39995044,8.7673
1628186363067000,0,12.77359288,8.7703
1628186363067000,0,144.66811656,8.7717
1628186363144000,1,31.25000000,8.7741
1628186363175000,1,12.52409323,8.7741
1628186363175000,1,4.14397664,8.7741
1628186531593000,1,79.07152391,8.6908
1628186770397000,0,31.25000000,8.7306
1628186770397000,0,31.25000000,8.7306
1628186770398000,0,31.25000000,8.7306
1628186770725000,0,575.07988261,8.7306
1628187062195000,0,22.61840000,8.7151
1628187062210000,0,0.00005733,8.7151
1628187971104000,0,12.51857740,8.7098
1628187971104000,0,12.17851087,8.7105
1628187971104000,0,30.47726429,8.7112
1628188078108000,0,31.25000000,8.7318
1628188078112000,0,10.25489865,8.7318
1628188597917000,0,41.72308050,8.7852
1628188650901000,0,12.53933635,8.8756
1628188650901000,0,12.88390803,8.8767
1628188650901000,0,12.57086236,8.8791
1628188650901000,0,17.73304151,8.8800
1628188650901000,0,93.11853156,8.8800
1628188651355000,0,31.25000000,8.8800
1628188651391000,0,31.25000000,8.8800
1628188651392000,0,31.25000000,8.8800
1628188651395000,0,31.25000000,8.8800
1628188651828000,0,52.82499576,8.8800
1628188651828000,0,27.75335962,8.8900
1628188655726000,0,142.67860102,8.8963
1628188655726000,0,51.60569916,8.8969
1628188655727000,0,29.55764084,8.8969
1628188656811000,0,30.40000000,8.9097
1628188656811000,0,277.41390767,8.9100
1628188657264000,0,127.83900000,8.9100
1628188657275000,0,79.57949000,8.9100
1628188657319000,0,83.99152285,8.9100
1628188661586000,0,657.93939075,8.9400
1628188661870000,0,4.00000000,8.9500
1628188661870000,0,51.96392840,8.9500
1628188686007000,1,31.25000000,8.9347
1628188686012000,1,31.25000000,8.9347
1628188690306000,1,142.04521212,8.9001
1628188690306000,1,51.56368191,8.8971
1628188690319000,1,31.25000000,8.8971
1628188690323000,1,31.25000000,8.8971
1628188748239000,0,5.99999999,8.9666
1628188801582000,0,0.00000001,8.9666
1628188801582000,0,12.33312208,8.9837
1628188801582000,0,67.66687791,8.9839
1628188820724000,0,31.25000000,9.0000
1628188820738000,0,17.20570773,9.0000
1628188820738000,0,4.00000000,9.0000
1628188820738000,0,10.04429227,9.0000
1628188820756000,0,26.25504715,9.0000
1628188820756000,0,4.99495285,9.0000
1628188820791000,0,15.00504715,9.0000
1628188899924000,0,5.33347252,9.0255
1628188899971000,0,0.00000001,9.0255
1628188930594000,0,20.00000000,9.0493
1628188948218000,0,12.02712125,9.0719
1628188948218000,0,118.17165258,9.0741
1628189029895000,0,127.83900000,9.1000
1628189031390000,0,18.75000000,9.1000
1628189031468000,0,18.75000000,9.1000
1628189031515000,0,127.83900000,9.1000
1628189031530000,0,4.00489865,9.1000
1628189033821000,0,31.78679673,9.1000
1628189052556000,0,131.57834530,9.1344
1628189073087000,0,12.39379258,9.1590
1628189073087000,0,12.04810258,9.1612
1628189073087000,0,104.49301897,9.1635
1628189090419000,1,77.55263999,9.1504
1628189090426000,1,0.00000001,9.1504
1628189275531000,1,139.24319068,9.0819
1628189275531000,1,17.47751562,9.0778
1628189430392000,1,2.26952368,9.0451
1628189538567000,0,4.37462080,9.0982
1628189636996000,1,31.25000000,9.0720
1628189636997000,1,31.25000000,9.0720
1628189636997000,1,12.50000000,9.0720
1628189643524000,1,31.25000000,9.0734
1628189643524000,1,31.25000000,9.0732
1628189643585000,0,15.93868999,9.0700
1628189746084000,0,39.43586494,9.1215
1628189940780000,0,12.02829825,9.0903
1628189940780000,0,12.70582582,9.0906
1628189940780000,0,12.69387149,9.0925
1628189940780000,0,255.42600000,9.0948
1628189940780000,0,73.65319660,9.0948
1628190054606000,0,10.90067922,9.1281
1628190284313000,0,12.26871457,9.1649
1628190284313000,0,7.73128543,9.1665
1628190592348000,0,255.42600000,9.1332
1628190592348000,0,138.91734482,9.1332
1628190592348000,0,11.78580522,9.1351
1628190592348000,0,138.87657556,9.1358
1628190592348000,0,7.21491146,9.1380
1628190735469000,1,6.18472292,9.0974
1628191127044000,0,31.25000000,9.1000
1628191127065000,0,31.25000000,9.1000
1628191127461000,0,57.50000000,9.1000
1628191174450000,0,12.88902566,9.1223
1628191174450000,0,12.68080964,9.1250
1628191174450000,0,2.59000000,9.1254
1628191174450000,0,11.82720042,9.1274
1628191174450000,0,138.95010642,9.1301
1628191174450000,0,25.38925354,9.1333
1628191337738000,0,10.96958689,9.0708
1628191357748000,0,2.69031142,9.0503
1628191390400000,1,12.02963521,9.0281
1628191390400000,1,12.43704655,9.0257
1628191390400000,1,12.06215944,9.0257
1628191390400000,1,9.77139953,9.0250
1628191416971000,0,11.00455101,9.0419
1628191621429000,1,31.25000000,9.0267
1628191621433000,1,31.25000000,9.0267
1628191621995000,1,68.98023415,9.0267
1628191788255000,0,31.25000000,9.0578
1628191788255000,0,31.25000000,9.0578
1628191788257000,0,31.25000000,9.0578
1628191788259000,0,31.25000000,9.0578
1628191788697000,0,6.48023415,9.0578
1628192025141000,1,7.00000000,9.0000
1628192025141000,1,2.25000000,9.0000
1628192025141000,1,145.84820474,8.9937
1628192025141000,1,140.70703346,8.9924
1628192025141000,1,38.00000000,8.9906
1628192025141000,1,32.70195396,8.9888
1628192025697000,1,131.57834530,8.9924
1628192025726000,1,123.84765470,8.9924
1628192025726000,1,140.70703346,8.9924
1628192025726000,1,64.41500722,8.9888
1628192108040000,1,34.72518054,8.9711
1628192253559000,1,89.00779632,8.9258
1628192294871000,1,141.12709442,8.9672
1628192294871000,1,149.68469253,8.9638
1628192294871000,1,141.18756602,8.9638
1628192294871000,1,87.03200851,8.9605
1628192298530000,1,19.09716612,8.9672
1628192329213000,1,43.66929856,8.9686
1628192390824000,1,153.79664568,8.9749
1628192559121000,1,31.25000000,8.9976
1628192776015000,1,119.05824132,8.9468
1628192854592000,1,46.84355570,8.9524
1628193127037000,1,47.70485073,8.9062
1628193127532000,1,5.80647933,8.9062
1628193210234000,1,30.00000000,8.8979
1628193210854000,1,225.42600000,8.8979
1628193210854000,1,142.19879941,8.8979
1628193210854000,1,39.78581441,8.8949
1628193386087000,0,12.75468535,8.9183
1628193386087000,0,12.46783483,8.9216
1628193386087000,0,48.30020159,8.9228
1628193512522000,1,22.92509977,8.8973
1628193578341000,1,45.33096924,8.8920
1628193685337000,1,14.16889571,8.9037
1628193694981000,1,7.11142049,8.8983
1628193827063000,1,31.25000000,8.9115
1628193827115000,1,31.25000000,8.9115
1628194079695000,0,12.96639473,8.9162
1628194079695000,0,12.73008134,8.9162
1628194079771000,1,31.25000000,8.9162
1628194079846000,1,31.25000000,8.9162
1628194088865000,1,44.99741149,8.9162
1628194156557000,0,37.99999999,8.9044
1628194665323000,1,127.71300000,8.8969
1628194665423000,1,477.50146358,8.8969
1628194690855000,1,12.27477233,8.8808
1628194690855000,1,12.76520867,8.8808
1628194690855000,1,75.16262049,8.8764
1628194865195000,1,12.26233840,8.8719
1628194865195000,1,12.91034052,8.8701
1628194865195000,1,108.02120864,8.8692
1628195332305000,1,8.46076327,8.8977
1628195362900000,0,108.87986488,8.9022
1628195390731000,1,12.04458041,8.8983
1628195390731000,1,12.98673219,8.8962
1628195390731000,1,83.84855227,8.8939
1628195590801000,0,31.25000000,8.9625
1628195591030000,0,18.75000000,8.9625
1628196010067000,1,6.91498082,8.9698
1628198655638000,0,12.26897788,8.9344
1628198655690000,1,31.25000000,8.9344
1628198655743000,1,31.25000000,8.9344
1628198655748000,1,13.65695478,8.9344
1628199437897000,1,31.25000000,8.9701
1628199438397000,1,31.25000000,8.9717
1628199517140000,0,12.07999783,8.9766
1628199517140000,0,12.68643270,8.9795
1628199517140000,0,12.20527083,8.9795
1628199517140000,0,141.22999398,8.9811
1628199517140000,0,12.27871901,8.9821
1628199517140000,0,12.50671228,8.9840
1628199517140000,0,122.38847859,8.9840
1628199537961000,0,28.75754453,8.9827
1628199537961000,0,141.27442569,8.9829
1628199537961000,0,12.75272692,8.9845
1628199537961000,0,15.52517841,8.9858
1628200876046000,0,31.25000000,9.0031
1628200947427000,0,12.57590647,9.0215
1628200947427000,0,9.53789493,9.0237
1628201546508000,1,12.61382027,9.0072
1628201546508000,1,12.85976205,9.0051
1628201546508000,1,12.21038616,9.0051
1628201546508000,1,166.56031005,9.0038
1628201547505000,1,13.03368115,9.0021
1628201547505000,1,17.96477711,9.0006
1628201548109000,1,17.96477711,9.0066
1628202928720000,0,8.46000000,8.8830
1628203060855000,1,12.82156367,8.8710
1628203060855000,1,12.04470588,8.8709
1628203060855000,1,12.86272070,8.8673
1628203060855000,1,41.74072104,8.8665
1628203061762000,1,66.64814762,8.8665
1628203101701000,0,6.24508752,8.8800
1628203867591000,1,22.21342533,8.8443
1628204062221000,1,11.00455101,8.8342
1628204141180000,1,31.25000000,8.8159
1628204141211000,1,31.25000000,8.8159
1628204141231000,1,31.25000000,8.8159
1628204488314000,1,12.04249359,8.8486
1628204488314000,1,12.62614100,8.8483
1628204488314000,1,12.87867803,8.8458
1628204488314000,1,12.48308708,8.8457
1628204488314000,1,96.03226886,8.8442
1628204489397000,1,100.42917497,8.8442
1628205261474000,1,10.00000000,8.8481
1628205281481000,1,10.00000000,8.8602
1628205473757000,0,12.57314603,8.9045
1628205473757000,0,12.10140501,8.9064
1628205473757000,0,142.37901832,8.9081
1628205473757000,0,12.02178074,8.9094
1628205473757000,0,15.39297844,8.9108
1628205473757000,0,136.41894433,8.9109
1628205965402000,1,31.25000000,8.9208
1628205973506000,1,31.25000000,8.9208
1628206328602000,1,12.27871592,8.9007
1628206328602000,1,12.43553343,8.9007
1628206328602000,1,255.42600000,8.8963
1628206328602000,1,50.74702352,8.8962
1628206666614000,0,31.25000000,8.9408
1628206666662000,0,28.75000000,8.9408
1628207031815000,1,2.50000000,8.9731
1628207057280000,0,10.00000000,9.0000
1628207079531000,0,12.66441787,9.0068
1628207079531000,0,12.26991158,9.0076
1628207079531000,0,75.06567055,9.0113
1628207133400000,0,12.86316190,8.9703
1628207133400000,0,141.37520291,8.9748
1628207133400000,0,12.40948471,8.9761
1628207133400000,0,141.32420293,8.9780
1628207133400000,0,12.81756072,8.9784
1628207133400000,0,40.84132214,8.9806
1628207180440000,0,31.25000000,8.9654
1628207180454000,0,31.25000000,8.9654
1628207180519000,0,31.25000000,8.9654
1628207187885000,0,2.50000000,8.9546
1628207296562000,1,2.50000000,8.9600
1628207296562000,1,141.38682178,8.9493
1628207296562000,1,141.43736477,8.9463
1628207296562000,1,111.73677517,8.9415
1628207296562000,1,25.80223984,8.9400
1628207296698000,1,31.25000000,8.9411
1628207302688000,1,79.46411000,8.9333
1628207302688000,1,12.76171164,8.9323
1628207302688000,1,12.88171440,8.9303
1628207302688000,1,12.98120490,8.9277
1628207302688000,1,12.94953957,8.9258
1628207397620000,0,2.50000000,8.9630
1628207425798000,1,2.50000000,8.9884
