timestamp ms,type,amount,price
1628038705026000,1,31.25000000,7.6400
1628038733127000,1,31.25000000,7.6400
1628038745556000,1,31.25000000,7.6400
1628038746318000,1,156.25000000,7.6400
1628038935885000,0,5.00000000,7.6261
1628045006326000,0,13.00000000,7.7102
1628051037024000,1,4.00000000,7.6000
1628052265136000,0,31.25000000,7.6389
1628052639517000,0,31.25000000,7.6719
1628054243847000,0,12.48889963,7.7367
1628054290979000,0,12.48786705,7.7290
1628054290979000,0,6.60929907,7.7315
1628055016343000,0,7.43691899,7.7432
1628055166615000,0,12.94698227,7.7514
1628055166615000,0,12.02689128,7.7538
1628055166615000,0,12.35664041,7.7538
1628055169526000,0,31.25000000,7.7502
1628058322861000,0,67.23355625,7.6470
1628058687723000,0,26.99448520,7.6426
1628059598692000,1,100.00000000,7.6400
1628060557373000,0,65.55225267,7.6176
1628060683074000,0,130.63462262,7.6450
1628064885841000,0,20.00000000,7.6207
1628064889126000,0,20.00000000,7.6207
1628066527837000,0,157.68710475,7.5794
1628066528165000,1,12.02449177,7.5677
1628066528165000,1,12.61989276,7.5677
1628066528165000,1,12.35127858,7.5653
1628066528165000,1,12.69962993,7.5648
1628066528165000,1,71.45362892,7.5639
1628067072706000,0,10.00000000,7.5500
1628067811297000,1,12.68100716,7.5789
1628067811297000,1,12.18460021,7.5788
1628067811297000,1,2.15807152,7.5788
1628067813645000,1,12.12055000,7.5764
1628067813645000,1,19.39246812,7.5726
1628068102779000,1,51.39925409,7.5817
1628068883431000,0,12.13166549,7.6331
1628069172785000,0,98.09340000,7.6720
1628069172849000,0,0.00003764,7.6720
1628069173116000,0,31.25000000,7.6760
1628069173946000,0,17.79671882,7.6760
1628069415545000,0,12.73334331,7.6228
1628070293843000,1,255.42600000,7.6400
1628070294024000,0,495.38198642,7.6400
1628071234429000,0,2.60017612,7.6535
1628071599394000,0,49.04671883,7.6800
1628072685818000,1,31.25000000,7.6130
1628072685844000,1,31.25000000,7.6130
1628073520774000,0,31.25000000,7.6755
1628073520775000,0,31.25000000,7.6755
1628073527838000,0,95.18710475,7.6755
1628074371120000,0,100.00000000,7.7100
1628074429843000,0,1093.76874787,7.7100
1628074430414000,0,1093.73102780,7.7100
1628074453070000,0,127.83900000,7.7100
1628074469049000,0,127.83900000,7.7100
1628074476396000,0,127.83900000,7.7100
1628074483438000,0,128.98322433,7.7100
1628074558272000,0,4.70026198,7.7190
1628074718219000,0,12.11594172,7.7221
1628074718219000,0,12.30648902,7.7251
1628074718219000,0,164.00316429,7.7260
1628074718219000,0,12.51169056,7.7283
1628074718219000,0,163.94209561,7.7289
1628074718219000,0,246.97377521,7.7307
1628075192707000,0,12.52660057,7.7477
1628075192707000,0,12.61068739,7.7508
1628075192707000,0,163.54497588,7.7515
1628075192707000,0,12.49142257,7.7530
1628075192707000,0,163.56785189,7.7547
1628075192707000,0,129.01728848,7.7567
1628075192707000,0,157.05687836,7.7568
1628075192707000,0,53.98897039,7.7631
1628075192707000,0,158.40512170,7.7631
1628075338916000,0,12.22551741,7.7637
1628075338916000,0,12.70179018,7.7656
1628075338916000,0,27.37070382,7.7676
1628076032935000,0,31.25000000,7.7150
1628076032936000,0,31.25000000,7.7150
1628076032944000,0,31.25000000,7.7150
1628076032945000,0,31.25000000,7.7150
1628076033016000,0,31.25000000,7.7150
1628076033020000,0,31.25000000,7.7150
1628076033021000,0,31.25000000,7.7150
1628076033024000,0,31.25000000,7.7150
1628076036392000,0,4.00000000,7.7150
1628076851697000,0,6.09578641,7.7535
1628077125885000,0,128.42641679,7.7935
1628077125899000,1,12.02929676,7.7979
1628077125900000,1,13.43544536,7.7979
1628077125910000,1,162.80321188,7.7979
1628077125911000,1,325.75220976,7.7979
1628077125912000,1,325.64467861,7.7979
1628077125912000,1,162.70689649,7.7979
1628077125936000,1,31.25000000,7.7979
1628077125944000,1,31.25000000,7.7979
1628077125949000,1,31.25000000,7.7979
1628077126077000,0,12.62515548,7.8065
1628077126077000,0,39.00000000,7.8392
1628077126077000,0,12.38351071,7.8580
1628077126077000,0,13.93790981,7.8600
1628077137324000,0,12.38717001,7.7964
1628077137324000,0,91.41862000,7.8003
1628077137324000,0,12.14476787,7.8005
1628077137324000,0,12.83167642,7.8005
1628077137324000,0,12.46036201,7.8024
1628077137324000,0,367.21080000,7.8044
1628077137324000,0,148.83863092,7.8044
1628077137324000,0,162.47983123,7.8079
1628077138238000,0,31.25000000,7.7925
1628077138438000,1,2.69354050,7.7803
1628077138752000,0,22.74795299,7.7985
1628077346338000,0,161.63008569,7.8344
1628077346338000,0,240.66418183,7.8369
1628077386423000,1,12.15450030,7.8257
1628077386423000,1,1.26390572,7.8236
1628077418391000,0,161.61006066,7.8357
1628077418391000,0,89.33581817,7.8369
1628077418391000,0,25.28758925,7.8384
1628077419347000,0,136.26179313,7.8384
1628078234710000,0,3.76990683,7.8218
1628078461924000,0,24.69623117,7.8359
1628078477374000,0,31.25000000,7.8359
1628078477439000,0,31.25000000,7.8359
1628078477445000,0,31.25000000,7.8359
1628078507582000,0,31.25000000,7.8359
1628078507583000,0,31.25000000,7.8359
1628078507588000,0,31.25000000,7.8359
1628078507589000,0,31.25000000,7.8359
1628078507600000,0,86.55376883,7.8359
1628078652507000,1,31.25000000,7.8617
1628078652512000,1,31.25000000,7.8617
1628078652578000,1,27.57478000,7.8617
1628078946853000,0,12.22780260,7.8698
1628078946853000,0,12.03052042,7.8702
1628078946853000,0,12.07680273,7.8728
1628078946853000,0,317.64857235,7.8737
1628079023176000,0,12.35142765,7.8737
1628079023176000,0,12.97166943,7.8804
1628079023176000,0,12.27819617,7.8827
1628079023901000,0,12.25842898,7.8826
1628079094245000,0,25.00000000,7.8475
1628079115078000,0,234.00000000,7.8716
1628080365822000,1,12.03459615,7.8278
1628080365822000,1,12.66025361,7.8259
1628080365822000,1,27.60316165,7.8239
1628080532062000,0,12.18825406,7.8476
1628080532062000,0,12.24459900,7.8495
1628080532062000,0,12.95413464,7.8503
1628080532062000,0,161.11874467,7.8509
1628080532062000,0,12.04128363,7.8521
1628080532062000,0,161.03365121,7.8534
1628080686137000,0,0.08650019,7.8534
1628080686137000,0,12.38672443,7.8622
1628080686137000,0,12.72831694,7.8642
1628080686137000,0,100.48850640,7.8654
1628080710245000,0,12.35498920,7.8782
1628081165289000,0,12.72000000,7.9285
1628081950932000,0,12.06293941,7.9485
1628081991888000,1,235.18358621,7.9402
1628082019036000,0,12.56219921,7.9679
1628082020949000,0,17.45346338,7.9688
1628082038015000,0,13.10773258,7.9794
1628082038015000,0,146.75236510,7.9797
1628082114066000,0,12.50332869,7.9581
1628082161266000,1,1061.02575362,7.9402
1628082161810000,1,1061.14946749,7.9402
1628082162443000,1,1061.24068139,7.9402
1628082163007000,1,213.02299455,7.9402
1628082390192000,0,31.25000000,7.9300
1628082390198000,0,127.83900000,7.9300
1628082390208000,0,1060.61436701,7.9300
1628082390767000,0,933.26771732,7.9300
1628082543581000,0,12.54443542,7.9782
1628082759635000,0,6.24508752,7.9665
1628082993416000,1,12.92295088,7.9434
1628082994444000,0,2.07704912,7.9427
1628083085343000,1,10.00000000,7.9420
1628083172564000,0,14.99999999,7.9552
1628083172571000,0,0.00000001,7.9552
1628083295485000,0,8.23326910,7.9911
1628083295485000,0,12.90415485,7.9939
1628083295485000,0,12.46858981,7.9959
1628083295485000,0,12.15558259,7.9983
1628083295485000,0,79.09643425,7.9985
1628083319034000,0,60.04569964,7.9985
1628083321943000,1,12.66334508,7.9855
1628083321943000,1,12.33665492,7.9838
1628083613515000,0,20.00000000,8.0000
1628083632263000,1,12.66077649,7.9774
1628083632263000,1,12.66988135,7.9757
1628083633156000,1,12.68068183,7.9764
1628083653754000,1,12.14312230,7.9811
1628084010157000,1,255.42600000,7.9848
1628084010157000,1,157.77643803,7.9848
1628084010157000,1,157.82625802,7.9820
1628084010157000,1,12.79734257,7.9817
1628084010157000,1,150.57231996,7.9795
1628084010157000,1,12.89612089,7.9795
1628084010157000,1,39.00000000,7.9756
1628084010157000,1,76.91531776,7.9753
1628084581495000,0,12.75000000,8.0546
1628084596174000,1,2.60720258,8.0562
1628084778911000,1,121.14892195,8.0433
1628085381701000,0,12.55549568,8.0392
1628085381701000,0,12.77912927,8.0420
1628085381701000,0,157.01318215,8.0432
1628085381701000,0,156.95295968,8.0460
1628085381701000,0,156.60773517,8.0518
1628085390791000,1,31.25000000,8.0233
1628085390836000,1,31.25000000,8.0233
1628085427599000,0,12.97733241,8.0119
1628085434534000,0,12.94499176,8.0129
1628085469072000,1,419.81430349,8.0000
1628085510649000,1,80.18569651,8.0000
1628085605297000,0,12.94538008,8.0285
1628085605297000,0,113.47212566,8.0304
1628085667886000,0,12.24117345,8.0707
1628085761445000,1,12.12373891,8.0710
1628085769424000,1,56.33938081,8.0607
1628085875976000,1,25.78824782,8.0494
1628085964683000,1,12.68338869,8.0550
1628085964683000,1,12.44665193,8.0535
1628085965300000,1,12.48301439,8.0518
1628086963211000,0,12.30410939,8.0616
1628086963211000,0,12.33062591,8.0642
1628086963211000,0,25.86963983,8.0656
1628087231043000,0,31.25000000,8.1000
1628087231109000,0,31.25000000,8.1000
1628087231113000,0,31.25000000,8.1000
1628087234943000,1,25.10568891,8.0925
1628087255638000,0,746.75379746,8.1000
1628087343680000,0,12.83548130,8.0920
1628087343680000,0,12.50899073,8.0947
1628087343680000,0,5.47032709,8.0947
1628088453433000,0,4.55199494,8.1010
1628088579137000,0,31.25000000,8.1098
1628088579140000,0,19.59950658,8.1098
1628089336379000,0,12.96105019,8.1464
1628089343708000,0,12.64298281,8.1563
1628089343708000,0,12.67071909,8.1567
1628089343708000,0,91.59840320,8.1604
1628089343708000,0,155.52541915,8.1623
1628089343708000,0,155.45661118,8.1662
1628089343708000,0,122.52914298,8.1673
1628089343708000,0,289.72740540,8.1673
1628089819879000,1,31.25000000,8.1753
1628089923108000,1,31.25000000,8.1800
1628089923114000,1,31.25000000,8.1800
1628089934147000,0,11.77120000,8.2068
1628089934203000,0,0.00006184,8.2068
1628090002416000,0,153.87267674,8.2481
1628090002416000,0,135.00000000,8.2500
1628090002416000,0,153.88022107,8.2525
1628090002416000,0,121.18791100,8.2577
1628090002416000,0,162.11308507,8.2577
1628090008079000,1,2.54603164,8.2317
1628090170643000,1,12.03586840,8.1928
1628090255643000,1,12.12816027,8.1796
1628090255643000,1,8.54783461,8.1777
1628090345078000,1,12.55670047,8.1822
1628090345078000,1,3.27152686,8.1801
1628090404797000,1,12.07023065,8.1853
1628090502617000,0,6.07366098,8.1913
1628090794322000,0,3.00000000,8.1916
1628091000951000,1,10.06206271,8.1729
1628091069005000,1,12.56340505,8.1681
1628091069005000,1,255.42600000,8.1657
1628091069005000,1,154.05828527,8.1657
1628091069005000,1,12.30748324,8.1657
1628091069005000,1,155.02516924,8.1647
1628091069005000,1,12.91077237,8.1629
1628091069005000,1,122.44405333,8.1605
1628091069005000,1,115.41551531,8.1605
1628091071034000,1,31.25000000,8.1683
1628091071034000,1,86.63333243,8.1641
1628091416624000,0,31.25000000,8.1523
1628091620119000,1,3.74702324,8.1215
1628091620249000,1,12.75175082,8.1215
1628092047177000,1,213.83006692,8.1478
1628092667784000,1,25.00044019,8.1324
1628092855984000,1,12.08695259,8.1732
1628092855984000,1,38.97555467,8.1713
1628092906208000,0,10.00000000,8.1630
1628092957578000,0,10.00000000,8.1773
1628093127350000,1,12.18984350,8.1224
1628093348996000,0,31.25000000,8.1718
1628093349610000,0,31.25000000,8.1747
1628093599566000,1,31.25000000,8.2057
1628093599624000,1,31.25000000,8.2057
1628093601252000,0,255.42600000,8.2257
1628093601252000,0,86.78747000,8.2258
1628093601252000,0,29.69393371,8.2301
1628093601252000,0,121.62824274,8.2301
1628093601252000,0,40.00000000,8.2301
1628093601252000,0,121.57004289,8.2371
1628093601252000,0,174.49470314,8.2409
1628093706959000,1,12.02839879,8.1955
1628093706959000,1,12.93015837,8.1936
1628093715956000,1,12.16232736,8.2013
1628093789989000,1,86.64213000,8.1891
1628093798016000,1,12.59216752,8.1842
1628093801503000,1,12.60268696,8.1864
1628093801503000,1,12.48552439,8.1862
1628093801503000,1,154.56221289,8.1851
1628093805061000,1,12.88016702,8.1865
1628093805061000,1,154.56221289,8.1851
1628093805061000,1,12.74678015,8.1842
1628093805061000,1,12.81594031,8.1839
1628094021435000,1,4.35865070,8.1604
1628094336149000,1,100.00000000,8.1576
1628094578434000,1,255.42600000,8.1703
1628094578434000,1,154.86627109,8.1703
1628094578434000,1,154.90720478,8.1682
1628094578434000,1,258.08933991,8.1669
1628094578434000,1,12.45100867,8.1667
1628094578434000,1,122.33166601,8.1644
1628094578434000,1,160.19649792,8.1644
1628094578434000,1,13.31937733,8.1644
1628094578434000,1,12.00842086,8.1610
1628094578434000,1,309.61662238,8.1609
1628094578434000,1,306.18240914,8.1559
1628094578434000,1,136.47647409,8.1559
1628094607628000,1,31.25000000,8.1631
1628094607679000,1,31.25000000,8.1631
1628094607686000,1,31.25000000,8.1631
1628094607733000,1,31.25000000,8.1631
1628095629430000,1,12.66066985,8.1741
1628095629430000,1,6.21740605,8.1740
1628095717530000,0,31.25000000,8.2000
1628095717534000,0,31.25000000,8.2000
1628095717551000,0,31.25000000,8.2000
1628095717595000,0,31.25000000,8.2000
1628095717595000,0,31.25000000,8.2000
1628095717603000,0,31.25000000,8.2000
1628095717613000,0,31.25000000,8.2000
1628095717761000,0,237.29514774,8.2000
1628096083432000,0,31.25000000,8.1954
1628096083432000,0,31.25000000,8.1954
1628096253259000,1,31.25000000,8.2104
1628096253268000,1,31.25000000,8.2104
1628096253317000,1,31.25000000,8.2104
1628096253317000,1,6.25000000,8.2104
1628096253968000,0,25.00000000,8.2084
1628096311509000,0,12.40877689,8.2089
1628096311509000,0,12.19525651,8.2105
1628096311509000,0,21.51386824,8.2128
1628096430370000,0,12.43253402,8.2154
1628096430370000,0,12.79268491,8.2180
1628096430370000,0,115.28938013,8.2195
1628097587677000,1,12.52609804,8.1519
1628097587677000,1,12.01855736,8.1498
1628097587677000,1,83.84587827,8.1478
1628097623085000,1,12.63446402,8.1565
1628097623085000,1,255.42600000,8.1551
1628097623085000,1,73.97339678,8.1551
1628097775550000,1,12.85255051,8.1537
1628097775550000,1,12.31587896,8.1537
1628097775550000,1,255.42600000,8.1496
1628097775550000,1,87.06143000,8.1496
1628097775550000,1,12.64098501,8.1491
1628097775550000,1,12.58304123,8.1458
1628097775550000,1,122.71555915,8.1437
1628097775550000,1,155.40584363,8.1437
1628097775550000,1,40.00000000,8.1437
1628097775550000,1,15.05260539,8.1320
1628097776135000,1,31.25000000,8.1578
1628097776135000,1,12.72919204,8.1402
1628097776135000,1,55.02080796,8.1361
1628097898893000,0,12.23352912,8.1456
1628097898893000,0,87.09322000,8.1496
1628097898893000,0,12.65986330,8.1500
1628097898893000,0,12.91340183,8.1502
1628097898893000,0,11.73217781,8.1523
1628097898893000,0,18.49125254,8.1541
1628097898900000,0,151.09322575,8.1496
1628097898900000,0,4.09226243,8.1541
1628097898953000,1,12.63014502,8.1458
1628097977901000,1,12.74311847,8.1391
1628097977901000,1,117.35385052,8.1387
1628098528812000,1,87.39930000,8.1174
1628098528812000,1,255.42600000,8.1174
1628098528812000,1,12.19864079,8.1171
1628098528812000,1,155.84501188,8.1164
1628098528812000,1,12.91896028,8.1138
1628098528812000,1,154.45170607,8.1115
1628098528812000,1,151.36077346,8.1115
1628098645005000,1,60.04569964,8.1279
1628098818957000,1,49.21320390,8.1116
1628099649287000,1,30.81479912,8.1142
1628099824046000,0,10.00000000,8.1216
1628099920835000,1,7.27585140,8.1223
1628100394203000,0,12.18874020,8.1666
1628100394203000,0,12.45209653,8.1666
1628100394203000,0,12.41874940,8.1686
1628100394203000,0,255.42600000,8.1707
1628100394203000,0,162.74850849,8.1707
1628100394203000,0,122.44397358,8.1777
1628100394203000,0,155.22142657,8.1777
1628100394203000,0,30.25268362,8.1809
1628100394203000,0,40.00000000,8.1847
1628100394203000,0,16.81953949,8.1848
1628100683348000,1,12.39898514,8.1627
1628101317840000,0,12.24478748,8.1261
1628101682740000,0,12.53474985,8.1884
1628102347058000,0,12.55321517,8.1857
1628102347058000,0,12.71411866,8.1875
1628102347111000,1,31.25000000,8.1885
1628102347115000,1,31.25000000,8.1885
1628102908056000,1,12.40670449,8.2088
1628102908122000,0,17.59329551,8.2085
1628103654096000,1,12.00000000,8.1788
1628103660721000,1,312.07508164,8.1788
1628105244990000,1,5.00000000,8.1870
1628105835013000,1,12.65140097,8.1316
1628105835013000,1,12.49710040,8.1276
1628105835013000,1,14.86088919,8.1275
1628106047759000,1,7.77966447,8.1501
1628106202423000,1,7.44262316,8.1483
1628106388219000,1,12.86201113,8.1585
1628106388219000,1,12.55732180,8.1566
1628106388219000,1,45.86768240,8.1551
1628106581871000,0,88.00000000,8.1734
1628106581871000,0,3.74702325,8.1735
1628106782062000,1,121.58194422,8.1744
1628106965747000,1,12.36876584,8.1779
1628107306388000,1,10.08616462,8.1484
1628107391977000,1,18.47418730,8.1560
1628107400768000,1,72.58652541,8.1608
1628107723720000,1,31.25000000,8.1569
1628107723734000,1,31.25000000,8.1569
1628108058023000,1,12.01256047,8.1493
1628108058023000,1,12.45326484,8.1475
1628108058496000,1,12.10340040,8.1466
1628108128632000,1,12.06527652,8.1517
1628108128632000,1,12.65459310,8.1517
1628108528390000,1,12.69473444,8.1577
1628108528613000,0,7.07723265,8.1577
1628109445053000,1,72.42785651,8.2064
1628109535417000,1,10.00000000,8.2091
1628109985677000,1,19.22880905,8.1912
1628110291988000,1,54.92270347,8.1667
1628110537793000,1,12.26817595,8.1730
1628110605039000,0,12.21840652,8.2171
1628110605039000,0,11.76944663,8.2191
1628110605039000,0,10.00000000,8.2212
1628110854569000,0,146.11790164,8.2412
1628111160005000,1,12.46829775,8.2258
1628111160005000,1,12.86832103,8.2231
1628111160005000,1,11.04446288,8.2217
1628111392790000,0,12.98421137,8.2500
1628111392790000,0,12.50591122,8.2513
1628111392790000,0,74.50987741,8.2541
1628111582947000,1,13.15437054,8.2329
1628112935218000,1,154.97370836,8.1648
1628112935258000,1,31.25000000,8.1611
1628112935274000,1,8.75000000,8.1611
1628112935405000,0,22.50000000,8.1570
1628112935405000,0,12.60058386,8.1570
1628112935456000,1,31.25000000,8.1574
1628112941888000,1,12.23208412,8.1428
1628112941888000,1,12.40750828,8.1416
1628112941888000,1,12.77221322,8.1395
1628112941888000,1,155.36803948,8.1387
1628112942861000,1,12.53136778,8.1394
1628112942861000,1,12.34788898,8.1373
1628112967144000,0,12.28596316,8.1613
1628115689837000,1,12.61516706,8.2368
1628115689837000,1,12.29252927,8.2342
1628115689837000,1,12.01891582,8.2341
1628115689837000,1,102.90419404,8.2327
1628115690393000,1,12.48214940,8.2364
1628115690393000,1,83.80848973,8.2327
1628115690835000,1,31.25000000,8.2370
1628115690835000,1,12.12980125,8.2341
1628115690835000,1,70.00299535,8.2327
1628116208167000,1,255.42600000,8.2308
1628116208167000,1,1.09939560,8.2308
1628116263509000,1,153.56595349,8.2456
1628116263509000,1,38.82809321,8.2429
1628116501838000,1,255.42600000,8.2266
1628116501838000,1,153.79263762,8.2250
1628116501838000,1,179.63500000,8.2206
1628116501838000,1,22.99951879,8.2206
1628116566668000,1,255.42600000,8.2245
1628116566668000,1,0.91182497,8.2245
1628117409564000,1,151.53642904,8.1025
1628117413394000,1,87.67194000,8.0929
1628117413782000,1,819.97171788,8.0495
1628117414495000,1,40.00000000,8.0464
1628117414495000,1,25.96521819,8.0195
1628117447737000,1,12.28596316,8.1182
1628117449169000,0,33.00647294,8.1271
1628117449679000,0,77.55700000,8.1271
1628117450817000,0,12.52022327,8.1231
1628117451597000,0,12.75963385,8.1251
1628117456508000,0,40.00000000,8.1287
1628117457622000,0,12.76152471,8.1305
1628117458168000,0,31.25000000,8.1304
1628117459861000,0,31.25000000,8.1303
1628117463660000,0,132.00000000,8.1327
1628117463660000,0,86.47406000,8.1327
1628117464826000,0,40.00000000,8.1298
1628117469758000,0,40.00000000,8.1342
1628117470811000,0,40.00000000,8.1361
1628117481751000,0,40.00000000,8.1460
1628117491965000,0,40.00000000,8.1530
1628117491965000,0,12.90337917,8.1535
1628117501285000,0,12.10806667,8.1579
1628117504998000,0,86.47406000,8.1704
1628117504998000,0,12.20043427,8.1706
1628117538233000,1,12.37906250,8.1108
1628117538233000,1,12.28257231,8.1106
1628117540770000,1,12.70027380,8.1201
1628117540770000,1,87.42133000,8.1161
1628117540770000,1,12.90158040,8.1151
1628117540770000,1,12.23762242,8.1151
1628117540770000,1,12.51681754,8.1128
1628117540770000,1,141.12483295,8.1111
1628117543342000,1,12.25449179,8.1202
1628117543342000,1,151.42170421,8.1161
1628117554235000,1,12.11663548,8.1238
1628117554235000,1,34.40036452,8.1219
1628117555750000,1,12.41177491,8.1231
1628117629380000,1,12.81046925,8.0979
1628117629380000,1,12.11312070,8.0966
1628117668010000,0,12.48285374,8.1123
1628117668541000,0,31.25000000,8.1123
1628117713302000,0,40.00000000,8.1079
1628117722191000,0,40.00000000,8.1063
1628117774886000,0,40.00000000,8.1099
1628117889472000,0,12.05290692,8.1370
1628117889971000,0,31.25000000,8.1368
1628117889971000,0,12.49327234,8.1370
1628117890503000,0,31.25000000,8.1331
1628117909017000,0,40.00000000,8.1411
1628118729970000,0,31.25000000,8.1121
1628118730023000,0,8.75000000,8.1121
1628119013705000,0,12.42439124,8.1274
1628119013763000,1,31.25000000,8.1275
1628119014430000,1,214.58587703,8.1275
1628119410228000,1,9.60917160,8.1603
1628120572106000,1,12.20881752,8.1675
1628121156081000,1,12.00257613,8.1791
1628121156081000,1,2.14183950,8.1756
