timestamp ms,type,amount,price
1625961968110000,0,5.38387331,9.2257
1625961968519000,1,117.50555104,9.2052
1625962466568000,1,31.25000000,9.2995
1625962569413000,1,9.10486000,9.3209
1625962634124000,1,2.44933743,9.3829
1625962988039000,0,2.46537488,9.3292
1625963342393000,1,19.73715766,9.3132
1625964194491000,1,2.20000000,9.3663
1625964479201000,0,5.40407922,9.4500
1625964504103000,1,5.00000000,9.4645
1625964776168000,0,2.25000000,9.5000
1625965343828000,1,13.15093988,9.4144
1625965383114000,0,3.18994868,9.4045
1625965489208000,1,12.66969823,9.3549
1625965490268000,1,0.00000154,9.3549
1625965545297000,0,3.20757157,9.3529
1625967572460000,0,2.17418468,9.6323
1625967572831000,0,11.84656722,9.6577
1625971658408000,0,127.83900000,9.4701
1625971658479000,0,31.25000000,9.4741
1625979886924000,0,12.43241645,9.1987
1625979886924000,0,12.26431869,9.2022
1625979886924000,0,12.32612537,9.2031
1625979886924000,0,17.38627177,9.2033
1625979889801000,0,4.02030144,9.1987
1625979892059000,0,2.17530975,9.1987
1625980436764000,0,12.23355863,9.2229
1625980436764000,0,77.03558000,9.2271
1625980436764000,0,12.73790748,9.2273
1625980436764000,0,12.28577136,9.2276
1625980436764000,0,137.05971267,9.2283
1625980436764000,0,12.07409891,9.2303
1625980436764000,0,137.00607545,9.2319
1625980436764000,0,82.67372293,9.2347
1625980436764000,0,26.92681752,9.2347
1625980756474000,0,136.93224622,9.2345
1625980756474000,0,136.88669354,9.2376
1625980756474000,0,12.95524774,9.2377
1625980756474000,0,74.69671273,9.2405
1625980756474000,0,84.29349008,9.2405
1625980756474000,0,12.74955373,9.2406
1625980756474000,0,12.15902595,9.2433
1625980756474000,0,38.90727856,9.2459
1625980759928000,0,31.25000000,9.2345
1625981289953000,0,137.21717563,9.2158
1625981289953000,0,67.12674020,9.2198
1625987468125000,1,12.84327171,9.1276
1625987468125000,1,12.81492088,9.1276
1625987468125000,1,255.42600000,9.1231
1625987468125000,1,77.52316000,9.1231
1625987468125000,1,12.61639431,9.1224
1625987468125000,1,12.64642824,9.1224
1625987468125000,1,138.23402042,9.1199
1625987468125000,1,138.28061740,9.1164
1625987468125000,1,166.86535791,9.1154
1625987468125000,1,230.37683168,9.1113
1625987468200000,0,31.25000000,9.1100
1625987468266000,0,138.23402042,9.1100
1625987468270000,1,12.42345686,9.1084
1625987468270000,1,12.95471229,9.1061
1625987468270000,1,6.66773764,9.1038
1625987468301000,0,1729.54179864,9.1100
1625987468303000,0,921.51856291,9.1100
1625987468386000,0,10.97694841,9.1100
1625987468407000,0,502.14792376,9.1100
1625987468535000,0,127.83900000,9.1100
1625987468899000,0,537.24778948,9.1100
1625987542518000,1,31.25000000,9.1100
1625987992965000,0,12.90175271,9.1169
1625987993337000,1,31.25000000,9.1169
1625988070500000,1,31.25000000,9.1169
1625988278567000,1,306.31765129,9.1169
1625989743926000,1,12.61863766,9.1309
1625989864043000,1,12.09231059,9.1467
1625989965474000,0,12.02254020,9.1598
1625990022671000,1,106.06370434,9.1600
1625990039158000,1,0.00000199,9.1467
1625990540702000,1,109.82371079,9.1263
1625990541110000,1,7.31205215,9.1263
1625993163289000,1,4.00000000,9.2973
1625995384247000,0,31.25000000,9.3362
1625998275024000,0,4.02030144,9.4242
1625999419834000,0,12.48392335,9.4153
1625999419834000,0,74.92070000,9.4200
1625999419834000,0,12.35935603,9.4205
1625999419834000,0,12.05542783,9.4205
1625999419834000,0,134.30675726,9.4214
1625999419834000,0,12.14811605,9.4224
1625999419834000,0,78.64318529,9.4252
1626000636751000,0,31.25000000,9.4300
1626000638327000,0,31.25000000,9.4300
1626000640029000,0,31.25000000,9.4300
1626000658342000,0,542.00814912,9.4300
1626000847118000,0,12.52204791,9.4440
1626000847118000,0,12.89497740,9.4467
1626000847118000,0,5.46812653,9.4487
1626000949236000,0,31.25000000,9.4764
1626001775395000,0,12.11853704,9.4580
1626001775395000,0,68.87189875,9.4586
1626002430346000,1,11.66775589,9.4662
1626002430346000,1,173.73328214,9.4638
1626002430346000,1,133.20390163,9.4594
1626002430346000,1,133.25622426,9.4553
1626002430346000,1,41.67415629,9.4539
1626002740432000,1,2.70847207,9.4828
1626002750838000,0,12.69363773,9.5117
1626002750838000,0,0.61315916,9.5117
1626002891285000,0,13.30679689,9.4933
1626002967405000,1,12.56701594,9.4812
1626002967474000,0,31.25000000,9.4812
1626002967506000,0,132.76748110,9.4812
1626003136443000,0,12.13321764,9.4991
1626003136443000,0,93.09391601,9.5038
1626004210149000,0,12.08846878,9.4125
1626004210149000,0,12.99406620,9.4159
1626004210149000,0,10.86163201,9.4172
1626007101078000,1,35.94416699,9.4810
1626007405196000,1,2.30000000,9.4578
1626008476266000,1,31.25000000,9.4097
1626008476583000,1,30.88515184,9.3479
1626008477262000,1,75.57382000,9.3584
1626008477262000,1,13.00000000,9.3526
1626008477262000,1,45.00000000,9.3526
1626008477262000,1,18.29416389,9.3526
1626009478369000,0,3.26958529,9.3896
1626009524036000,1,3.26958529,9.3718
1626009579855000,1,2.70847207,9.3770
1626010189756000,1,30.54512521,9.4147
1626010956815000,0,12.05184470,9.4471
1626010956815000,0,12.41051433,9.4487
1626010956815000,0,28.77778540,9.4518
1626012541274000,1,2.33094586,9.4275
1626014324174000,1,12.46607986,9.4324
1626014324174000,1,4.03068393,9.4301
1626014362686000,1,31.25000000,9.4300
1626014780553000,0,75.00669000,9.4558
1626014780553000,0,12.47677905,9.4559
1626014780553000,0,12.13749226,9.4602
1626014780553000,0,12.78545668,9.4602
1626014780694000,1,490.05372022,9.4621
1626015718783000,0,31.25000000,9.5506
1626015718894000,0,127.83900000,9.5506
1626015718901000,0,119.02528595,9.5506
1626016134591000,0,12.26003343,9.5847
1626016134591000,0,51.21103940,9.5848
1626016777891000,0,46.26698870,9.6012
1626016896300000,0,2.60808966,9.5856
1626017160637000,0,31.25000000,9.5856
1626017163608000,0,31.25000000,9.5856
1626017164685000,0,31.25000000,9.5856
1626017214370000,0,31.25000000,9.5856
1626017219088000,0,87.33419597,9.5856
1626017439584000,0,15.44742489,9.6273
1626017439584000,0,2.17530975,9.6273
1626017555767000,0,130.91737639,9.6576
1626017555767000,0,17.08618721,9.6615
1626017555767000,0,113.89986532,9.6615
1626017555767000,0,4.87431680,9.6618
1626017555767000,0,29.22938148,9.6649
1626017555894000,0,87.90638146,9.6649
1626017555988000,0,73.55288847,9.6917
1626017565979000,1,55.05401084,9.6958
1626018192787000,0,165.10050886,9.8174
1626018192787000,0,12.37402955,9.8201
1626018192787000,0,17.00724377,9.8226
1626018192787000,0,14.04706476,9.8227
1626018217885000,1,6.59737329,9.7909
1626018446317000,0,145.02750749,9.8511
1626018447833000,0,9.29566204,9.8511
1626018447844000,0,50.02074630,9.8511
1626018837340000,0,2.53362885,9.8673
1626018882852000,0,2.12032556,9.8770
1626018899635000,1,3.21226530,9.8770
1626018899635000,1,28.03773470,9.8770
1626018899643000,1,48.30626339,9.8770
1626018899845000,1,104.17134057,9.8770
1626019004085000,1,31.25000000,9.8890
1626019005712000,1,31.25000000,9.8890
1626019008558000,1,852.36236689,9.8890
1626019009084000,1,852.62094108,9.8890
1626019009728000,1,852.56351395,9.8890
1626019010236000,1,243.96916346,9.8890
1626019025955000,1,2.72458852,9.8569
1626019025955000,1,255.42600000,9.8500
1626019025955000,1,50.00000000,9.8500
1626019025955000,1,127.90546414,9.8494
1626019025955000,1,41.97076196,9.8444
1626019026372000,1,12.67826618,9.8619
1626019026372000,1,17.86685903,9.8619
1626019104439000,1,12.29982679,9.8609
1626019137105000,1,0.00000173,9.8609
1626019158937000,0,31.25000000,9.8901
1626019189630000,0,12.33421899,9.8901
1626019189630000,0,9.25444439,9.8901
1626019483209000,1,15.26813515,9.7687
1626019483832000,1,72.39604000,9.7692
1626019483832000,1,255.42600000,9.7691
1626019483832000,1,129.01106493,9.7674
1626019483832000,1,129.00329288,9.7628
1626019483832000,1,194.83200000,9.7591
1626019483832000,1,13.00000000,9.7525
1626019483832000,1,225.94509569,9.7525
1626019490716000,1,53.24014443,9.7628
1626019523519000,0,2.68307709,9.7873
1626020131966000,0,29.85022338,9.7051
1626020324894000,1,31.25000000,9.6700
1626020337314000,1,0.01783867,9.6700
1626020811705000,0,12.51483140,9.8620
1626020812268000,0,31.25000000,9.8586
1626020828845000,0,633.71013821,9.8800
1626021039602000,0,31.25000000,9.9379
1626021040766000,0,31.25000000,9.9379
1626021063228000,0,31.25000000,9.9800
1626021065481000,0,842.52372999,9.9800
1626021065986000,0,842.45905249,9.9800
1626021083406000,0,47.53678031,9.9800
1626021083618000,0,1969.10042700,9.9800
1626021089593000,0,6.27393000,9.9800
1626021090505000,0,9.36449397,9.9800
1626021093990000,0,9.17473565,9.9800
1626021094804000,0,2.86295057,9.9800
1626021095821000,0,99.99335673,9.9800
1626021106695000,0,20.24154000,9.9800
1626021143904000,0,468.39375000,9.9800
1626021156948000,0,151.75418130,9.9800
1626021171370000,0,233.67267000,9.9800
1626021177950000,0,1014.02136000,9.9800
1626021178655000,0,10.02004008,9.9800
1626021180506000,0,10.02004008,9.9800
1626021181394000,0,10.02004008,9.9800
1626021182059000,0,10.02004008,9.9800
1626021182160000,0,287.34943901,9.9800
1626021184259000,0,99.90251987,9.9800
1626021184463000,0,188.04492279,9.9800
1626021261425000,0,2.15000000,10.0000
1626021261425000,0,2.00000000,10.0000
1626021261425000,0,44.50280383,10.0000
1626021261425000,0,61.43616420,10.0000
1626021261652000,0,10.00000000,10.0000
1626021275824000,0,178.18335745,10.0000
1626021277282000,0,127.83900000,10.0000
1626021277328000,0,70.71495000,10.0000
1626021278274000,0,70.71418000,10.0000
1626021279181000,0,53.09444940,10.0000
1626021280211000,0,113.16771670,10.0000
1626021280220000,0,70.72252000,10.0000
1626021280227000,0,19.67110950,10.0000
1626021280448000,0,70.72118000,10.0000
1626021283768000,0,6.64775000,10.0000
1626021287683000,0,53.46338354,10.0000
1626021291838000,0,51.08501500,10.0000
1626021298513000,0,66.72599900,10.0000
1626021300804000,0,4.75115824,10.0000
1626021301399000,0,0.52790647,10.0000
1626021359375000,0,70.30612000,10.0388
1626021380230000,1,40.70977968,9.9890
1626021624014000,0,248.59021579,9.9209
1626021624323000,1,5.05612383,9.9017
1626021730924000,1,126.36398191,9.9733
1626021730924000,1,43.98493780,9.9693
1626021730924000,1,63.17842073,9.9693
1626022422103000,0,70.78751000,10.0510
1626022422103000,0,28.69618334,10.0541
1626022571060000,0,12.30797978,10.0534
1626022571060000,0,12.76520334,10.0549
1626022571060000,0,157.03793804,10.0584
1626022571060000,0,12.34596582,10.0588
1626022571060000,0,125.68265084,10.0611
1626022571060000,0,176.81354497,10.0653
1626022589891000,1,12.36831761,10.0179
1626022726834000,0,70.24879000,10.0434
1626022726834000,0,12.47493651,10.0434
1626022727275000,1,31.25000000,10.0434
1626022730302000,1,31.25000000,10.0434
1626022788004000,1,59.00838698,10.0434
1626022829899000,1,20.97297731,10.0434
1626022841649000,1,31.25000000,10.0434
1626022842838000,1,210.51329941,10.0434
1626022949918000,1,12.64021967,10.0188
1626023008880000,1,0.00000108,10.0188
1626023009381000,1,0.00000128,10.0179
1626023070120000,1,12.05748810,9.9932
1626023070602000,1,12.07431742,9.9982
1626023070602000,1,0.00000196,9.9932
1626023070602000,1,12.38154920,9.9932
1626023070602000,1,6.81197009,9.9907
1626023309990000,1,12.29113719,9.9720
1626023414879000,1,0.00000120,9.9720
1626023560205000,0,12.34891906,9.9450
1626023645588000,1,12.50640286,9.9407
1626023645588000,1,12.85306586,9.9392
1626023645588000,1,20.90751998,9.9357
1626023670278000,1,12.11665391,9.9398
1626023814436000,1,5.48748905,9.9403
1626023890638000,0,12.45742609,9.9600
1626023890638000,0,0.20921527,9.9618
1626023910540000,1,0.00000130,9.9398
1626023910540000,1,12.07802233,9.9390
1626023910540000,1,0.83269738,9.9358
1626024069754000,0,12.90905512,9.9575
1626024150375000,1,12.71923040,9.9411
1626024196335000,0,12.60750371,9.9588
1626024196335000,0,12.61684592,9.9612
1626024196335000,0,26.95446418,9.9626
1626024211478000,1,0.00000165,9.9411
1626024669197000,0,12.80630550,9.9539
1626024669197000,0,12.32922146,9.9563
1626024669197000,0,24.03345327,9.9571
1626024990739000,1,12.98243507,9.9044
1626025110776000,1,0.00000153,9.9044
1626025110776000,1,12.66710864,9.8911
1626025111147000,1,12.38648085,9.8859
1626025111147000,1,92.84065280,9.8831
1626025111179000,1,99.48369334,9.8831
1626025150851000,1,255.42600000,9.8968
1626025150851000,1,81.49146581,9.8968
1626025904033000,0,127.40237916,9.9199
1626025904033000,0,16.67794281,9.9232
1626025904034000,0,106.39703236,9.9232
1626025904096000,0,13.00000000,9.9350
1626025904096000,0,86.59704000,9.9350
1626025904147000,0,127.36113372,9.9292
1626025904147000,0,90.93584628,9.9321
1626025904238000,0,23.39783419,10.0294
1626025904279000,1,68.63733581,10.0496
1626025922477000,0,92.03516740,10.0496
1626025982576000,1,124.47444262,10.1217
1626026071443000,1,20.79292429,10.0988
1626026342407000,0,2.96730332,10.1169
1626026474283000,1,9.95664035,10.0931
1626026564625000,1,12.66664136,10.0807
1626026620845000,1,31.00091561,10.0491
1626026766438000,0,124.47444262,10.0567
1626026766522000,0,99.38708635,10.0720
1626026766522000,0,7.84019365,10.0730
1626026766660000,0,94.80194000,10.1008
1626026767521000,0,12.50000000,10.2000
1626026767521000,0,2.00000000,10.2000
1626026767641000,0,39.85181529,10.2200
1626026767641000,0,48.48506326,10.2678
1626026768887000,0,48.71178278,10.2200
1626026770279000,0,7.12264156,10.2678
1626026777048000,0,46.12795885,10.2788
1626026810466000,1,32.93463654,10.2697
1626026844882000,0,3.28455762,10.2845
1626026880689000,0,94.77557000,10.2834
1626026880689000,0,78.68387961,10.2848
1626026907314000,0,46.36035847,10.3000
1626026908863000,0,44.39317558,10.3070
1626026968444000,0,94.77557000,10.3149
1626026968444000,0,34.91508203,10.3161
1626027020045000,0,2.02857030,10.3238
1626027029390000,0,44.41864037,10.3515
1626027045265000,0,121.76900625,10.3859
1626027045265000,0,4.06933392,10.3911
1626027045329000,0,61.00000000,10.4200
1626027045329000,0,4.16073203,10.4267
1626027045339000,1,2.40876797,10.4670
1626027045457000,0,10.59123203,10.4409
1626027045681000,1,67.65313000,10.4541
1626027046774000,0,8.48877438,10.4541
1626027046774000,0,14.80367000,10.4541
1626027046774000,0,30.00000000,10.4700
1626027063188000,0,2.00000000,10.5000
1626027063188000,0,25.00000000,10.5000
1626027063188000,0,100.00000000,10.5000
1626027063188000,0,39.85181529,10.5000
1626027111737000,0,120.68832395,10.4828
1626027111737000,0,12.58056140,10.4924
1626027111737000,0,160.21236490,10.4927
1626027111737000,0,89.14948311,10.4931
1626027151426000,1,44.41864037,10.3656
1626027199923000,0,94.77550000,10.4002
1626027199972000,0,0.00007000,10.4002
1626027217473000,0,44.04443951,10.4538
1626027220518000,0,50.73113049,10.4538
1626027220669000,1,94.77557000,10.4538
1626027220686000,1,453.47777973,10.4538
1626027331802000,1,20.24625745,10.4133
1626027451880000,1,20.14069349,10.4261
1626027510478000,1,120.60812883,10.4508
1626027510478000,1,200.87693001,10.4474
1626027510478000,1,145.48333137,10.4457
1626027528912000,1,114.32746875,10.4508
1626027528912000,1,6.28066008,10.4508
1626027537502000,1,39.68159347,10.4460
1626027537550000,1,0.00000001,10.4460
1626027555682000,1,49.16898023,10.3730
1626027555941000,1,31.00091561,10.3730
1626027669780000,0,67.41040000,10.3735
1626027818587000,0,13.23524448,10.3453
1626027818796000,1,39.68159348,10.3375
1626027818828000,1,10.00000000,10.3375
1626027914785000,0,94.77557000,10.3964
1626027914785000,0,12.35227992,10.3966
1626027914845000,1,31.25000000,10.3966
1626027914903000,1,113.43884802,10.3966
1626027959773000,1,2.71090742,10.3559
1626027961230000,0,31.25000000,10.3776
1626028045900000,0,121.52796054,10.4063
1626028045900000,0,15.78313140,10.4103
1626028045900000,0,105.69793119,10.4103
1626028045900000,0,31.61316075,10.4123
1626028045901000,0,45.87990333,10.4123
1626028046019000,0,39.68159105,10.4505
1626028046019000,0,27.81761895,10.4505
1626028046149000,0,67.54723000,10.4501
1626028046273000,0,41.83170985,10.4508
1626028046273000,0,25.75606015,10.4508
1626028049149000,0,31.25000000,10.5529
1626028049493000,1,67.41524000,10.4909
1626028049493000,1,25.36018096,10.4791
1626028183369000,0,13.59090861,10.5269
1626028301481000,1,3.92482681,10.4970
1626028304353000,1,3.93117854,10.4616
1626028321628000,1,3.69056612,10.4439
1626028321628000,1,120.60309714,10.4439
1626028321628000,1,20.82034575,10.4378
1626028321628000,1,255.42600000,10.4378
1626028321628000,1,49.90901202,10.4377
1626028445136000,1,2.41056617,10.4279
1626028445292000,1,65.11880000,10.4179
1626028445882000,0,2.41061000,10.4177
1626028445995000,1,37.20886992,10.4179
1626028483032000,1,2.33069391,10.4321
1626028483032000,1,8.13625666,10.4321
1626028766757000,1,103.70744183,10.4126
1626029155022000,0,67.68016000,10.4011
1626029155022000,0,11.19261933,10.4030
1626029374398000,1,49.72694969,10.3590
1626029383461000,1,0.00000192,10.3590
1626029469990000,1,30.68893229,10.3425
1626029669101000,1,52.17881381,10.3394
1626030040702000,0,71.64310000,10.3830
1626031009943000,0,12.01907095,10.3673
1626031009943000,0,1.80294993,10.3692
1626031095520000,0,3.85733269,10.3699
1626031507744000,1,3.85733269,10.4558
1626031900009000,1,120.31054209,10.4750
1626031900009000,1,120.30231890,10.4750
1626031900009000,1,255.42600000,10.4691
1626031900009000,1,67.56842000,10.4689
1626031900009000,1,120.37143747,10.4680
1626031900009000,1,36.05714011,10.4666
1626032023784000,0,100.00000000,10.5200
1626032034976000,0,90.00000000,10.5811
1626032036138000,0,48.11703639,10.5998
1626032078620000,0,34.77026885,10.6000
1626032122127000,1,31.25000000,10.5690
1626032192793000,1,12.28721476,10.5367
1626032228368000,1,0.00000140,10.5367
1626032281446000,0,12.06421017,10.5834
1626032342004000,1,12.06421017,10.5147
1626032358670000,0,12.01101688,10.5620
1626032455996000,1,12.25969156,10.5014
1626032455996000,1,35.85734483,10.5000
1626032462037000,1,12.01101688,10.5000
1626032621122000,1,12.88488903,10.5118
1626032621122000,1,11.99083399,10.5091
1626032621122000,1,75.12427698,10.5065
1626032884500000,0,44.04443951,10.6056
1626032991977000,0,67.14417000,10.6425
1626032991977000,0,118.76662320,10.6426
1626032991977000,0,118.82314130,10.6466
1626032991977000,0,49.38870398,10.6509
1626033046691000,1,67.09620000,10.5426
1626033046691000,1,119.44742367,10.5400
1626033046691000,1,119.49915020,10.5349
1626033046691000,1,48.07986461,10.5286
1626033084806000,1,6.00000000,10.5441
1626033311765000,0,12.25153530,10.5622
1626033311890000,1,797.38222961,10.5642
1626033311947000,1,31.25000000,10.5642
1626033311947000,1,12.89513738,10.5642
1626033312487000,1,797.30367604,10.5642
1626033312989000,1,348.91742167,10.5642
1626033322305000,0,31.25000000,10.5714
1626033403666000,0,12.99793631,10.5923
1626033403666000,0,119.32729713,10.5976
1626033403666000,0,12.07439647,10.5977
1626033403666000,0,157.01534318,10.6002
1626033403666000,0,52.43694925,10.6023
1626033557764000,0,8.54957592,10.5865
1626033576170000,1,4.09819770,10.5632
1626033578900000,0,12.56266859,10.5536
1626033578900000,0,3.94235814,10.5573
1626033614325000,0,12.12819043,10.5400
1626033614325000,0,12.88696487,10.5419
1626033614325000,0,9.96873095,10.5453
1626033990082000,0,119.25898990,10.5966
1626033990303000,1,795.10298620,10.6000
1626033990320000,1,119.27037296,10.6000
1626033990843000,1,795.05410875,10.6000
1626033990918000,1,31.25000000,10.6000
1626033991453000,1,795.05410875,10.6000
1626033991956000,1,795.00078778,10.6000
1626033992131000,1,119.27037296,10.6000
1626033992490000,1,709.61374439,10.6000
1626034050796000,0,31.25000000,10.5947
1626034051793000,0,31.25000000,10.5947
1626034052184000,0,157.50000000,10.5947
1626034104425000,0,47.54846463,10.6258
1626034125861000,1,10.00000000,10.6200
1626034167995000,0,31.25000000,10.6500
1626034168386000,0,567.73448022,10.6500
1626034168893000,0,2.02952380,10.6540
1626034169453000,0,2.83645833,10.6565
1626034169587000,0,15.00000000,10.6683
1626034176353000,0,11.82794150,10.6957
1626034176353000,0,2.00000000,10.7000
1626034176353000,0,11.82187996,10.7013
1626034214915000,1,2.87263016,10.6586
1626034274161000,0,35.50346192,10.6833
1626034274161000,0,12.36800636,10.6878
1626034274161000,0,8.28223084,10.6880
1626034332038000,0,23.68727805,10.6786
1626034359240000,1,2.18196319,10.6378
1626034359240000,1,45.36650144,10.6331
1626034842639000,1,118.63241207,10.6198
1626034842639000,1,15.65230609,10.6126
1626034842640000,1,103.06291586,10.6126
1626035028498000,1,134.27082378,10.6095
1626035029008000,1,103.04853665,10.6110
1626035091071000,0,12.01108247,10.6080
1626035091071000,0,12.85349878,10.6102
1626035091071000,0,200.07583140,10.6125
1626035296684000,0,12.40792741,10.5511
1626035296684000,0,66.52674000,10.5564
1626035296684000,0,12.72847570,10.5565
1626035296684000,0,12.01217491,10.5578
1626035296684000,0,12.47206794,10.5623
1626035296684000,0,255.42600000,10.5650
1626035296684000,0,159.90823632,10.5688
1626035296684000,0,13.00000000,10.5972
1626035296684000,0,213.40374106,10.6543
1626035415761000,1,8.54957592,10.5254
1626035501247000,1,12.19656398,10.5790
1626035501247000,1,66.89853000,10.5738
1626035501247000,1,12.75858670,10.5724
1626035501247000,1,148.14631932,10.5672
1626035525614000,1,2.00000000,10.5944
1626035732892000,0,12.85594071,10.5770
1626035732892000,0,66.75345000,10.5791
1626035732892000,0,12.81553629,10.5794
1626035732892000,0,12.94448470,10.5829
1626035732892000,0,12.65836773,10.5845
1626035732892000,0,235.83856992,10.6083
1626035879460000,1,187.64023141,10.6164
1626035927502000,0,23.82481199,10.6154
1626035927502000,0,12.72547884,10.6189
1626035927502000,0,1.00245934,10.6207
1626036218265000,0,23.97068207,10.5482
1626036222659000,0,23.97498824,10.5446
1626036309623000,0,11.97792057,10.5541
1626036309623000,0,11.97669313,10.5587
1626036347527000,0,31.25000000,10.5508
1626036394110000,1,19.96022326,10.5325
1626036427874000,1,119.55437688,10.5449
1626036427874000,1,36.42438607,10.5425
1626036487595000,0,2.00000000,10.5508
1626036570988000,1,10.00000000,10.5559
1626036597372000,1,4.00000000,10.5682
1626036623587000,0,2.00000000,10.5682
1626036713918000,0,4.00000000,10.5682
1626036790270000,0,4.00000000,10.5682
1626036818477000,0,2.00000000,10.6000
1626036909899000,0,4.00000000,10.6000
1626036963356000,1,66.68440000,10.6068
1626036963506000,0,185.13229794,10.6060
1626036983701000,0,2.00000000,10.6060
1626037036875000,1,10.13126376,10.5797
1626037098944000,0,31.04353778,10.6199
1626037196786000,1,119.36014960,10.5609
1626037196786000,1,255.42600000,10.5580
1626037196786000,1,67.00233000,10.5574
1626037196786000,1,119.33215361,10.5569
1626037196786000,1,13.00000000,10.5524
1626037196786000,1,157.33654825,10.5512
1626037196786000,1,179.26406619,10.5512
1626037273805000,0,40.00000000,10.5750
1626037332196000,1,119.71354337,10.5237
1626037332196000,1,15.34285883,10.5206
1626037369042000,1,120.56428396,10.4488
1626037369042000,1,59.74459248,10.4422
1626037385004000,1,5.33259086,10.4695
1626037489637000,0,67.22151000,10.4920
1626037489637000,0,84.29720931,10.4978
1626037489637000,0,255.42600000,10.4990
1626037489637000,0,12.15700785,10.4992
1626037489637000,0,12.40892325,10.5014
1626037489637000,0,13.00883500,10.5047
1626037489637000,0,13.33047398,10.5053
1626037536776000,1,12.13604047,10.4475
1626037536776000,1,12.26471140,10.4424
1626037536776000,1,56.58968392,10.4423
1626037570177000,1,12.59741356,10.4407
1626037570177000,1,12.43395068,10.4362
1626037570177000,1,12.34432951,10.4362
1626037570177000,1,154.36273536,10.4355
1626037593140000,0,12.39553659,10.4937
1626037593140000,0,72.33314633,10.4958
1626037593140000,0,12.55905935,10.4984
1626037593140000,0,162.13065966,10.5013
1626037593140000,0,144.78147665,10.5013
1626037593140000,0,53.54694489,10.5047
1626037931514000,1,2.82571082,10.4902
1626037931514000,1,3.13424093,10.4901
1626038027076000,1,5.80289675,10.5148
1626038027076000,1,2.23188337,10.5148
1626038027076000,1,119.89993051,10.5147
1626038027076000,1,103.06528937,10.5107
1626038381405000,0,2.00000000,10.6199
1626038382431000,0,2.00000000,10.6300
1626038397955000,0,6.30000000,10.6365
1626038398514000,0,2.00000000,10.6400
1626038523478000,1,118.56529760,10.6340
1626038523478000,1,118.61825404,10.6297
1626038523478000,1,2.76426745,10.6239
1626038523478000,1,197.59421357,10.6239
1626038523478000,1,13.00000000,10.6190
1626038523478000,1,146.83743348,10.6189
1626038523478000,1,197.64948936,10.6158
1626038523478000,1,120.56782736,10.6136
1626038666390000,0,10.00000000,10.6500
1626038666390000,0,2.00000000,10.6500
1626038724067000,0,27.41292949,10.7000
1626038724067000,0,2.00000000,10.7000
1626038728413000,0,2.00000000,10.7300
1626038729135000,0,2.00000000,10.7400
1626038729638000,0,2.00000000,10.7500
1626038730774000,0,2.00000000,10.7600
1626038730774000,0,8.40470000,10.7651
1626038732170000,0,2.00003463,10.7651
1626038732247000,0,2.00000000,10.7700
1626038732247000,0,2.00000000,10.7800
1626038732247000,0,2.00000000,10.7900
1626038733064000,0,3.00000000,10.8000
1626038733064000,0,52.15540000,10.8000
1626038733409000,0,0.00000328,10.8000
1626038795649000,0,12.61253720,10.7624
1626038835958000,0,2.33178285,10.7214
1626038915900000,0,12.23072211,10.7022
1626039041889000,1,31.25000000,10.7649
1626039042493000,1,10.02885293,10.7649
1626039062062000,0,8.00000000,10.7649
1626039067557000,0,11.67609506,10.8007
1626039069829000,1,31.25000000,10.7835
1626039071172000,1,102.22020873,10.7835
1626039097641000,1,5.17740230,10.7834
1626039123369000,1,11.67609506,10.7141
1626039718969000,1,31.25000000,10.6663
1626039719532000,1,3.28455762,10.6344
1626040132682000,0,12.59025004,10.7634
1626040132682000,0,117.48771978,10.7647
1626040132682000,0,12.80871525,10.7677
1626040132682000,0,89.31138940,10.7695
1626040213633000,0,31.25000000,10.7565
1626041111805000,0,118.09129350,10.7031
1626041111895000,1,179.91377790,10.7031
1626041113345000,0,10.08582529,10.7031
1626041115878000,1,96.45824248,10.7037
1626041556957000,1,2.22547749,10.6264
1626041643114000,0,1.94450165,10.6814
1626041886686000,0,2.09509928,10.6487
1626041946454000,1,31.25000000,10.6277
1626041948302000,1,12.01753841,10.6116
1626041955063000,0,49.20273863,10.6214
1626041960798000,1,12.75373731,10.6116
1626041960798000,1,12.67902392,10.6116
1626041961333000,1,12.67902392,10.6149
1626042032336000,1,52.00047539,10.6063
1626042093167000,1,12.58271509,10.6067
1626042093232000,0,31.25000000,10.6067
1626042104666000,1,1.13303959,10.6063
1626042120482000,1,66.80335000,10.5906
1626042120482000,1,4.65015309,10.5903
1626042120682000,0,58.32980389,10.5903
1626042132698000,0,5.17740230,10.5903
1626042427044000,0,1.88887556,10.5883
1626042596877000,0,66.69313000,10.5476
1626042957090000,1,31.25000000,10.5476
1626042963930000,1,21.80926254,10.5476
1626044318138000,1,12.73186049,10.4574
1626044318138000,1,12.35341165,10.4548
1626044318138000,1,120.55679901,10.4522
1626044318138000,1,255.42600000,10.4496
1626044318138000,1,68.93192885,10.4496
1626044656804000,1,65.70776536,10.4491
1626044839932000,0,10.00000000,10.4108
1626046287688000,0,2.00000000,10.5409
1626046377952000,0,2.00000000,10.5550
1626046406407000,0,12.91129256,10.5526
1626046406466000,1,31.25000000,10.5535
1626046406490000,1,12.01000319,10.5535
1626046407277000,1,112.11710009,10.5535
1626046519649000,0,31.25000000,10.5000
1626046520857000,0,31.25000000,10.5000
1626046604534000,1,2.88233635,10.4853
1626046604534000,1,102.90605949,10.4852
1626046970596000,0,2.00000000,10.4633
1626047087860000,0,12.00000000,10.4840
1626047171908000,1,2.00000000,10.5122
1626047179902000,0,2.00000000,10.5128
1626047194610000,1,2.00000000,10.5049
1626047288311000,0,2.00000000,10.4909
1626047367174000,0,2.00000000,10.4768
1626047370113000,1,22.40339399,10.4555
1626047406062000,0,2.00000000,10.4809
1626047435328000,0,2.00000000,10.4688
1626047451467000,0,2.00000000,10.4702
1626047478640000,0,2.00000000,10.4591
1626047492748000,0,2.00000000,10.4573
1626047527248000,0,2.00000000,10.4425
1626047712702000,1,2.00000000,10.4434
1626047756909000,0,2.00000000,10.4469
1626047830140000,0,2.00000000,10.4497
1626047937412000,0,2.00000000,10.4361
1626047955691000,0,2.00000000,10.4285
1626048205623000,0,2.00000000,10.3892
1626048205969000,1,12.11850918,10.3683
1626048205969000,1,2.97572340,10.3639
1626048205969000,1,13.14266323,10.3639
1626048205969000,1,89.84934873,10.3618
1626048206644000,1,2.97572340,10.3618
1626048206644000,1,103.56834437,10.3618
1626048227793000,1,2.00000000,10.3956
1626048259070000,1,2.00000000,10.4582
1626048275745000,1,2.00000000,10.4677
1626048305382000,1,2.00000000,10.4769
1626048319303000,0,2.00000000,10.4957
1626048330745000,1,2.00000000,10.5108
1626048344899000,1,2.00000000,10.5259
1626048355531000,1,2.00000000,10.5351
1626048368689000,1,0.60767814,10.5351
1626048398132000,0,27.39232186,10.4917
1626048464486000,0,2.00000000,10.4831
1626048478087000,0,2.00000000,10.4724
1626048488011000,0,2.00000000,10.4527
1626048498329000,0,2.00000000,10.4528
1626048509369000,0,2.00000000,10.4381
1626048533067000,1,2.00000000,10.4310
1626048701190000,1,2.00000000,10.4115
1626048718983000,0,2.00000000,10.3978
1626048735620000,0,2.00000000,10.3942
1626048737790000,1,2.00000000,10.3942
1626048747358000,1,31.25000000,10.3401
1626048748355000,0,2.00000000,10.3721
1626048750007000,1,31.23611689,10.3399
1626048761774000,1,12.23017941,10.3154
1626048761844000,0,2.46324642,10.3136
1626048853265000,1,2.00000000,10.3795
1626048942902000,1,2.00000000,10.4083
1626048965181000,1,2.00000000,10.4353
1626048976690000,1,2.00000000,10.4304
1626049084467000,1,2.00000000,10.4395
1626049093367000,1,2.00000000,10.4519
1626049133139000,0,2.00000000,10.4490
1626049260301000,1,2.00000000,10.4898
1626049278751000,1,2.00000000,10.5090
1626049286966000,1,2.00000000,10.5090
1626049359907000,1,2.00000000,10.4946
1626049418441000,1,8.00000000,10.5274
1626049523495000,0,31.25000000,10.6800
1626049536785000,0,134.80683772,10.6800
1626049537000000,0,4.88251033,10.6800
1626049567675000,0,12.72863572,10.7289
1626049567675000,0,67.30303000,10.7342
1626049567675000,0,12.07203466,10.7345
1626049567729000,1,31.25000000,10.7363
1626049567748000,1,12.96164789,10.7363
1626049568031000,1,24.44986594,10.7363
1626049628602000,1,14.16876775,10.6778
1626049868764000,0,25.51086566,10.6801
1626049868764000,0,13.00000000,10.6831
1626049868764000,0,96.55829790,10.6906
1626049868869000,0,135.01692381,10.6906
1626049870225000,0,2.00000000,10.7363
1626049880901000,1,31.25000000,10.6906
1626049881275000,1,29.77357867,10.6906
1626049881275000,1,43.78060785,10.6906
1626049881314000,1,29.87945206,10.6906
1626049882060000,1,13.00000000,10.6831
1626049901597000,0,31.25000000,10.7515
1626050072977000,0,2.00000000,10.7515
1626050072977000,0,2.00000000,10.7565
1626050076736000,0,31.25000000,10.8059
1626050084270000,0,2.00000000,10.8100
1626050085770000,0,2.00000000,10.8200
1626050099622000,1,2.95149429,10.8062
1626050099622000,1,13.03747099,10.8034
1626050153712000,0,31.25000000,10.7885
1626050296572000,1,116.86308846,10.7825
1626050296572000,1,16.67128853,10.7771
1626050296577000,1,48.96483147,10.7771
1626050296577000,1,2.67570217,10.7769
1626050296577000,1,81.89384335,10.7766
1626050296579000,1,35.03253646,10.7766
1626050296579000,1,98.50184053,10.7674
1626050300643000,0,66.02216000,10.7621
1626050300643000,0,12.92885284,10.7652
1626050300643000,0,17.96275347,10.7824
1626050300643000,0,37.17760420,10.7889
1626050300645000,0,80.04726931,10.7889
1626050300645000,0,54.04410120,10.8017
1626050300646000,0,134.09137051,10.8017
1626050339801000,0,2.00000000,10.8300
1626050340415000,0,2.00000000,10.8400
1626050368513000,0,4.00000000,10.8400
1626050380824000,0,2.00000000,10.8500
1626050543840000,0,2.00000000,10.8600
1626050546282000,0,2.00000000,10.8700
1626050553243000,0,2.00000000,10.8800
1626050554321000,0,2.00000000,10.8900
1626050555348000,0,20.33637340,10.8996
1626050555348000,0,5.54805223,10.9000
1626050555348000,0,2.00000000,10.9000
1626050555348000,0,3.00000000,10.9000
1626050684697000,0,11.25526183,10.9474
1626050685406000,0,3.82128243,10.9555
1626050685406000,0,0.00000001,10.9555
1626050685470000,0,100.24376834,10.9800
1626050685470000,0,27.59523166,10.9800
1626050685840000,0,24.56017162,10.9800
1626050695185000,0,4.93727272,11.0000
1626050709053000,1,3.79533455,10.9687
1626050715597000,1,64.76552000,10.9220
1626050715597000,1,2.39114112,10.9193
1626050796568000,1,2.32264526,10.8749
1626050796568000,1,130.01589001,10.8558
1626050796574000,1,101.56781603,10.8558
1626050796574000,1,30.77071924,10.8531
1626050796574000,1,132.33853527,10.8531
1626050966716000,0,64.86754000,10.8461
1626050966925000,0,64.86121942,10.8467
1626051683193000,1,31.25000000,10.9439
1626052039487000,0,12.00125372,10.9188
1626052039487000,0,12.50722943,10.9217
1626052039487000,0,115.73000702,10.9237
1626052039487000,0,143.18587578,10.9254
1626052039487000,0,19.75902881,10.9348
1626052039487000,0,63.95015026,10.9348
1626052537283000,0,3.20896630,11.0000
1626052537283000,0,21.79200000,11.0000
1626052537283000,0,6.24903370,11.0000
1626052554266000,0,3.22458056,11.0000
1626052554266000,0,28.02541944,11.0000
1626052583179000,0,21.97458056,11.0000
1626052583179000,0,3.00000000,11.0000
1626052583179000,0,1.91000000,11.0000
1626052583179000,0,5.00000000,11.0000
1626052583179000,0,9.89525868,11.0000
1626052583179000,0,11.23572294,11.0000
1626052583179000,0,5.14442986,11.0000
1626052583179000,0,705.38346939,11.0000
1626052585722000,0,115.73694000,11.0000
1626052585757000,0,763.48675598,11.0000
1626052588671000,0,763.26856218,11.0000
1626052588713000,0,114.46952085,11.0000
1626052589196000,0,763.25042304,11.0000
1626052589232000,0,107.40432856,11.0000
1626052589232000,0,23.27221270,11.0000
1626052589266000,0,127.83900000,11.0000
1626052589275000,0,130.67654126,11.0000
1626052589290000,0,16.21731744,11.0000
1626052597109000,0,155.45475000,11.0167
1626052597266000,0,127.83900000,11.0167
1626052597274000,0,107.63219230,11.0167
1626052597368000,0,47.43639515,11.0167
1626052597372000,0,107.90718126,11.0167
1626052597507000,0,25.47890000,11.0191
1626052597520000,0,6.55675866,11.0843
1626052601232000,1,9.74981753,11.0493
1626052666292000,0,2.00000000,11.1000
1626052778724000,0,9.63963964,11.0625
1626052802263000,1,12.73700865,11.0169
1626052802263000,1,114.54848131,10.9870
1626052802263000,1,2.98207888,10.9836
1626052802267000,1,130.26756884,10.9836
1626052802270000,1,122.17635228,10.9836
1626052802270000,1,8.09121656,10.9816
1626052803855000,1,12.76727792,10.9974
1626053068912000,0,11.60298989,11.1459
1626053107917000,1,31.25000000,11.1303
1626053108052000,1,73.29293071,11.1303
1626053164605000,1,2.00000000,11.1367
1626053604042000,0,4.50151971,11.1074
1626053636987000,0,26.60462649,11.1125
1626053664131000,0,12.27903082,11.1254
1626053664131000,0,8.77496617,11.1261
1626053669207000,1,8.29324954,11.1029
1626053715039000,0,2.00000000,11.1367
1626054126516000,0,4.00000000,11.1367
1626054179971000,0,2.00000000,11.1500
1626054843122000,0,2.00000000,11.1500
1626055297593000,0,113.08824008,11.1832
1626055297593000,0,15.63632556,11.1886
1626055297594000,0,97.45414954,11.1886
1626055297594000,0,26.22703470,11.1954
1626055297594000,0,5.04338140,11.1970
1626055313375000,0,2.00000000,11.2000
1626055313561000,0,4.01174040,11.2180
1626055313561000,0,27.23825960,11.2200
1626055317328000,0,0.28466613,11.2200
1626055326495000,1,2.00000000,11.2325
1626055386975000,0,2.00000000,11.2325
1626055398203000,0,33.03491718,11.2500
1626055423783000,0,2.00000000,11.2500
1626055555479000,0,16.18741020,11.2733
1626055570605000,0,2.00000000,11.3000
1626055690992000,1,63.03639000,11.2273
1626055691886000,1,31.25000000,11.2171
1626055834198000,0,12.82588408,11.2458
1626055834198000,0,12.86934473,11.2468
1626055834198000,0,62.78642000,11.2514
1626055834198000,0,12.80209360,11.2517
1626055834198000,0,255.42600000,11.2538
1626055834198000,0,61.17783469,11.2538
1626056144862000,1,9.13492370,11.2570
1626056658265000,0,127.24278642,11.3569
1626056658266000,0,127.24278642,11.3569
1626056658271000,0,0.94042716,11.3569
1626056658271000,0,26.12729178,11.3628
1626056658271000,0,100.17506748,11.3639
1626056658281000,0,11.16548443,11.3639
1626056696284000,1,2.00000000,11.3765
1626056714020000,0,2.00000000,11.4000
1626056714385000,0,20.00000000,11.4100
1626056774860000,0,2.00000000,11.4100
1626056783977000,1,12.38863900,11.4176
1626056783977000,1,12.56214217,11.4130
1626056783977000,1,12.05794589,11.4128
1626056783977000,1,110.46033193,11.4119
1626056783977000,1,12.35097158,11.4082
1626056783977000,1,110.50977837,11.4071
1626056783977000,1,96.80373608,11.4025
1626057360582000,1,7.39193643,11.2565
1626057373884000,0,3.54611186,11.2800
1626057852658000,0,8.13718689,11.3160
1626058349040000,0,12.20500384,11.2648
1626058349040000,0,12.52949139,11.2681
1626058349040000,0,112.16291262,11.2694
1626058349040000,0,142.62166949,11.2705
1626058349040000,0,92.09094092,11.2738
1626058788351000,1,31.25000000,11.2776
1626058788433000,1,63.05027919,11.2776
1626058788485000,1,142.52607528,11.2776
1626058795253000,0,31.25000000,11.2875
1626058987841000,0,12.40508923,11.2503
1626058987841000,0,12.88977696,11.2533
1626058987841000,0,63.56397585,11.2546
1626059034736000,1,12.57514408,11.2397
1626059034736000,1,12.77919138,11.2350
1626059034736000,1,12.65966072,11.2350
1626059034736000,1,112.21385112,11.2341
1626059034736000,1,12.76489152,11.2305
1626059034736000,1,112.26121960,11.2294
1626059034736000,1,142.63361868,11.2262
1626059362366000,1,128.67015374,11.2300
1626059362370000,1,128.67015374,11.2300
1626059362374000,1,31.25000000,11.2300
1626059362932000,1,31.60398928,11.2300
1626059362947000,1,127.71300000,11.2300
1626059363096000,1,128.67050359,11.2300
1626059363104000,1,1.80688353,11.2300
1626059968288000,0,2.00000000,11.2038
1626061214031000,0,8.82957767,11.3256
1626061246276000,0,17.96676559,11.3735
1626061246363000,1,10.12853146,11.3791
1626061315984000,0,81.35347584,11.4367
1626061315984000,0,20.00000000,11.4367
1626061444685000,1,2.50000000,11.4154
1626061477159000,1,2.50000000,11.4192
1626061746001000,0,47.06081443,11.4639
1626062618686000,1,47.06081443,11.2187
1626062672144000,1,60.69211723,11.2851
1626062675639000,0,12.05270934,11.3131
1626062675639000,0,34.59815734,11.3187
1626063133177000,1,12.41235487,11.2450
1626063133177000,1,12.79319603,11.2393
1626063133177000,1,12.91361042,11.2387
1626063133177000,1,12.21408135,11.2387
1626063133177000,1,148.62373655,11.2337
1626063133177000,1,112.25639019,11.2331
1626063133177000,1,60.39664885,11.2281
1626063699296000,1,31.25000000,11.2751
1626063711786000,0,12.37945739,11.3079
1626063711786000,0,12.00423010,11.3108
1626063711786000,0,13.00000000,11.3136
1626063711786000,0,223.87333944,11.3229
1626063711786000,0,15.32750968,11.3229
1626063711786000,0,45.00000000,11.3471
1626063711786000,0,46.93682774,11.3471
1626063838508000,1,31.25000000,11.2751
1626063838944000,1,114.96836386,11.2751
1626063858726000,1,31.25000000,11.2360
1626063904295000,0,6.33816758,11.2068
1626064068716000,0,12.04162986,11.1388
1626064068716000,0,12.77818871,11.1401
1626064068716000,0,35.42860478,11.1444
1626064074595000,0,10.04448270,11.1504
1626064389509000,0,26.56675749,11.1200
1626064424510000,0,2.69255105,11.1418
1626064603567000,1,12.77244063,11.1431
1626064831860000,0,12.14533836,11.1789
1626064831860000,0,12.94078417,11.1789
1626064831860000,0,4.91387747,11.1813
1626064843803000,1,12.42627442,11.1486
1626065083758000,1,0.00000099,11.1486
1626065083758000,1,12.07934771,11.1486
1626065110744000,0,45.19535639,11.1870
1626065359356000,0,9.56203233,11.2100
1626065413928000,1,9.53765841,11.1784
1626065448260000,0,11.17354362,11.1961
1626065524416000,0,11.65813895,11.1837
1626065524416000,0,113.14833995,11.1871
1626065524416000,0,13.59506565,11.1873
1626065524416000,0,52.81983384,11.1905
1626065787307000,1,6.63102295,11.1402
1626066043879000,1,12.77158625,11.1371
1626066377833000,0,12.23170000,11.1860
1626066378481000,0,0.00008259,11.1860
1626066579171000,1,12.57834706,11.1559
1626066579171000,1,12.41558213,11.1539
1626066579171000,1,63.34294936,11.1504
1626066764123000,1,13.22555351,11.1398
1626066850440000,1,0.00000112,11.1398
1626066850999000,1,0.00000147,11.1371
1626066884205000,1,12.50084667,11.1023
1626066897404000,1,0.00000159,11.1023
1626067004231000,1,12.08521432,11.0944
1626067004781000,1,12.66708618,11.0999
1626067004781000,1,12.99661172,11.0992
1626067004781000,1,0.00000152,11.0944
1626067004781000,1,44.54801212,11.0936
1626067133705000,1,45.19535639,11.1031
1626067173028000,0,44.86743894,11.1843
1626067576054000,1,2.00000000,11.1277
1626068038422000,0,111.76159266,11.3260
1626068038422000,0,22.01156692,11.3309
1626068038422000,0,52.09575916,11.3309
1626068668215000,0,12.21218259,11.3747
1626068668215000,0,61.31150471,11.3765
1626068685402000,1,12.34615670,11.3566
1626068738487000,1,0.00000155,11.3566
1626068969953000,1,11.17354362,11.2613
1626068970179000,1,35.10585576,11.2613
1626069162652000,1,13.22448979,11.2700
1626069614954000,0,12.44701285,11.2817
1626069614954000,0,12.74819682,11.2826
1626069614954000,0,3.76397231,11.2870
1626069783322000,1,12.60375189,11.1829
1626069783322000,1,12.28244192,11.1797
1626069783322000,1,13.00000000,11.1774
1626069783322000,1,35.63749349,11.1774
1626069892697000,0,4.77905564,11.2114
1626069932974000,1,12.20830281,11.2102
1626069933098000,0,1.01618698,11.2100
1626070550345000,0,3.02243240,11.1731
1626071349190000,0,12.63586009,11.1670
1626071349190000,0,12.06930905,11.1694
1626071349190000,0,48.87736580,11.1706
1626071724620000,0,11.62177133,11.2186
1626071745199000,0,5.23581382,11.2069
1626071777387000,0,12.57744654,11.2134
1626071777387000,0,78.44216130,11.2159
1626071812554000,1,3.17836808,11.1826
1626071812554000,1,7.94613981,11.1826
1626071812554000,1,20.12549211,11.1817
1626071958616000,1,12.90303167,11.1802
1626071958616000,1,12.18505063,11.1802
1626071958616000,1,21.37914738,11.1746
1626072040595000,1,12.67228045,11.1803
1626072040664000,0,31.25000000,11.1803
1626072055239000,0,31.25000000,11.1803
1626072060646000,0,50.95318316,11.1803
1626072063494000,0,12.49884988,11.2004
1626072063494000,0,12.44791805,11.2017
1626072063494000,0,12.96545718,11.2057
1626072063494000,0,56.94739482,11.2060
1626072111178000,1,12.25267978,11.2154
1626072111178000,1,12.61395679,11.2139
1626072111178000,1,12.85730421,11.2112
1626072111178000,1,12.35205405,11.2112
1626072111246000,0,17.86576071,11.2107
1626072118893000,1,31.25000000,11.2378
1626072120136000,1,54.11449717,11.2378
1626072142669000,1,234.26130899,11.2141
1626072326284000,0,2.68024729,11.2788
1626072383302000,0,2.68024729,11.2217
1626072386078000,1,3.00000000,11.2227
1626072774009000,0,100.00000000,11.2300
1626073007224000,1,2.50049300,11.1797
1626073007224000,1,6.25123251,11.1797
1626073007224000,1,10.05941068,11.1797
1626073254553000,0,4.12695500,11.2289
1626073357401000,0,12.61808989,11.2064
1626073357401000,0,12.07899914,11.2104
1626073357401000,0,112.86331349,11.2117
1626073357401000,0,11.74092355,11.2132
1626073357401000,0,112.87896671,11.2160
1626073357401000,0,255.42600000,11.2226
1626073357401000,0,106.36758000,11.2226
1626073357401000,0,142.43413466,11.2234
1626073357401000,0,89.13028890,11.2272
1626073357401000,0,188.14742127,11.2272
1626073357401000,0,187.99575985,11.2300
1626073357401000,0,222.77370943,11.2364
1626073357401000,0,13.00000000,11.2364
1626073357401000,0,225.68362702,11.2364
1626073357401000,0,579.05038784,11.2509
1626073357401000,0,45.00000000,11.2509
1626073357401000,0,433.00000000,11.2816
1626073357401000,0,161.00000000,11.3395
1626073357401000,0,140.00000000,11.4200
1626073357401000,0,2.00000000,11.5000
1626073357401000,0,5.00000000,11.5126
1626073357401000,0,11.90919105,11.5300
1626073357401000,0,469.66855155,11.5900
1626073359292000,0,12.66145543,11.2083
1626073359292000,0,18.58854457,11.2112
1626073361708000,0,12.19575138,11.2124
1626073361708000,0,12.35945179,11.2150
1626073361708000,0,68.22384434,11.2167
1626073364260000,0,12.31269328,11.2134
1626073364260000,0,44.64453086,11.2167
1626073368213000,0,12.87721918,11.2128
1626073395234000,0,12.29300472,11.2176
1626073395311000,1,31.25000000,11.2176
1626073395495000,1,1.45699528,11.2176
1626073400211000,0,45.00000000,11.2137
1626073404201000,0,45.00000000,11.2037
1626073408474000,0,45.00000000,11.2037
1626073412328000,0,22.97605812,11.2037
1626073412486000,1,22.02394188,11.2037
1626073416708000,0,45.00000000,11.2037
1626073420589000,0,45.00000000,11.2037
1626073421598000,1,12.26255223,11.1878
1626073421598000,1,13.00000000,11.1822
1626073421598000,1,12.88664761,11.1822
1626073421598000,1,5.22457468,11.1729
1626073421598000,1,30.20876042,11.1729
1626073424605000,0,22.97605812,11.2037
1626073424699000,1,22.02394188,11.2037
1626073446439000,1,45.00000000,11.1892
1626073499899000,1,45.00000000,11.1840
1626073668942000,1,755.61732692,11.1600
1626073669600000,1,755.65701104,11.1600
1626073670143000,1,755.77628145,11.1600
1626073715563000,0,12.21203603,11.1740
1626073715563000,0,12.19470272,11.1763
1626073715563000,0,12.71298764,11.1787
1626073715563000,0,36.46195782,11.1811
1626074076996000,0,113.03717142,11.1922
1626074077089000,1,37.96282858,11.1922
1626074080861000,0,63.49118000,11.1918
1626074100318000,0,63.49118000,11.2044
1626074100318000,0,89.32483878,11.2047
1626074100318000,0,35.06006842,11.2070
1626074104371000,1,9.38537000,11.2070
1626074105833000,1,112.99408100,11.2070
1626074110597000,0,66.61812562,11.2070
1626074124080000,1,151.00000000,11.1947
1626074124080000,1,36.87608720,11.1897
1626074373641000,1,5.08408089,11.1883
1626074410796000,1,151.00000000,11.1884
1626074410796000,1,47.00000000,11.1884
1626074712210000,0,113.20702266,11.1847
1626074712210000,0,74.89181765,11.1882
1626074772220000,0,89.54931883,11.1754
1626074772220000,0,4.59056837,11.1754
1626074889248000,0,31.25000000,11.1682
1626074898804000,0,31.25000000,11.1682
1626074921471000,0,42.04293071,11.1682
1626074921471000,0,5.05354729,11.1767
1626074975042000,1,31.25000000,11.1730
1626074975215000,1,18.74999352,11.1730
1626074975750000,1,9.39606000,11.1730
1626074975926000,1,96.60394648,11.1730
1626075086397000,1,45.00000000,11.1600
1626075151299000,1,487.96774306,11.1554
1626075157843000,0,12.07589234,11.1511
1626075157843000,0,35.07960902,11.1563
1626075168749000,1,45.00000000,11.1418
1626075464915000,0,2.24838745,11.1191
1626075468303000,0,0.28253536,11.1191
1626075825888000,0,20.94418992,11.1441
1626075825888000,0,113.50924346,11.1493
1626075825888000,0,113.47200268,11.1534
1626075825888000,0,232.34803561,11.1556
1626075825888000,0,12.86078282,11.1556
1626075977608000,0,2.25107398,11.1058
1626076078701000,0,1.80946349,11.0530
1626076079014000,1,18.37458563,11.0347
1626076079057000,1,28.95918198,11.0347
1626076223271000,1,31.08981900,11.0500
1626076230809000,1,54.40913228,11.0441
1626076668249000,1,156.00000000,11.0236
1626076668249000,1,32.24535343,11.0235
1626076691617000,1,64.24223000,11.0128
1626076691617000,1,45.00000000,11.0050
1626076691617000,1,41.36161996,11.0050
1626076691617000,1,37.64150348,11.0002
1626076788464000,1,12.10564265,11.0011
1626076807185000,1,494.99909090,11.0000
1626076807185000,1,1.85000000,11.0000
1626076807443000,1,29.85022338,10.9804
1626076815103000,0,1.81721538,11.0059
1626078085233000,1,3.00000000,11.0587
1626078973683000,1,7.59720614,10.9861
1626078980443000,1,14.66618207,10.9800
1626078980443000,1,158.18487901,10.9800
1626078990600000,1,768.05679066,10.9800
1626078999570000,1,768.19563369,10.9800
1626079000174000,1,768.32769772,10.9800
1626079000511000,1,115.25586158,10.9800
1626079000690000,1,768.34586950,10.9800
1626079000966000,1,115.25586824,10.9800
1626079001680000,1,343.25973000,10.9800
1626079001755000,1,130.52000584,10.9800
1626079002863000,1,63.78845000,10.9800
1626079002932000,1,302.60478095,10.9800
1626079003435000,1,302.60478095,10.9800
1626079003488000,1,145.66768398,10.9800
1626079003749000,1,13.20118700,10.9800
1626079003755000,1,115.44564743,10.9800
1626079003760000,1,115.38665278,10.9800
1626079003894000,1,54.64480800,10.9800
1626079003963000,1,585.62912270,10.9800
1626079004058000,1,67.51074106,10.9800
1626079004075000,1,75.97628500,10.9800
1626079004213000,1,22.13752391,10.9800
1626079410420000,0,12.84691839,10.9561
1626079410420000,0,67.70159435,10.9596
1626079410420000,0,300.54406506,10.9596
1626079504524000,0,85.62810000,10.9561
1626079505781000,0,0.00000878,10.9561
1626079610935000,1,4.77905564,10.9503
1626079667383000,1,64.69553000,10.9375
1626079667383000,1,12.94935220,10.9349
1626079667383000,1,12.95269103,10.9324
1626079667383000,1,66.59070377,10.9311
1626079790592000,0,12.46270000,10.9238
1626079909109000,1,12.67167967,10.9200
1626080029303000,1,12.76825042,10.9292
1626080108810000,1,31.25000000,10.9136
1626080149303000,1,12.58436700,10.9106
1626080269617000,1,12.13462106,10.9198
1626080310745000,0,3.65354860,10.9483
1626080389683000,1,12.28976275,10.9459
1626080480256000,0,31.25000000,10.9653
1626080481273000,0,31.25000000,10.9653
1626080481402000,0,318.59257780,10.9653
1626080509984000,1,19.25225771,10.9668
1626080561468000,1,3.93499251,10.9654
1626080630161000,1,19.20125837,10.9725
1626080750308000,1,19.20125837,10.9817
1626080754314000,0,12.89358933,11.0085
1626080754314000,0,12.44436063,11.0086
1626080754314000,0,90.85219917,11.0140
1626080754314000,0,114.94595701,11.0141
1626080754314000,0,192.14942081,11.0181
1626080990599000,1,19.17967752,10.9251
1626081110668000,1,19.21220728,10.9000
1626081113250000,1,36.05529272,10.9000
1626081113250000,1,1.49745745,10.8992
1626081230901000,1,19.26633785,10.9080
1626081319194000,1,31.25000000,10.8941
1626081338240000,1,31.25000000,10.8718
1626081351045000,1,12.80386729,10.8621
1626081406781000,1,12.11699658,10.8635
1626081433353000,1,12.86051162,10.8654
1626081468972000,1,11.90919104,10.8600
1626081468976000,1,0.00000001,10.8600
1626081471155000,1,12.27888583,10.8271
1626081591175000,1,12.95832697,10.8484
1626081711238000,1,19.37208111,10.8472
1626081810884000,1,45.00000000,10.8477
1626081810884000,1,12.84561109,10.8465
1626081810884000,1,12.38256277,10.8439
1626081810884000,1,12.02921332,10.8435
1626081810884000,1,255.42600000,10.8426
1626081810884000,1,30.83797717,10.8426
1626081951572000,1,19.40843102,10.8693
1626082223295000,1,20.37884962,10.8636
1626082360758000,0,12.63254994,10.9062
1626082360758000,0,91.70276900,10.9117
1626082360758000,0,27.58540841,10.9117
1626082360759000,0,88.43961548,10.9117
1626082604449000,0,12.05573316,10.9348
1626082604449000,0,12.63489008,10.9348
1626082604449000,0,12.86922649,10.9348
1626082604449000,0,301.28743701,10.9403
1626082604449000,0,26.43057725,10.9403
1626082833559000,1,31.25000000,10.8874
1626082920917000,1,12.21413618,10.9112
1626082920917000,1,12.89900227,10.9106
1626082920917000,1,12.47051753,10.9072
1626082920917000,1,35.99802823,10.9057
1626083270809000,1,12.11973770,11.0125
1626083270809000,1,12.12626606,11.0125
1626083270809000,1,140.31454500,11.0070
1626083280505000,0,4.93727272,11.0054
1626083816470000,0,12.85837876,11.0291
1626083816470000,0,12.89399078,11.0329
1626083816470000,0,114.86780470,11.0406
1626083816470000,0,16.31072678,11.0429
1626083816470000,0,268.09735669,11.0429
1626084128398000,1,95.73347614,10.8874
1626084129608000,1,21.71102872,10.8874
1626085321318000,0,12.30944148,10.8930
1626085321318000,0,27.11407635,10.8937
1626085873463000,1,47.05460164,10.8000
1626085899409000,1,12.95966917,10.7676
1626085899409000,1,12.31806232,10.7669
1626085899409000,1,12.28839478,10.7669
1626085899409000,1,117.38439859,10.7623
1626085899409000,1,45.00000000,10.7615
1626085899409000,1,152.38470654,10.7571
1626085899409000,1,70.95029555,10.7571
1626085916547000,1,127.71300000,10.7500
1626085916693000,1,31.25000000,10.7500
1626085916709000,1,55.81394698,10.7500
1626085920992000,1,31.25000000,10.7500
1626085923978000,1,53.15604094,10.7500
1626085925213000,0,12.84339240,10.7530
1626085932846000,1,12.22034749,10.7554
1626085932846000,1,12.49697660,10.7528
1626085932846000,1,0.81701208,10.7500
1626085933021000,0,12.02154549,10.7500
1626085933027000,0,31.25000000,10.7500
1626085933300000,0,6.17208472,10.7500
1626086039107000,1,4.90073158,10.8116
1626086913120000,1,31.25000000,10.8000
1626086972094000,1,17.12407406,10.8000
1626086974040000,1,0.00000001,10.8000
1626088126823000,1,10.00000000,10.7585
1626088176919000,0,2.00000000,10.7597
1626088887731000,1,31.25000000,10.8689
1626088904033000,1,31.25000000,10.8689
1626089092968000,1,39.08046982,10.8689
1626089140512000,1,92.53139256,10.8005
1626089140512000,1,38.94190292,10.8005
1626089140515000,1,78.05548881,10.8005
1626089140515000,1,53.41780667,10.7952
1626089140521000,1,131.47329548,10.7952
1626089405497000,1,31.24999792,10.7957
1626090600053000,1,6.50186967,10.8467
1626090675093000,1,12.68524190,10.8578
1626090675093000,1,6.82036711,10.8524
1626091698145000,0,12.57080336,10.9093
1626091698145000,0,12.08692783,10.9125
1626091698145000,0,48.88578944,10.9147
1626091704331000,0,29.68083400,10.8869
1626092551785000,0,14.66618207,11.0000
1626092551785000,0,16.58381793,11.0000
1626092552482000,0,127.83900000,11.0000
1626092552562000,0,7.43466739,11.0000
1626092552569000,0,555.86078637,11.0000
1626092552569000,0,50.06409130,11.0000
1626092584965000,0,12.33429201,11.0060
1626092584993000,0,12.49774530,11.0061
1626092609619000,1,13.50273224,10.9800
1626092823728000,0,12.03241434,10.9313
1626092955503000,0,6.75136612,10.9900
1626092959715000,0,4.75873495,10.9966
1626093106126000,1,12.71287398,10.9609
1626093106200000,0,31.25000000,10.9574
1626093106247000,0,12.32708421,10.9574
1626093106300000,0,166.85765648,10.9574
1626093180292000,0,15.43469265,11.0191
1626093180292000,0,12.01834338,11.0215
1626093235823000,0,12.68916086,11.0668
1626093235823000,0,21.23875459,11.0691
1626093285796000,0,31.25000000,11.0933
1626093391575000,0,12.24523853,11.1529
1626093392136000,0,12.73254377,11.1549
1626093392136000,0,12.55474995,11.1575
1626093392136000,0,63.00083224,11.1584
1626093415866000,0,12.87640433,11.1311
1626093415866000,0,14.07142691,11.1341
1626093439052000,0,12.38859976,11.1272
1626093470751000,0,113.96574019,11.1194
1626093470751000,0,13.31730944,11.1239
1626093470752000,0,72.01178056,11.1239
1626093470752000,0,55.27126907,11.1240
1626093470753000,0,58.65731396,11.1240
1626093470753000,0,14.14445838,11.1342
1626093470753000,0,54.48127729,11.1342
1626093471111000,1,31.24999866,11.1295
1626093476692000,0,7.58238526,11.1592
1626093717354000,0,19.36536427,11.1980
1626093747623000,0,31.25000000,11.2664
1626093815638000,0,12.80233958,11.2300
1626093837506000,0,6.78691562,11.2358
1626093911510000,1,30.00000000,11.2300
1626093971154000,0,5.59347647,11.1530
1626093987771000,1,0.00000134,11.1295
1626094054800000,0,12.17231975,11.1566
1626094054800000,0,91.65316746,11.1601
1626094054800000,0,80.98602906,11.1601
1626094130482000,0,12.73951634,11.1843
1626094130482000,0,12.82069215,11.1883
1626094130482000,0,12.67438110,11.1883
1626094130482000,0,12.19971587,11.1884
1626094130694000,1,113.47428891,11.1884
1626094131440000,0,31.25000000,11.1884
1626094139486000,0,22.37711459,11.1994
1626094482988000,1,9.10734127,11.1640
1626094488013000,0,113.30474182,11.1863
1626094488013000,0,12.29114601,11.1875
1626094488013000,0,12.44115482,11.1899
1626094488013000,0,0.02932513,11.1908
1626094834113000,0,12.67926260,11.1082
1626094834237000,1,1.87500000,11.0893
1626094834893000,1,11.00100183,11.0893
1626094834893000,1,12.38550407,11.0891
1626094834893000,1,45.00000000,11.0838
1626094834893000,1,12.49722756,11.0816
1626094834893000,1,83.02486091,11.0775
1626094930514000,0,31.25000000,11.0952
1626095052144000,1,4.75873495,11.0744
1626095238171000,0,11.25156657,11.1629
1626095333187000,0,12.61300249,11.1611
1626095347366000,1,30.00000000,11.1400
1626095448447000,0,6.75136612,11.1100
1626095619603000,1,11.25156657,11.0770
1626095892492000,0,12.92483474,11.0977
1626096383693000,1,12.97537168,10.9855
1626096383693000,1,12.39917502,10.9853
1626096383693000,1,255.42600000,10.9801
1626096383693000,1,90.99141537,10.9801
1626096383693000,1,12.02208193,10.9801
1626096383693000,1,6.83151183,10.9800
1626096383693000,1,115.04860252,10.9757
1626096383693000,1,90.98971704,10.9714
1626096427247000,0,2.51699675,11.0330
1626096681971000,1,31.25000000,10.9534
1626096682486000,1,8.75000000,10.9534
1626096682715000,1,6.75136612,10.9500
1626096698537000,1,31.25000000,10.9000
1626096719900000,1,24.43004587,10.9000
1626096719900000,1,12.72780099,10.8852
1626096719900000,1,2.26567097,10.8827
1626096963784000,1,12.54764567,10.9503
1626096963784000,1,12.89378282,10.9503
1626096963784000,1,38.02964434,10.9448
1626097021819000,1,31.25000000,10.9703
1626097090288000,0,8.88901651,10.9784
1626097117784000,0,6.79143898,10.9900
1626097117784000,0,103.52516102,10.9929
1626097159524000,0,12.93513615,11.0221
1626097159524000,0,12.12664656,11.0243
1626097159524000,0,171.33311353,11.0265
1626097159524000,0,319.74921000,11.0265
1626097159524000,0,46.84101024,11.0265
1626097528168000,0,31.25000000,11.0000
1626097528316000,0,18.75000000,11.0000
1626097555219000,0,31.25000000,11.0000
1626097555315000,0,18.75000000,11.0000
1626097651484000,0,12.26575984,11.0628
1626097652391000,0,5.39008641,11.0628
1626097711216000,1,12.72819870,11.0207
1626097711216000,1,12.65974824,11.0180
1626097711216000,1,62.90017902,11.0111
1626097735922000,0,6.79143897,11.0800
1626098005221000,1,28.81424706,11.0900
1626098264338000,0,12.95363445,11.0975
1626098264338000,0,12.09353792,11.0975
1626098264338000,0,12.70902160,11.0978
1626098264338000,0,13.31103777,11.1030
1626098294902000,0,2.28613190,11.1003
1626098359237000,1,53.97579000,11.1000
1626098365727000,1,7.00722000,11.1000
1626098367991000,1,103.04762063,11.1000
1626098594121000,1,6.75996376,11.0400
1626098594335000,1,6.45930364,11.0137
1626099053480000,1,12.20874500,10.9803
1626099053480000,1,2.19837853,10.9776
1626099053617000,1,6.45930363,10.9800
1626099282364000,1,6.86156648,10.9800
1626099581213000,0,50.00000000,11.0000
1626099752792000,0,12.58015955,11.0048
1626100821499000,0,31.25000000,10.9750
1626101803552000,0,1.84351336,10.8489
1626101803951000,1,10.00000000,10.8338
1626101877511000,1,9.56203233,10.8242
1626102080325000,1,31.25000000,10.8000
1626102080663000,1,6.47056000,10.8000
1626102080679000,1,24.80405677,10.8000
1626102081338000,1,1.72353137,10.8000
1626102081338000,1,29.52646863,10.8000
1626102083203000,1,55.55555556,10.8000
1626102083268000,1,114.91797581,10.8000
1626102231196000,0,31.25000000,10.7500
1626102232508000,0,31.25000000,10.7500
1626102234600000,0,31.25000000,10.7500
1626102236975000,0,7.83040000,10.7500
1626102237083000,0,0.00006982,10.7500
1626102604824000,1,12.12601126,10.8324
1626102604824000,1,255.42600000,10.8304
1626102604824000,1,65.36858000,10.8303
1626102604901000,0,777.78600608,10.8300
1626102604902000,0,31.25000000,10.8300
1626102605025000,0,726.45028822,10.8300
1626102605469000,0,777.72648121,10.8300
1626102719589000,0,62.80683141,10.7905
1626102751364000,1,31.25000000,10.8074
1626103039014000,0,6.81076512,10.7200
1626103039443000,1,12.26199083,10.7113
1626103039443000,1,2.14513270,10.7111
1626103112081000,1,6.81076512,10.7579
1626103354655000,1,117.26301273,10.7740
1626103354655000,1,248.01485126,10.7699
1626103620832000,1,45.00000000,10.7064
1626103620832000,1,14.94186486,10.7064
1626103662979000,1,107.99999347,10.7052
1626103663208000,1,9.97777101,10.7052
1626103663208000,1,83.40424833,10.7012
1626103663224000,1,9.97777242,10.7012
1626103663224000,1,4.64020157,10.7011
1626103672499000,1,93.36503050,10.7011
1626103675635000,0,21.26538745,10.7000
1626103676164000,1,219.71067650,10.6917
1626103689693000,1,13.56554149,10.6917
1626103689693000,1,93.32032056,10.6917
1626103690130000,1,0.00000168,10.6917
1626103690130000,1,107.99999178,10.6917
1626103690601000,0,93.28581993,10.6917
1626103690842000,0,9.35306706,10.6917
1626103693021000,0,9.35306706,10.6917
1626103695061000,0,28.00803941,10.6917
1626103698910000,1,103.25220066,10.6917
1626103701262000,1,87.74899993,10.6917
1626103705564000,1,5.54362234,10.6917
1626103705564000,1,23.03337766,10.6917
1626103706750000,1,23.99990273,10.6917
1626103707167000,1,7.27158232,10.6917
1626103709770000,1,13.70371057,10.6917
1626103719037000,1,41.45800251,10.6917
1626103736893000,1,4.97509226,10.6917
1626103863904000,0,94.77557000,10.7391
1626103863904000,0,55.90334685,10.7409
1626103863904000,0,24.46609017,10.7478
1626103863904000,0,151.17634816,10.7503
1626103863904000,0,12.89890612,10.7629
1626103863904000,0,13.51791498,10.7658
1626103863904000,0,13.33919452,10.7732
1626103867368000,0,31.25000000,10.7522
1626104031897000,0,46.47392998,10.7587
1626104114042000,0,79.29271921,10.7465
1626104123811000,0,46.52811833,10.7462
1626104150570000,1,12.59431982,10.7215
1626104317441000,1,56.24766221,10.6671
1626104328529000,1,93.56329357,10.6679
1626104328529000,1,34.67994959,10.6671
1626104328537000,1,101.12260687,10.6671
1626104328537000,1,30.74490109,10.6671
1626104328565000,1,31.25000000,10.6671
1626104328682000,0,12.31855808,10.6671
1626104328682000,0,12.20990690,10.6671
1626104328718000,0,31.25000000,10.6671
1626104329876000,1,42.88073902,10.6671
1626104340563000,1,0.00000099,10.6671
1626104419057000,1,93.69071426,10.6513
1626104435063000,1,79.29271921,10.6224
1626104890629000,0,1.88375331,10.6178
1626104893523000,0,4.42653737,10.6131
1626105077462000,1,1.91000000,10.5000
1626105077462000,1,20.00000000,10.5000
1626105077462000,1,44.64378000,10.5000
1626105077470000,1,31.25000000,10.5000
1626105077754000,1,49.72695161,10.5000
1626105086947000,1,24.37926839,10.5000
1626105086947000,1,42.17451161,10.5000
1626105087003000,1,12.96469076,10.5000
1626105113115000,0,31.25000000,10.5188
1626105156011000,1,0.00000001,10.5000
1626105414440000,0,6.00290325,10.5265
1626105532299000,1,45.00000000,10.4523
1626105532299000,1,179.63500000,10.4317
1626105532299000,1,248.60929844,10.4317
1626105722944000,0,12.81774256,10.5337
1626105722944000,0,0.03524029,10.5337
1626105997763000,1,12.26009338,10.5697
1626105997763000,1,91.28968245,10.5644
1626106222482000,0,12.92868129,10.5152
1626106222482000,0,12.37795699,10.5152
1626106222482000,0,12.30666956,10.5182
1626106222482000,0,91.14157132,10.5205
1626106409962000,0,31.25000000,10.4700
1626106410284000,1,12.68850363,10.4533
1626106410284000,1,95.63308219,10.4481
1626106410284000,1,12.33045491,10.4481
1626106410284000,1,12.12843487,10.4480
1626106410284000,1,45.00000000,10.4428
1626106410284000,1,73.18355655,10.4376
1626106492894000,1,47.59934096,10.4133
1626106598450000,1,85.10192308,10.4000
1626107077778000,1,67.59865000,10.4792
1626107077778000,1,45.00000000,10.4787
1626107077778000,1,156.00000000,10.4776
1626107077778000,1,231.40135000,10.4776
1626107331074000,1,179.63500000,10.4178
1626107331074000,1,156.00000000,10.4178
1626107331074000,1,30.44237080,10.4178
1626107421958000,1,67.69830000,10.4656
1626107421958000,1,5.84522063,10.4643
1626107999033000,0,30.00000000,10.5757
1626108337008000,1,51.06723174,10.4287
1626108701494000,0,2.28613190,10.4706
1626108727073000,0,67.63498000,10.4942
1626108727073000,0,255.42600000,10.4986
1626108727073000,0,12.16843617,10.5009
1626108727073000,0,24.49595600,10.5011
1626108727073000,0,3.55511793,10.5011
1626109590351000,1,66.97543000,10.5759
1626109590351000,1,50.46907486,10.5690
1626110308829000,1,10.00000000,10.5120
1626110984053000,1,30.00000000,10.5648
1626111235696000,1,67.32618000,10.5216
1626111235696000,1,39.46821107,10.5214
1626111235896000,0,21.96040000,10.5214
1626111242009000,0,0.00008809,10.5214
1626111779489000,0,48.90939233,10.5662
1626112091241000,0,58.02561884,10.5422
1626112317020000,1,2.29229650,10.4524
1626112855793000,1,8.88901651,10.4434
1626113138079000,0,67.59037000,10.5582
1626113138079000,0,11.74519853,10.5610
1626113138079000,0,115.81378357,10.5638
1626113141622000,0,12.56174641,10.5630
1626113141622000,0,62.28980345,10.5638
1626113144081000,0,12.40870556,10.5651
1626113144081000,0,77.32241298,10.5667
1626113144081000,0,36.10972645,10.5667
1626113145066000,0,113.84366739,10.5648
1626113473568000,0,12.43245097,10.5319
1626114103627000,0,12.07184205,10.4668
1626114104052000,1,10.00000000,10.4353
1626114127511000,0,31.25000000,10.4643
1626114336301000,0,2.85491602,10.5082
1626114390802000,0,12.80747877,10.5354
1626114391286000,0,5.68107340,10.5377
1626114914903000,0,12.14316900,10.5245
1626115057190000,1,9.82380952,10.5000
1626115057190000,1,9.99999999,10.5000
1626115058329000,1,0.00000001,10.5000
1626115074526000,0,31.25000000,10.4987
1626115083592000,0,5.55418795,10.4978
1626115620878000,1,12.16927245,10.4798
1626115620878000,1,48.07915090,10.4743
1626115861273000,1,31.25000000,10.4070
1626115861938000,1,53.79468146,10.4070
1626115862339000,1,31.25000000,10.4000
1626115865064000,0,3.84356683,10.4038
1626115867761000,1,18.75000000,10.4000
1626115873759000,1,30.12541833,10.4000
1626116157095000,1,12.01303827,10.3352
1626116157095000,1,12.33667427,10.3351
1626116157095000,1,12.19134894,10.3320
1626116157095000,1,10.09390125,10.3300
1626116157095000,1,0.92909727,10.3289
1626116157736000,1,4.12695500,10.3403
1626116157767000,1,11.84656722,10.3403
1626116175483000,0,1.93514321,10.3334
1626116236554000,0,31.25000000,10.3275
1626116367459000,1,12.54301240,10.3558
1626116367459000,1,13.48616539,10.3506
1626116367459000,1,0.53348931,10.3506
1626117427471000,1,31.25000000,10.4998
1626117428537000,1,31.25000000,10.4998
1626117429676000,1,31.25000000,10.4998
1626117457870000,1,10.82677564,10.4998
1626118326256000,1,57.97101450,10.3500
1626118335359000,1,79.44825000,10.2980
1626118457755000,0,79.38039481,10.3537
1626118601968000,1,96.87850441,10.3130
1626118625051000,1,12.28039667,10.2927
1626118647837000,1,135.03841527,10.3084
1626118768215000,0,58.18566030,10.3239
1626118865201000,1,12.41458787,10.3245
1626118985134000,1,12.73392181,10.3340
1626119030323000,1,0.00000174,10.3340
1626119068606000,1,0.00000182,10.3245
1626119105216000,1,12.19100049,10.2944
1626119105216000,1,0.00000144,10.2927
1626119105216000,1,0.43807730,10.2915
1626119225442000,1,12.28471102,10.3006
1626119261851000,1,0.00000168,10.3006
1626119345340000,1,12.19142943,10.2868
1626119394503000,1,0.00000167,10.2868
1626119473371000,0,12.37290000,10.2581
1626119485768000,1,38.61476904,10.2534
1626119675763000,1,12.30156740,10.2489
1626119675763000,1,12.96400332,10.2450
1626119675763000,1,12.43856092,10.2450
1626119675763000,1,20.48152866,10.2438
1626119762444000,0,50.00000000,10.2581
1626119764011000,0,0.00007027,10.2581
1626119866964000,1,26.94783124,10.2728
1626120277272000,1,31.25000000,10.2000
1626120292634000,1,31.25000000,10.2000
1626120361856000,1,31.25000000,10.2000
1626120364560000,1,56.25000000,10.2000
1626120364906000,1,31.25000000,10.1934
1626120365085000,1,7.59666671,10.1934
1626120367525000,0,3.72791700,10.1928
1626120410294000,0,26.43720200,10.1798
1626120477211000,0,31.25000000,10.1797
1626120478319000,0,26.43719984,10.1798
1626120598634000,1,12.10404867,10.1813
1626120598634000,1,12.48366955,10.1813
1626120598634000,1,136.53558509,10.1762
1626120973444000,1,12.50283300,10.2471
1626121246881000,1,20.00000000,10.2420
1626121337868000,1,10.08427795,10.1919
1626121349375000,1,31.25000000,10.1955
1626122457330000,0,75.20737309,10.2340
1626122636108000,0,12.56720147,10.2709
1626122636108000,0,87.43279853,10.2730
1626122865896000,0,58.03692232,10.2735
1626124199708000,1,5.04926388,10.3179
1626125087865000,1,31.25000000,10.3332
1626125091294000,1,31.25000000,10.3332
1626125093430000,1,31.25000000,10.3332
1626125097742000,1,73.73990150,10.3332
1626125129168000,0,5.26413683,10.3092
1626126031734000,1,12.78960983,10.2952
1626126032735000,1,12.30543720,10.2952
1626126033077000,1,12.27390589,10.2952
1626126033479000,1,12.77687921,10.2952
1626126034725000,1,12.20109911,10.2951
1626126035723000,1,11.81327334,10.2926
1626126036087000,1,12.18661850,10.2946
1626126037733000,1,12.99993652,10.2931
1626126038721000,1,29.74629786,10.2900
1626126134463000,1,12.97745073,10.2529
1626126134463000,1,12.18447602,10.2529
1626126134463000,1,12.46633166,10.2529
1626126134463000,1,12.05095759,10.2529
1626126134463000,1,250.32078400,10.2478
1626126738552000,1,31.25000000,10.3210
1626126749472000,1,31.25000000,10.3210
1626126751204000,1,31.25000000,10.3210
1626126946094000,1,6.25000000,10.3210
1626126960371000,1,12.21543291,10.2992
1626126960371000,1,8.83856408,10.2992
1626127475265000,0,4.78194338,10.2807
1626128994818000,0,2.40151852,10.4101
1626129074453000,0,3.72791700,10.4370
1626129074453000,0,45.00000000,10.4502
1626129074453000,0,11.89498747,10.4550
1626129074453000,0,255.42600000,10.4566
1626129074453000,0,121.18173644,10.4566
1626129074453000,0,23.19785170,10.4605
1626129074453000,0,95.63200494,10.4633
1626129074453000,0,43.93950245,10.4633
1626129295525000,0,36.17948892,10.4294
1626129544487000,1,4.23041460,10.3686
1626129755731000,0,31.25000000,10.4286
1626130743976000,1,2.31117502,10.3346
1626130744291000,1,12.59393334,10.3049
1626130744291000,1,91.98284230,10.3021
1626130744323000,1,29.74629786,10.3021
1626132437786000,1,12.49708605,10.2487
1626132437786000,1,12.11045067,10.2487
1626132437786000,1,12.00413280,10.2487
1626132437786000,1,119.37717000,10.2436
1626132437786000,1,207.29165058,10.2436
1626133473862000,0,12.01948693,10.2324
1626133473862000,0,45.00000000,10.2375
1626133473862000,0,12.75758574,10.2375
1626133473862000,0,12.50645522,10.2375
1626133473862000,0,255.42600000,10.2394
1626133473862000,0,40.26231000,10.2394
