timestamp ms,type,amount,price
1626480593827000,0,12.97660521,7.5345
1626480687745000,1,31.25000000,7.4852
1626480922682000,1,169.83613959,7.4700
1626480931978000,1,10.05596488,7.4578
1626483584402000,1,12.39476788,7.6681
1626483584402000,1,12.77860737,7.6681
1626483584402000,1,12.02468099,7.6653
1626483584402000,1,51.66078580,7.6642
1626483750888000,0,2.61083320,7.6383
1626483750978000,0,9.51016904,7.6383
1626487433918000,0,12.17523576,7.4504
1626487433918000,0,1.24657008,7.4524
1626490827649000,1,15.00000000,7.4000
1626490827649000,1,16.25000000,7.4000
1626490828662000,1,13.75000000,7.4000
1626491196324000,0,31.25000000,7.4195
1626493167008000,0,19.30755246,7.4619
1626496875508000,0,12.37752537,7.5240
1626496875975000,0,12.78669080,7.5259
1626496875975000,0,54.10279927,7.5278
1626496877044000,0,31.25000000,7.5259
1626497283859000,0,12.30456727,7.5275
1626497284725000,0,45.00000000,7.5293
1626497349896000,0,12.88286187,7.5372
1626497349896000,0,12.64215156,7.5390
1626497349896000,0,255.42600000,7.5394
1626497349896000,0,63.90790259,7.5394
1626499356228000,0,12.49018862,7.6060
1626499441715000,0,45.00000000,7.6493
1626499441715000,0,255.42600000,7.6501
1626499457735000,0,12.41737543,7.6506
1626499604379000,0,19.34212019,7.6700
1626500022697000,1,3.50000000,7.6799
1626500062116000,0,2.66444740,7.6932
1626500391186000,1,12.62376383,7.6768
1626500391186000,1,12.41859299,7.6768
1626500391250000,0,31.25000000,7.6768
1626500391300000,0,88.35040780,7.6768
1626500399742000,0,12.56266972,7.6918
1626500399742000,0,12.18697620,7.6931
1626500399742000,0,12.90212383,7.6947
1626500399742000,0,14.72547136,7.6956
1626500400256000,0,6.97360325,7.6956
1626500400748000,0,6.90312562,7.6947
1626501343776000,0,31.25000000,7.7347
1626501846845000,0,12.22491120,7.7200
1626501846845000,0,117.30317718,7.7204
1626502153585000,0,12.98433445,7.7864
1626502153585000,0,163.56353175,7.7890
1626502153585000,0,239.98639913,7.7891
1626502154568000,0,31.25000000,7.7855
1626502154568000,0,163.49167603,7.7925
1626502154568000,0,9.67106010,7.7933
1626502154568000,0,23.96057819,7.7936
1626502477244000,0,44.02173843,7.8000
1626502477534000,0,119.21002717,7.8000
1626502477534000,0,4.19989926,7.8027
1626502908596000,0,6.31190958,7.7356
1626502927869000,0,16.62144132,7.7427
1626504375058000,0,163.85390448,7.7738
1626504375058000,0,12.14753007,7.7755
1626504375058000,0,163.78556097,7.7771
1626504375058000,0,90.30060507,7.7796
1626504375058000,0,191.36086022,7.7796
1626504375058000,0,12.28660940,7.7796
1626504375058000,0,128.59441358,7.7814
1626504375058000,0,273.15331936,7.7827
1626504375058000,0,513.23676513,7.7837
1626504375058000,0,273.01754351,7.7837
1626504375058000,0,321.42711218,7.7902
1626504375058000,0,395.86055028,7.7902
1626504537987000,1,12.78689188,7.7821
1626504537987000,1,12.77127309,7.7821
1626504537987000,1,12.44528354,7.7821
1626504537987000,1,91.52463987,7.7808
1626504729861000,0,12.26512051,7.7845
1626504729861000,0,116.16952748,7.7862
1626504898228000,0,12.15302524,7.7811
1626504898228000,0,163.68233293,7.7813
1626504898228000,0,163.71082582,7.7837
1626504898228000,0,12.25004994,7.7840
1626504898329000,1,127.30593126,7.7841
1626504977857000,0,128.44951163,7.7852
1626505024907000,0,45.00000000,7.7977
1626505024907000,0,11.50875896,7.7978
1626505134284000,0,31.25000000,7.8000
1626505167537000,0,31.25000000,7.8000
1626505168062000,0,82.14276462,7.8000
1626505304330000,0,12.23200215,7.8123
1626505304330000,0,12.56954376,7.8142
1626505304330000,0,103.14741249,7.8162
1626505854710000,0,34.49152290,7.7509
1626506207469000,1,12.10598957,7.6684
1626506207469000,1,12.64780877,7.6684
1626506207469000,1,12.30891174,7.6665
1626506207469000,1,6.95902835,7.6646
1626506207994000,1,12.13293497,7.6684
1626506207994000,1,12.69601036,7.6665
1626506207994000,1,71.49704066,7.6646
1626506208022000,1,120.04321530,7.6646
1626506652342000,1,12.59366026,7.7049
1626506652342000,1,12.43331674,7.7049
1626506652342000,1,13.00411314,7.7026
1626506652342000,1,85.37883629,7.7011
1626508884642000,0,12.90780741,7.6924
1626509356683000,1,25.00000000,7.5500
1626509356837000,1,12.38076781,7.5409
1626509356837000,1,12.43130632,7.5381
1626509356837000,1,15.20233097,7.5373
1626509454092000,1,5.68141390,7.5652
1626509985298000,0,479.10216519,7.5690
1626510273571000,0,12.09629019,7.5722
1626510273571000,0,12.62974903,7.5747
1626510273571000,0,168.05622115,7.5760
1626510273623000,1,31.25000000,7.5774
1626510273647000,1,12.96182442,7.5774
1626510273666000,1,168.05622115,7.5774
1626510273687000,1,73.59609170,7.5774
1626511070873000,0,31.25000000,7.6000
1626511074145000,0,31.25000000,7.6000
1626511094585000,0,416.14639764,7.6000
1626511095784000,0,3.86786154,7.6071
1626511129108000,0,12.84332866,7.6420
1626511129183000,1,31.25000000,7.6427
1626511129186000,1,12.73947829,7.6427
1626511130389000,1,31.25000000,7.6427
1626511561376000,0,12.52042087,7.8008
1626511561376000,0,12.07100449,7.8044
1626511561376000,0,12.86591452,7.8044
1626511561376000,0,105.87823766,7.8047
1626511685604000,0,25.59675637,7.8135
1626511787713000,1,12.95668459,7.7862
1626511787713000,1,12.34512892,7.7861
1626511787713000,1,118.03376403,7.7823
1626512018259000,1,12.27215905,7.7648
1626512018259000,1,75.81064790,7.7609
1626513273393000,0,102.77422399,7.7097
1626513290877000,1,500.00000000,7.6976
1626513301925000,0,11.25308183,7.7030
1626514001056000,0,129.61981212,7.7149
1626514185196000,0,12.74461344,7.6950
1626514185196000,0,117.19068023,7.6963
1626515146170000,0,167.14987689,7.6232
1626515146170000,0,12.97044097,7.6236
1626515146170000,0,12.89865807,7.6254
1626515146170000,0,167.05932325,7.6275
1626515146170000,0,11.63665276,7.6275
1626515146170000,0,155.82472897,7.6286
1626516488035000,1,12.45523230,7.5394
1626516488035000,1,12.26819123,7.5382
1626516488035000,1,12.16631868,7.5382
1626516488035000,1,12.98118321,7.5356
1626516488035000,1,168.52732488,7.5344
1626516488035000,1,29.95418486,7.5319
1626516488035000,1,206.81411445,7.5319
1626516488035000,1,72.37313130,7.5318
1626516504316000,0,2.92093688,7.5313
1626516769884000,1,4.83553005,7.4880
1626516843508000,0,4.83553004,7.4799
1626516863625000,1,12.08867289,7.4906
1626516863625000,1,12.77755587,7.4905
1626516863625000,1,234.68887703,7.4868
1626517026725000,0,12.78108799,7.5122
1626517026725000,0,169.51415352,7.5131
1626517026725000,0,12.95878124,7.5133
1626517026725000,0,169.48707896,7.5173
1626517026725000,0,12.02005890,7.5174
1626517026725000,0,7.33734247,7.5203
1626517026725000,0,144.60616213,7.5203
1626517654673000,0,64.16255003,7.4717
1626517655432000,1,11.86697345,7.4641
1626519893586000,1,12.49491167,7.4224
1626519893586000,1,12.44756404,7.4224
1626519893586000,1,12.57431550,7.4223
1626519893586000,1,12.64684653,7.4205
1626519893586000,1,255.42600000,7.4187
1626519893586000,1,58.38068081,7.4187
1626519893586000,1,23.35227232,7.4187
1626519893586000,1,171.09379541,7.4186
1626519893586000,1,171.15324734,7.4160
1626519893586000,1,341.86471111,7.4154
1626519893586000,1,45.00000000,7.4092
1626519893586000,1,660.50721000,7.4092
1626519893586000,1,151.72068488,7.4092
1626519893586000,1,205.40084752,7.4091
1626519893586000,1,342.12117692,7.4091
1626519893586000,1,62.84051020,7.4041
1626520020627000,1,12.91768537,7.4162
1626520020627000,1,12.85837495,7.4162
1626520020627000,1,12.50107409,7.4148
1626520020627000,1,182.13763472,7.4125
1626520176550000,0,12.55731843,7.4607
1626520176550000,0,170.66359120,7.4613
1626520176550000,0,11.26500491,7.4629
1626520176550000,0,6.54647655,7.4651
1626520213806000,0,12.33574452,7.4775
1626520213806000,0,170.38438380,7.4777
1626520213806000,0,12.68506722,7.4810
1626520213806000,0,5.18334500,7.4813
1626520409288000,0,149.54313322,7.4652
1626520457054000,0,170.79365348,7.4605
1626520457054000,0,170.74538384,7.4629
1626520457054000,0,14.67468494,7.4678
1626520457054000,0,65.87837625,7.4678
1626520461595000,0,189.54762375,7.4578
1626520461595000,0,170.76157247,7.4578
1626520461595000,0,7.33734247,7.4665
1626520461595000,0,284.70485503,7.4665
1626520461595000,0,134.01196218,7.4673
1626520461595000,0,95.40034000,7.4673
1626520461595000,0,211.65393216,7.4678
1626520461595000,0,341.76200678,7.4678
1626520461595000,0,335.01295298,7.4741
1626520461595000,0,45.00000000,7.4741
1626520461595000,0,146.13256656,7.5007
1626520466260000,0,170.97275936,7.4505
1626520466260000,0,170.97275936,7.4542
1626520466260000,0,180.30680975,7.4600
1626520471808000,0,170.97275936,7.4505
1626520471808000,0,170.97275936,7.4542
1626520471808000,0,136.47312390,7.4599
1626520471808000,0,134.20288627,7.4600
1626520471808000,0,134.20288627,7.4600
1626520471808000,0,104.65151757,7.4600
1626520471808000,0,284.95832732,7.4605
1626520471808000,0,45.00000000,7.4662
1626520471808000,0,383.37057000,7.4662
1626520471808000,0,871.55735962,7.4662
1626520471808000,0,341.84112382,7.4662
1626520471808000,0,57.82237804,7.4876
1626520477503000,0,55.67489330,7.4551
1626520481514000,0,13.45876884,7.4562
1626521070060000,1,12.24153445,7.4212
1626521070060000,1,94.27405130,7.4175
1626521316643000,1,12.89291657,7.4261
1626521316643000,1,12.69137316,7.4249
1626521316718000,0,31.25000000,7.4249
1626521316909000,0,1140.87290634,7.4249
1626521317597000,0,1140.87290634,7.4249
1626521318116000,0,856.85541760,7.4249
1626521889631000,0,12.18858894,7.4763
1626521889631000,0,11.60441168,7.4787
1626522215103000,0,11.89650031,7.4899
1626522297829000,0,8.34242343,7.4955
1626522402650000,0,12.36314494,7.4850
1626522402650000,0,170.11699846,7.4862
1626522402650000,0,12.45555738,7.4873
1626522403579000,0,31.25000000,7.4831
1626522403579000,0,0.05437533,7.4873
1626522546708000,1,3.55407688,7.4849
1626523134577000,0,13.35011888,7.4906
1626524781990000,0,12.52914734,7.5499
1626524781990000,0,12.50932051,7.5524
1626524782465000,0,12.50932051,7.5480
1626525503599000,0,31.25000000,7.5627
1626525505959000,0,31.25000000,7.5627
1626525506174000,0,138.31046581,7.5627
1626525922151000,0,31.25000000,7.5183
1626525922346000,0,69.15523291,7.5183
1626525967181000,0,12.29368900,7.5146
1626525967181000,0,12.04071321,7.5172
1626525967271000,1,31.25000000,7.5172
1626525969854000,1,31.25000000,7.5172
1626525972164000,1,62.18857566,7.5172
1626526049404000,0,31.25000000,7.5153
1626526088128000,0,31.25000000,7.5153
1626526088231000,0,37.90523291,7.5153
1626526983820000,0,12.27311106,7.5543
1626526983820000,0,13.04989119,7.5563
1626526983820000,0,104.09360476,7.5564
1626527634726000,0,12.23320143,7.5756
1626527634726000,0,12.85443672,7.5775
1626527634726000,0,12.74103957,7.5781
1626527634726000,0,168.04438318,7.5788
1626527634726000,0,57.99854303,7.5827
1626528412057000,1,200.00000000,7.5000
1626529273341000,0,13.30841997,7.5140
1626530364712000,1,12.29598097,7.5470
1626530364712000,1,12.76105135,7.5470
1626530364712000,1,12.27022067,7.5470
1626530364712000,1,12.02933608,7.5464
1626530364712000,1,255.42600000,7.5432
1626530364712000,1,30.76026434,7.5432
1626530364712000,1,168.26787166,7.5423
1626530364712000,1,24.89394014,7.5395
1626530434953000,1,31.25000000,7.5492
1626530435223000,1,44.05636236,7.5492
1626531473086000,1,31.25000000,7.5400
1626531473394000,1,1.25000000,7.5400
1626531609197000,1,12.98838735,7.5230
1626531609197000,1,22.84642398,7.5212
1626531609197000,1,11.72033383,7.5211
1626531609197000,1,255.42600000,7.5193
1626531609197000,1,168.73967188,7.5193
1626531609197000,1,50.53151143,7.5181
1626531613912000,1,12.60707502,7.5219
1626531613912000,1,11.90975926,7.5200
1626531613912000,1,255.42600000,7.5181
1626531613912000,1,45.00000000,7.5181
1626531613912000,1,22.75288243,7.5128
1626531613912000,1,168.86672581,7.5128
1626531613912000,1,56.86169802,7.5080
1626531613912000,1,768.06675000,7.5080
1626531613912000,1,153.00000000,7.5080
1626531613912000,1,281.36688878,7.5076
1626531613912000,1,147.98010514,7.5022
1626531613912000,1,37.48726992,7.5022
1626531615632000,1,31.25000000,7.5256
1626531618599000,1,12.77114347,7.5197
1626531618599000,1,12.18388935,7.5197
1626531618599000,1,13.28997299,7.5178
1626531618599000,1,255.42600000,7.5160
1626531618599000,1,128.42109270,7.5160
1626532582203000,0,12.70202991,7.5463
1626532582203000,0,12.38068818,7.5469
1626532582203000,0,14.66346470,7.5501
1626533924025000,1,31.25000000,7.5000
1626533924488000,1,18.75000000,7.5000
1626533924488000,1,9.77915758,7.4975
1626533924488000,1,12.39648807,7.4905
1626533924488000,1,12.57516380,7.4870
1626533924488000,1,169.51509410,7.4840
1626533924488000,1,12.12270799,7.4835
1626533924488000,1,255.42600000,7.4816
1626533924488000,1,169.57615816,7.4816
1626533924488000,1,45.00000000,7.4795
1626533924488000,1,10.89051096,7.4795
1626533924488000,1,338.74033389,7.4795
1626533924488000,1,212.59316168,7.4744
1626533924488000,1,25.55064348,7.4744
1626533924488000,1,26.67079637,7.4744
1626533924488000,1,338.96161598,7.4744
1626533924488000,1,338.97321176,7.4741
1626533924488000,1,153.00000000,7.4541
1626533924488000,1,685.50464771,7.4541
1626534159516000,1,12.42042807,7.4821
1626534159516000,1,12.84567319,7.4801
1626534159516000,1,8.38879819,7.4785
1626534159516000,1,230.21670448,7.4785
1626534911889000,0,45.00000000,7.4885
1626534942514000,0,45.00000000,7.5090
1626535331729000,0,45.00000000,7.4763
1626535336209000,0,45.00000000,7.4902
1626535710596000,0,153.00000000,7.5135
1626535710596000,0,45.00000000,7.5135
1626535718577000,0,45.00000000,7.5203
1626539524090000,0,12.62604183,7.6902
1626539524090000,0,12.12329601,7.6924
1626539524090000,0,12.56004892,7.6924
1626539524090000,0,12.30442312,7.6924
1626539524090000,0,255.42600000,7.6940
1626539524090000,0,165.36736566,7.6940
1626539524090000,0,47.00000000,7.6962
1626539524090000,0,165.31665872,7.6965
1626539524090000,0,723.89554858,7.7054
1626539524090000,0,129.92215685,7.7054
1626539524090000,0,324.76225825,7.7054
1626539524090000,0,202.50739871,7.7054
1626539524090000,0,275.64637389,7.7054
1626539524090000,0,103.99209806,7.7066
1626539972849000,0,12.42257212,7.6498
1626540724099000,1,12.99992367,7.5857
1626540724099000,1,0.42188217,7.5845
1626540789333000,0,17.46511906,7.6066
1626541050923000,0,167.02716218,7.6188
1626541051010000,0,12.84491605,7.6157
1626541052763000,0,12.41004878,7.6409
1626546263756000,0,12.82454022,7.6660
1626546268106000,0,47.00000000,7.6686
1626546383358000,0,2.92093688,7.7156
1626546383536000,0,47.00000000,7.7225
1626546383536000,0,11.82250940,7.7250
1626546383536000,0,64.21556587,7.7275
1626546689910000,0,31.25000000,7.7500
1626547435698000,1,12.56051869,7.6883
1626547435698000,1,12.50480216,7.6876
1626547435698000,1,12.78562805,7.6863
1626547435698000,1,83.75563541,7.6844
1626548424525000,0,12.00914863,7.7324
1626548424525000,0,47.00000000,7.7340
1626548424525000,0,12.60675636,7.7341
1626548424525000,0,10.26421139,7.7348
1626548908937000,0,313.60891602,7.7500
1626549759428000,1,3.47600518,7.7100
1626550341556000,0,12.10542394,7.7649
1626550341556000,0,163.86363407,7.7672
1626550341556000,0,12.24059271,7.7696
1626550341556000,0,163.78753946,7.7713
1626550341556000,0,47.00000000,7.7715
1626550341556000,0,205.34482048,7.7716
1626550341556000,0,328.05119441,7.7716
1626550341556000,0,128.73318131,7.7789
1626550341556000,0,158.00000000,7.7789
1626550341556000,0,327.72726814,7.7789
1626550341556000,0,327.56133040,7.7833
1626550341556000,0,321.62981786,7.7919
1626550341556000,0,527.16598708,7.7919
1626550342858000,0,31.25000000,7.7677
1626550346411000,0,12.67861159,7.7656
1626550346411000,0,163.86363407,7.7672
1626550346411000,0,12.02633700,7.7675
1626550346411000,0,13.27066594,7.7694
1626550346411000,0,163.78753946,7.7713
1626550346411000,0,139.79465050,7.7716
1626550350574000,0,163.86363407,7.7672
1626550350574000,0,12.27516275,7.7706
1626550350574000,0,163.78753946,7.7713
1626550350574000,0,188.25654391,7.7716
1626550350574000,0,12.85335574,7.7734
1626550350574000,0,255.42600000,7.7788
1626550350574000,0,128.63565000,7.7788
1626550350574000,0,199.89704405,7.7789
1626550350574000,0,128.67121894,7.7789
1626550350574000,0,327.72726814,7.7789
1626550350574000,0,92.20822000,7.7795
1626550350574000,0,220.29265650,7.7833
1626550354857000,0,163.78753946,7.7713
1626550354857000,0,163.76520162,7.7742
1626550354857000,0,80.54763439,7.7789
1626550502060000,1,5.17000000,7.7385
1626551294087000,1,78.89946523,7.7679
1626551375949000,0,163.94913017,7.7667
1626551375949000,0,136.05086983,7.7693
1626551492356000,1,12.52773563,7.7795
1626551492356000,1,7.19713068,7.7756
1626551538164000,0,31.25000000,7.7735
1626551539841000,0,27.92459892,7.7735
1626551831612000,0,12.29980893,7.7885
1626551831612000,0,12.34263576,7.7915
1626551831612000,0,12.08760708,7.7915
1626551831612000,0,10.56299855,7.7924
1626551947578000,0,12.53271362,7.7709
1626551947578000,0,12.32835613,7.7709
1626551947632000,1,14.59017927,7.7709
1626552889617000,1,12.98938750,7.7267
1626552889617000,1,6.73623701,7.7243
1626553224567000,1,12.37391013,7.7016
1626553224567000,1,7.35171438,7.7016
1626555297566000,1,100.00000000,7.7012
1626557286847000,1,12.22070926,7.6971
1626557286847000,1,12.53745383,7.6954
1626557286847000,1,47.00000000,7.6952
1626557286847000,1,51.27991218,7.6915
1626560654129000,0,61.93863890,7.6097
1626561451123000,0,12.34796773,7.5473
1626561451123000,0,30.29269676,7.5485
1626561454151000,0,4.10674898,7.5448
1626562824189000,1,20.00000000,7.5000
1626563143898000,0,43.10164836,7.5084
1626565817724000,1,12.95897249,7.4672
