timestamp ms,type,amount,price
1623979173694000,1,12.82302390,7.4286
1623979674480000,1,20.18430653,7.3991
1623980176381000,1,25.00000000,7.3100
1623980183531000,1,25.00000000,7.3100
1623980184036000,1,350.00000000,7.3100
1623980226732000,1,6.55857264,7.3221
1623980226732000,1,6.65551202,7.3221
1623981700538000,1,20.00000000,7.3139
1623981756677000,1,13.93082192,7.3000
1623981756677000,1,150.00000000,7.3000
1623981760609000,0,4.93150685,7.2988
1623982130768000,1,4.67000000,7.2700
1623982134424000,1,25.50000000,7.2464
1623982156120000,1,23.50000000,7.2606
1623982156120000,1,232.75772946,7.2579
1623982159026000,1,41.56599584,7.2595
1623985951512000,1,24.00000000,7.4377
1623985951512000,1,24.50000000,7.4376
1623987853192000,0,4.93150685,7.4759
1623990699509000,0,24.00000000,7.5168
1623990699509000,0,24.25000000,7.5191
1623990699509000,0,100.14196940,7.5203
1623992296038000,0,4.58425861,7.5485
1623992765857000,1,211.20339457,7.5139
1623992765857000,1,164.63228543,7.5139
1623992765857000,1,46.57110914,7.5139
1623992765860000,1,120.86650141,7.5139
1623992765860000,1,11.00000000,7.5091
1623992765860000,1,79.33689316,7.5075
1623994250246000,1,24.50000000,7.4502
1623994250246000,1,24.25000000,7.4502
1623994250347000,0,25.00000000,7.4502
1623994260413000,0,25.00000000,7.4502
1623994271664000,0,25.00000000,7.4502
1623994333334000,0,25.00000000,7.4502
1623994333349000,0,54.09473170,7.4502
1623994457028000,0,29.60090523,7.4497
1623994492052000,0,1.26395570,7.4497
1623995292041000,0,3.36351075,7.4327
1623998617272000,1,255.42600000,7.3333
1623998617272000,1,171.72920205,7.3333
1623998617372000,0,56.87871654,7.3330
1623998818651000,0,4.77294422,7.3323
1624001648743000,0,24.50000000,7.3775
1624001648743000,0,9.40606543,7.3785
1624003803770000,1,25.00000000,7.4300
1624003805168000,1,25.00000000,7.4300
1624003818406000,1,25.00000000,7.4300
1624003819897000,1,25.00000000,7.4300
1624003821585000,1,25.00000000,7.4300
1624003835582000,1,25.00000000,7.4300
1624003872696000,1,25.00000000,7.4300
1624003873491000,1,30.17182908,7.4300
1624003877203000,1,30.88672275,7.4300
1624003880902000,1,63.94144817,7.4300
1624004584953000,1,23.99999866,7.4150
1624005270353000,1,30.22320081,7.4200
1624005275126000,1,19.77679919,7.4200
1624005425203000,1,23.82384222,7.4187
1624006646798000,0,60.51599208,7.4152
1624007140655000,0,24.00000000,7.4158
1624007140655000,0,19.35970426,7.4175
1624008216468000,1,26.55475863,7.3616
1624008228036000,1,0.00000271,7.3616
1624008912246000,0,19.03898458,7.3345
1624008931306000,1,24.25000000,7.3116
1624008931306000,1,25.25000000,7.3098
1624009421134000,0,3.00000000,7.3003
1624010028518000,1,13.44497936,7.2700
1624010424017000,0,20.68930796,7.2334
1624010431223000,1,70.00000000,7.2300
1624010434909000,1,30.00000000,7.2186
1624010434909000,1,24.00000000,7.2119
1624010434909000,1,5.68084555,7.2105
1624010548303000,1,25.00000000,7.2000
1624010552814000,1,25.00000000,7.2000
1624010583089000,1,10.86296558,7.2000
1624010745339000,1,39.13703442,7.2000
1624010745339000,1,25.00000000,7.1893
1624010769775000,0,14.56942432,7.2076
1624010830715000,0,5.00000000,7.1936
1624010835026000,0,4.58743654,7.1902
1624011332117000,1,20.68930796,7.1703
1624011537801000,1,25.25000000,7.1502
1624011629411000,1,24.50000000,7.1201
1624011629521000,1,0.75000000,7.1201
1624011629521000,1,23.75000000,7.1192
1624011645043000,1,24.25000000,7.1049
1624011645043000,1,24.50000000,7.1049
1624011652951000,0,24.75000000,7.1354
1624011652951000,0,24.75000000,7.1372
1624011652951000,0,99.31817000,7.1388
1624011652951000,0,176.91876949,7.1390
1624011652951000,0,50.80747810,7.1422
1624011652951000,0,176.82823059,7.1427
1624011652951000,0,11.25002122,7.1495
1624011652951000,0,255.42600000,7.1495
1624011652951000,0,178.87311830,7.1495
1624012168220000,1,25.25000000,7.2538
1624012168220000,1,25.75000000,7.2518
1624012168220000,1,97.39196940,7.2507
1624012995098000,0,24.99999309,7.2792
1624013354581000,0,6.89275833,7.2540
1624013707508000,1,24.00000000,7.2408
1624016536954000,0,59.53992442,7.2323
1624018999463000,0,10.00000000,7.1699
1624019290926000,0,25.00000000,7.1527
1624019290926000,0,24.75000000,7.1553
1624019290926000,0,176.57292173,7.1562
1624019290926000,0,25.75000000,7.1578
1624019290926000,0,10.60765583,7.1588
1624019290926000,0,176.50856056,7.1589
1624019290926000,0,231.76123871,7.1641
1624019290926000,0,25.40373905,7.1641
1624019290926000,0,26.51846698,7.1641
1624019290926000,0,68.91910290,7.1672
1624019290926000,0,46.09255811,7.1672
1624019567886000,1,24.00000000,7.1722
1624019567886000,1,24.00000000,7.1722
1624019567886000,1,24.25000000,7.1719
1624019567886000,1,255.42600000,7.1686
1624019567886000,1,98.62598000,7.1686
1624019567886000,1,25.00000000,7.1686
1624019567886000,1,175.95501567,7.1683
1624019568055000,0,59.74210753,7.1680
1624019568099000,0,25.00000000,7.1680
1624019568118000,0,286.92268450,7.1680
1624019878522000,1,25.00000000,7.1646
1624019879531000,1,75.00000000,7.1646
1624020251407000,1,25.00000000,7.1000
1624020251780000,1,22.39928102,7.1000
1624020252519000,1,25.00000000,7.1000
1624020253728000,1,25.00000000,7.1000
1624020254606000,1,2.60071898,7.1000
1624020313030000,1,5.11762750,7.0947
1624020315779000,0,50.00000000,7.1000
1624020384123000,0,5.00000000,7.1196
1624020754544000,1,25.75000000,7.1154
1624020754544000,1,33.78992442,7.1148
1624020813931000,1,25.00000000,7.1300
1624020815362000,1,25.00000000,7.1300
1624020816454000,1,25.00000000,7.1300
1624020867898000,0,24.50000000,7.1234
1624020867898000,0,177.37142172,7.1245
1624020867898000,0,25.75000000,7.1253
1624020867898000,0,179.44344000,7.1273
1624020867898000,0,24.75000000,7.1273
1624020867898000,0,7.43001964,7.1277
1624020867898000,0,177.37947334,7.1277
1624020867898000,0,255.42600000,7.1312
1624020867898000,0,56.86433061,7.1312
1624021639679000,1,221.39402362,7.1950
1624021784584000,0,7.21302388,7.1669
1624021784584000,0,84.44272524,7.1669
1624021859882000,1,25.00000000,7.1489
1624021859882000,1,24.25000000,7.1461
1624021859882000,1,176.48816092,7.1453
1624021859882000,1,25.50000000,7.1428
1624021859882000,1,25.25000000,7.1428
1624021859882000,1,255.42600000,7.1425
1624021859996000,0,25.00000000,7.1400
1624021860006000,0,447.00052439,7.1400
1624021889829000,0,25.00000000,7.1565
1624021889829000,0,24.50000000,7.1572
1624021889829000,0,24.75000000,7.1591
1624021889905000,1,25.00000000,7.1600
1624021889948000,1,421.76720255,7.1600
1624021890085000,1,24.58614940,7.1600
1624021988965000,1,25.75000000,7.1206
1624021988999000,0,3.72504937,7.1206
1624022109129000,1,24.50000000,7.1185
1624022229234000,1,24.50000000,7.1476
1624022349517000,1,24.50000000,7.1232
1624022589645000,1,29.54443660,7.0924
1624022651664000,1,39.10839924,7.0924
1624022652208000,1,50.00000000,7.0888
1624022812412000,1,25.00000000,7.0850
1624022813457000,1,5.00910397,7.0850
1624022830026000,1,25.50000000,7.0819
1624023026223000,0,25.00000000,7.0988
1624023070503000,1,29.73051075,7.1006
1624023190529000,1,25.75000000,7.1086
1624023310670000,1,24.00000000,7.1051
1624025712064000,1,3.00000000,7.0000
1624025712064000,1,22.00000000,7.0000
1624025712841000,1,3.82821428,7.0000
1624025712841000,1,112.71697289,7.0000
1624025712841000,1,25.00000000,7.0000
1624025712841000,1,62.28302711,7.0000
1624025712841000,1,150.00000000,7.0000
1624025712841000,1,24.37877254,7.0000
1624025712841000,1,8.29612751,7.0000
1624025712841000,1,500.00000000,7.0000
1624025715218000,0,4.28571429,6.9978
1624025716677000,1,24.50000000,6.9886
1624025717439000,1,26.25000000,6.9846
1624026632086000,0,24.00000000,7.0166
1624026632086000,0,24.75000000,7.0199
1624026632086000,0,11.60791319,7.0201
1624026888263000,0,25.25000000,7.0095
1624026888263000,0,24.25000000,7.0112
1624026888263000,0,5.08804795,7.0113
1624026888263000,0,108.34584121,7.0121
1624026888263000,0,25.50000000,7.0131
1624026888263000,0,108.37168006,7.0146
1624026888263000,0,5.08893408,7.0152
1624026888263000,0,24.75000000,7.0163
1624026888263000,0,33.07231169,7.0172
1624026888263000,0,11.00000000,7.0236
1624026888263000,0,140.69641403,7.0236
1624027295883000,1,25.50000000,6.9930
1624027721803000,1,16.65632763,7.0070
1624028813144000,0,5.97581408,7.0678
1624028977469000,1,25.00000000,7.0293
1624029722456000,1,25.75000000,6.9724
1624029722456000,1,24.00000000,6.9698
1624029722456000,1,205.95661451,6.9689
1624029732934000,1,25.00000000,6.9723
1624029732934000,1,230.70661451,6.9688
1624031123025000,1,5.55824266,6.9711
1624031260193000,1,25.00000000,6.9711
1624031260799000,1,25.50000000,6.9693
1624031261371000,1,20.95250732,6.9672
1624031369451000,0,25.50000000,6.9581
1624031369451000,0,25.50000000,6.9597
1624031376438000,0,23.99999272,6.9479
1624031954517000,1,15.00000000,6.9000
1624032611339000,1,25.00000000,6.9007
1624032612414000,1,25.00000000,6.9007
1624032613076000,1,312.06715262,6.9007
1624032884582000,0,4.99589894,6.9211
1624033421533000,0,36.34364049,6.9634
1624033421533000,0,24.25000000,6.9655
1624033421533000,0,36.32797881,6.9670
1624033421533000,0,12.18780743,6.9672
1624033656413000,0,14.13816069,6.9890
1624034051024000,1,30.49942344,7.0070
1624034051287000,1,29.52452200,7.0070
1624034051425000,1,29.52698400,7.0070
1624034051586000,1,28.97641100,7.0070
1624034061616000,1,25.00000000,7.0105
1624034061616000,1,4.50058400,7.0102
1624036627851000,0,3.50000000,6.9278
1624038342989000,0,4.97629853,6.9486
1624038875512000,0,25.00000000,6.9023
1624038875512000,0,18.31633781,6.9048
1624038875512000,0,6.68366219,6.9050
1624039890593000,0,18.36056096,6.8890
1624039890593000,0,18.35408605,6.8913
1624039890593000,0,198.59613254,6.8978
1624039890593000,0,181.27692000,6.8978
1624039890593000,0,7.93866845,6.8978
1624039890593000,0,17.02330147,6.8979
1624039890593000,0,17.02285565,6.8979
1624039890593000,0,30.59127587,6.8979
1624039890675000,1,30.19953810,6.8991
1624040197782000,1,24.25000000,6.8665
1624040205258000,1,25.00000000,6.8606
1624040205258000,1,52.40504933,6.8600
1624040218224000,0,24.24990000,6.8727
1624040220726000,0,0.00009818,6.8727
1624040401575000,1,25.00000000,6.8600
1624040405571000,1,22.59495067,6.8600
1624040523745000,0,3.79008746,6.8587
1624040989618000,1,30.00000000,6.7634
1624040989618000,1,24.00000000,6.7631
1624041002504000,1,25.25000000,6.7625
1624041002504000,1,23.01229073,6.7598
1624041024215000,1,25.00000000,6.7648
1624041024215000,1,24.00000000,6.7631
1624041163960000,1,25.25000000,6.7613
1624041163960000,1,25.00000000,6.7587
1624041163960000,1,24.50000000,6.7587
1624041163960000,1,24.75000000,6.7587
1624041253053000,1,25.00000000,6.7632
1624041345488000,1,25.00000000,6.7444
1624041511598000,1,15.15000000,6.7573
1624041545883000,1,25.50000000,6.7572
1624041546034000,1,25.00000000,6.7572
1624041547201000,1,25.00000000,6.7572
1624041548191000,1,454.90608536,6.7572
1624041572296000,1,24.00000000,6.7308
1624041572818000,1,188.23774145,6.7300
1624041643067000,0,7.93902298,6.7237
1624041643067000,0,26.00000000,6.7237
1624041643067000,0,36.70502413,6.7240
1624041659020000,0,3.27185712,6.7170
1624041721158000,0,25.00000000,6.7341
1624041721158000,0,24.75000000,6.7353
1624041721158000,0,12.58662840,6.7374
1624041722079000,0,24.00000000,6.7357
1624041722079000,0,17.27408946,6.7374
1624041954433000,1,24.00000000,6.7304
1624041954433000,1,36.35791319,6.7294
1624042295294000,1,24.50000000,6.7277
1624042295294000,1,15.50000000,6.7260
1624042568426000,1,25.25000000,6.6911
1624042573084000,1,14.26079426,6.6896
1624042574375000,1,9.93597300,6.6944
1624042785140000,1,25.00000000,6.7277
1624042786555000,1,25.00000000,6.7277
1624042788282000,1,25.00000000,6.7277
1624042789301000,1,15.26544955,6.7277
1624043591393000,0,25.50000000,6.7338
1624043592343000,0,25.00000000,6.7355
1624043875389000,0,24.25000000,6.7971
1624043933624000,0,16.03026305,6.8035
1624043990448000,0,15.53611052,6.7959
1624044385046000,1,24.25000000,6.7807
1624044385046000,1,25.00000000,6.7782
1624044385046000,1,93.11314563,6.7773
1624044711492000,1,3.69531108,6.8005
1624046396750000,0,25.00000000,6.7899
1624046465672000,1,25.00000000,6.8018
1624047679454000,0,3.27185712,6.8881
1624047912241000,0,7.59130435,6.8987
1624047970263000,0,25.00000000,6.9019
1624047974610000,0,11.70846338,6.9019
1624048164118000,0,14.49294266,6.8999
1624052874887000,0,24.99999271,6.9352
1624052977324000,0,3.02399985,6.9522
1624054198961000,1,25.75000000,6.9578
1624054198961000,1,24.50000000,6.9555
1624054198961000,1,24.50000000,6.9555
1624054198961000,1,109.84464857,6.9544
1624055745584000,0,20.00000000,6.9498
1624056959030000,0,25.00000000,6.9877
1624056960071000,0,20.95250731,6.9949
1624057156577000,0,20.00000000,7.0250
1624058512577000,0,24.50000000,6.9505
1624059019027000,1,25.00000000,6.9877
1624059281560000,0,3.79008746,7.0267
