timestamp ms,type,amount,price
1624320092436000,1,25.49999999,5.5168
1624320092451000,1,0.00000001,5.5168
1624320115216000,0,25.00000000,5.4932
1624320115633000,0,25.00000000,5.4920
1624320119783000,0,25.00000000,5.4844
1624320120730000,0,3.64347479,5.4870
1624320125672000,1,25.00000000,5.4737
1624320185994000,1,183.57390584,5.4435
1624320304262000,1,25.75000000,5.4451
1624320304789000,1,23.50000000,5.4437
1624320349557000,0,27.25000000,5.4708
1624320822727000,0,0.50000000,5.3997
1624321059796000,1,467.05092708,5.3331
1624321059796000,1,25.00000000,5.3331
1624321064230000,0,3.75202508,5.3281
1624321071627000,1,25.50000000,5.3208
1624321188118000,1,12.00000000,5.3222
1624321188118000,1,234.06808723,5.3222
1624321388958000,1,9.00000000,5.3000
1624321388958000,1,16.00000000,5.3000
1624321389946000,1,25.00000000,5.3000
1624321390985000,1,25.00000000,5.3000
1624321418072000,1,25.00000000,5.3000
1624321419078000,1,135.00000000,5.3000
1624322103477000,0,3.75202508,5.4659
1624322513789000,0,231.80385610,5.4427
1624322513789000,0,12.17926440,5.4451
1624322513805000,0,0.07361466,5.4451
1624322513805000,0,47.20053381,5.4455
1624322561531000,0,24.75000000,5.4148
1624323496316000,0,24.99999818,5.4766
1624323496316000,0,0.00000182,5.4766
1624323547507000,0,25.00000000,5.4757
1624323548321000,0,0.74999590,5.4757
1624323951555000,0,24.00000000,5.5342
1624324357199000,0,3.64347479,5.6282
1624324523516000,0,26.00000000,5.6662
1624324536865000,0,25.00000000,5.6876
1624324537438000,0,25.00000000,5.6876
1624324555388000,0,2.20499506,5.6876
1624324595806000,0,24.25000000,5.6990
1624324755891000,1,9.90044598,5.6020
1624327304930000,1,25.00000000,5.6654
1624327306195000,1,25.00000000,5.6654
1624327307804000,1,25.00000000,5.6654
1624327327105000,1,24.50000000,5.6546
1624327327105000,1,23.75000000,5.6539
1624327441931000,1,24.75000000,5.6552
1624330106543000,1,85.74056227,5.6826
1624330106558000,1,62.50000000,5.6826
1624330691386000,0,3.57659289,5.7335
1624331867761000,0,62.50000000,5.7210
1624331882097000,0,62.50000000,5.7210
1624331885131000,0,46.73257536,5.7210
1624332158684000,1,62.50000000,5.7510
1624332159738000,1,62.50000000,5.7510
1624332161076000,1,62.50000000,5.7510
1624332181871000,1,246.87147468,5.7510
1624333143868000,0,3.70798887,5.8304
1624336650240000,0,24.95448364,5.8053
1624336650240000,0,25.27808139,5.8075
1624336650240000,0,217.19754529,5.8083
1624336650240000,0,24.42999504,5.8098
1624336650240000,0,25.28310952,5.8098
1624336650240000,0,27.18692569,5.8104
1624340648830000,1,24.57343868,5.6551
1624342744820000,0,127.83900000,5.7526
1624342745046000,0,46.13477253,5.7526
1624348995652000,1,25.92095776,5.6436
1624348995652000,1,24.65580798,5.6411
1624348995652000,1,223.28866119,5.6407
1624348995811000,0,163.07639628,5.6400
1624349380601000,1,25.33650213,5.5715
1624349382954000,0,3.59150531,5.5693
1624349562573000,1,24.56451780,5.5619
1624349592266000,1,25.51463857,5.5366
1624350418947000,1,25.79993545,5.4513
1624350418947000,1,26.13599193,5.4499
1624350418947000,1,186.15350696,5.4486
1624350419312000,1,44.88397628,5.4486
1624350419312000,1,8.64745384,5.4457
1624350557612000,0,3.67443851,5.4416
1624350650493000,1,24.31674734,5.4623
1624350650493000,1,25.82873825,5.4620
1624350650493000,1,255.42600000,5.4596
1624350650493000,1,25.11881235,5.4596
1624350650493000,1,129.33542000,5.4596
1624350650493000,1,24.11391648,5.4596
1624350650493000,1,183.12821068,5.4561
1624350650493000,1,7.88549100,5.4540
1624351012379000,1,43.36200847,5.4125
1624351015227000,1,62.50000000,5.4081
1624351018394000,1,62.50000000,5.4081
1624351019221000,1,59.85150434,5.4081
1624351297807000,0,62.50000000,5.4386
1624351298819000,0,120.50525459,5.4386
1624351549960000,1,25.64982153,5.4421
1624351549991000,1,0.00000001,5.4421
1624352567585000,1,62.50000000,5.4002
1624352567780000,1,122.47742386,5.4002
1624352826988000,0,62.50000000,5.3588
1624352870091000,0,24.83862738,5.3554
1624352948292000,1,116.04487888,5.3954
1624353544855000,1,13.03968889,5.3502
1624354529000000,1,55.86285267,5.3152
1624354544035000,0,3.76470323,5.3140
1624354959349000,1,24.71097884,5.3019
1624355895884000,1,24.89843864,5.2955
1624355895884000,1,24.41183211,5.2942
1624355925038000,0,6.51184315,5.3154
1624355953070000,1,11.63993004,5.3057
1624356015838000,0,25.36746691,5.3390
1624356015838000,0,12.08708775,5.3414
1624356471773000,1,25.51727326,5.2739
1624356578486000,1,24.07361571,5.2762
1624356757900000,0,62.50000000,5.2746
1624356936095000,1,10.00000000,5.2766
1624357304930000,1,62.50000000,5.2127
1624357305664000,1,1182.35288071,5.2127
1624357317023000,1,24.72577330,5.2038
1624357340611000,1,24.39638564,5.2012
1624357345710000,0,3.84721130,5.1981
1624357389657000,1,24.70266716,5.1719
1624357893546000,0,25.74831230,5.3057
1624357938670000,0,3.84721130,5.3302
1624357979312000,0,25.52214519,5.3285
1624358910395000,0,62.50000000,5.3139
1624359832117000,1,62.50000000,5.2531
1624359833932000,1,930.65848552,5.2531
1624360299614000,1,10.00000000,5.2546
1624361240760000,0,25.00420944,5.1809
1624361240760000,0,24.65187664,5.1822
1624361240760000,0,27.53047933,5.1835
1624361245600000,0,3.86032603,5.1793
1624361257585000,1,62.50000000,5.1589
1624361265154000,1,49.27507436,5.1589
1624361487353000,1,24.14469445,5.1416
1624361487353000,1,23.06740789,5.1404
1624361487353000,1,245.05085625,5.1400
1624361487353000,1,79.27399340,5.1390
1624361541552000,1,24.53926412,5.1410
1624361541552000,1,24.78504140,5.1398
1624362568501000,1,24.10325512,5.2228
1624362568501000,1,25.88731297,5.2228
1624362568501000,1,241.14867179,5.2207
1624362568501000,1,255.42600000,5.2199
1624362568501000,1,179.63500000,5.2184
1624362568501000,1,241.25173212,5.2184
1624362568501000,1,12.00000000,5.2150
1624362568501000,1,190.54802800,5.2150
1624362585715000,1,24.95028772,5.2261
1624362585715000,1,25.26556784,5.2247
1624362585715000,1,5.64699711,5.2243
1624363290744000,1,64.81568627,5.1000
1624363290744000,1,9.63821375,5.1000
1624363290917000,1,244.74217840,5.1000
1624363341129000,1,20.00000000,5.0500
1624363456703000,1,25.13787724,5.0613
1624363495572000,0,3.95349848,5.0526
1624363584019000,0,5.87165758,5.0297
1624363598831000,1,62.50000000,5.0049
1624363643507000,1,6.56518683,5.0001
1624363659971000,1,10.00000000,5.0000
1624363659971000,1,5.00000000,5.0000
1624363659971000,1,47.50000000,5.0000
1624363772356000,0,19.88779307,5.0282
1624363898302000,1,24.52441365,5.0025
1624363898302000,1,25.52195327,5.0009
1624363898302000,1,2.50000000,5.0000
1624363898302000,1,4.00000000,5.0000
1624363898302000,1,25.26240956,4.9997
1624363898302000,1,25.71506522,4.9987
1624363898302000,1,197.91731124,4.9978
1624363898831000,1,62.50000000,5.0012
1624363898831000,1,25.95286508,5.0003
1624363898831000,1,24.33297457,4.9986
1624363898831000,1,75.30889964,4.9978
1624363904788000,1,116.90582538,4.9999
1624363905755000,1,45.52391391,5.0005
1624363909379000,1,37.76391391,5.0022
1624364007834000,1,251.90383462,5.0030
1624364008330000,1,88.96776792,5.0030
1624364037518000,1,60.74803623,4.9913
1624364101188000,1,150.00000000,4.9712
1624364458210000,1,5.48534316,5.0195
1624364515410000,0,9.81179288,5.0128
1624364546536000,0,25.46455107,5.0170
1624364546536000,0,4.43272753,5.0184
1624364609497000,1,62.50000000,5.0000
1624364610624000,1,137.50000000,5.0000
1624364686331000,1,62.50000000,4.9515
1624364687529000,1,62.50000000,4.9515
1624364687846000,1,76.73462736,4.9515
1624364689693000,0,4.04122412,4.9514
1624364728621000,1,24.27736607,4.9198
1624364764226000,1,83.46413934,4.8800
1624364778073000,0,8.29506929,4.8923
1624364823934000,0,62.50000000,4.8880
1624364825190000,0,62.50000000,4.8913
1624364833214000,0,62.50000000,4.8763
1624364870791000,1,24.52341371,4.8335
1624364870791000,1,24.38408410,4.8321
1624364870791000,1,146.22272000,4.8311
1624364870791000,1,26.04324564,4.8309
1624364870791000,1,232.26312824,4.8297
1624364896079000,0,26.63854532,4.8527
1624364951938000,1,257.85958268,4.8888
1624364951938000,1,257.85958268,4.8864
1624364952051000,0,429.66216805,4.8827
1624364952060000,0,257.85958268,4.8827
1624364952061000,0,515.71915834,4.8827
1624364952100000,0,127.83900000,4.8827
1624364952118000,0,893.05323164,4.8827
1624365007730000,1,144.89349000,4.8758
1624365007730000,1,7.43828550,4.8757
1624365166599000,0,24.05598782,5.0326
1624365239960000,0,30.86447203,5.0069
1624365240175000,0,12.11169000,5.0069
1624365274863000,1,62.50000000,4.9842
1624365528846000,1,60.00000000,4.8916
1624365708047000,1,20.00000000,4.8000
1624365708610000,1,24.48300302,4.7991
1624365838823000,1,24.40526092,4.8028
1624365838823000,1,118.01702100,4.8004
1624365848981000,1,25.64698339,4.7889
1624365848981000,1,25.29476100,4.7877
1624365849993000,1,5.31397899,4.7824
1624365849993000,1,30.08432761,4.7813
1624365856074000,1,261.87800174,4.7863
1624365859054000,1,24.64922686,4.7862
1624365859054000,1,25.43211224,4.7861
1624365859054000,1,200.03566090,4.7838
1624365860152000,1,62.50000000,4.7886
1624365860152000,1,25.64697407,4.7863
1624365860152000,1,63.43989958,4.7838
1624365863548000,1,14.28389949,4.7909
1624365897089000,1,262.33702944,4.8035
1624365897089000,1,71.66932645,4.8003
1624365936048000,1,62.50000000,4.8365
1624365944665000,1,62.50000000,4.8365
1624365946404000,1,81.55881042,4.8365
1624365946980000,1,24.90172088,4.8320
1624365947449000,1,24.99549100,4.8298
1624365947482000,1,0.00000001,4.8298
1624365949059000,0,4.14301154,4.8292
1624365992026000,1,25.73520194,4.7929
1624365992026000,1,25.90496837,4.7917
1624365992026000,1,263.08013691,4.7905
1624365992026000,1,24.47249137,4.7905
1624365998191000,1,30.62160254,4.7905
1624365998191000,1,263.51930432,4.7835
1624365998191000,1,263.66085267,4.7807
1624366002602000,1,281.27531496,4.7807
1624366220904000,0,25.36696624,4.8785
1624366220904000,0,24.84582534,4.8797
1624366220904000,0,208.79688228,4.8809
1624366291371000,1,260.88670142,4.8302
1624366291371000,1,0.72419302,4.8280
1624366335950000,0,23.47433959,4.8223
1624366424624000,0,24.47743864,4.8690
1624366424624000,0,26.67105924,4.8714
1624366433064000,0,25.30710453,4.8658
1624366433064000,0,24.58833783,4.8661
1624366433064000,0,24.06558405,4.8672
1624366433064000,0,259.62229904,4.8683
1624366433064000,0,24.69932065,4.8684
1624366491433000,1,24.61211518,4.8869
1624366539965000,0,30.80714798,4.8872
1624366542482000,0,25.56247832,4.8851
1624366542482000,0,2.92753758,4.8865
1624366546026000,0,24.50458646,4.8823
1624366564649000,0,20.58184887,4.8586
1624366629066000,0,24.94744634,4.9183
1624366629066000,0,256.90002628,4.9192
1624366643957000,0,25.30523938,4.9188
1624366643958000,0,231.55915550,4.9188
1624366643958000,0,23.84008667,4.9222
1624366645096000,0,25.44311804,4.9145
1624366681929000,0,4.14301154,4.9501
1624366746282000,1,80.00000000,4.9765
1624366869740000,0,200.00000000,4.9546
1624367246320000,1,25.16298310,4.9855
1624367246839000,1,24.79771497,4.9851
1624367388856000,1,24.67329009,4.9563
1624367388931000,1,25.25234304,4.9555
1624367388931000,1,25.29653322,4.9543
1624367388931000,1,9.45112374,4.9439
1624367490220000,1,24.10244395,4.8879
1624367490220000,1,24.93521754,4.8869
1624367490220000,1,214.55627790,4.8854
1624367664293000,1,24.28848886,4.9006
1624367680768000,1,25.03937403,4.8871
1624368034800000,1,6.04994532,4.8597
1624368172718000,1,62.50000000,4.8600
1624368174335000,1,62.50000000,4.8600
1624368177512000,1,62.50000000,4.8600
1624368178704000,1,17.98225043,4.8600
1624368911519000,1,24.42546619,4.8639
1624368911519000,1,145.15206000,4.8614
1624368911519000,1,24.08238710,4.8608
1624368911519000,1,60.72047886,4.8605
1624368979022000,1,24.39987809,4.8946
1624368979042000,1,0.00000001,4.8946
1624368987136000,1,25.52941168,4.9013
1624368987136000,1,23.83315346,4.9013
1624368987146000,1,1.74637304,4.9013
1624368987146000,1,23.78303865,4.9001
1624369016847000,1,62.50000000,4.8908
1624369189488000,0,5.15933044,4.8456
1624369193535000,0,4.12952809,4.8419
1624369243537000,0,25.45919221,4.8574
1624369243537000,0,12.35286419,4.8590
1624369243542000,0,13.04092296,4.8590
1624369243542000,0,44.89858673,4.8598
1624369243870000,1,25.94957436,4.8622
1624369416633000,0,25.50229682,4.7946
1624369418490000,0,25.25263142,4.7965
1624369419032000,0,25.36871689,4.7989
1624369419032000,0,25.99387392,4.7989
1624369448690000,1,22.95890962,4.8142
1624369450466000,1,0.00000001,4.8142
1624369555910000,0,10.00000000,4.8216
1624369658918000,0,62.50000000,4.7746
1624370038381000,1,25.17091054,4.6993
1624370038381000,1,24.48895408,4.6982
1624370038381000,1,267.87911952,4.6970
1624370038381000,1,142.27680870,4.6947
1624370069097000,1,24.99046867,4.7159
1624370069232000,1,0.00000001,4.7159
1624370080888000,0,4.24312851,4.7056
1624370138473000,0,127.83900000,4.6775
1624370138562000,0,10.32147193,4.6775
1624370429060000,0,24.32530935,4.7965
1624370466410000,1,256.65931367,4.7939
1624370466410000,1,5.63887266,4.7939
1624370466410000,1,241.95337232,4.7894
1624370466412000,1,13.47262768,4.7894
1624370466412000,1,243.18668599,4.7894
1624370467115000,1,23.13170744,4.7949
1624370467452000,1,62.50000000,4.7873
1624370467847000,1,127.71300000,4.7827
1624370467922000,1,128.94630605,4.7827
1624370498215000,0,8.72755041,4.8304
1624370618466000,0,25.07928110,4.7901
1624370618466000,0,25.86696024,4.7901
1624370618466000,0,255.42600000,4.7925
1624370618466000,0,263.32033790,4.7925
1624370618466000,0,25.41698493,4.7930
1624370618466000,0,24.64973883,4.7930
1624370618691000,1,311.17510523,4.7930
1624370623720000,1,185.09223610,4.7753
1624370815780000,1,25.81272643,4.7252
1624370885977000,0,62.50000000,4.7432
1624370887965000,0,62.50000000,4.7432
1624370889197000,0,62.50000000,4.7432
1624370889489000,0,186.32965066,4.7432
1624370889489000,0,258.51720153,4.7432
1624370889692000,0,250.92912749,4.7432
1624370944088000,0,24.04531111,4.7857
1624370976988000,0,16.64729085,4.7522
1624370977408000,0,8.47673478,4.7522
1624371177997000,0,62.50000000,4.7873
1624371179370000,0,50.41708319,4.7873
1624371348869000,0,1089.61389281,4.8300
1624371350762000,0,4.24312851,4.8333
1624371452535000,1,62.50000000,4.7911
1624371453715000,1,62.50000000,4.7911
1624371495249000,0,24.14216011,4.7869
1624371495929000,0,25.72268418,4.7890
1624371696126000,0,24.22175891,4.7856
1624372159669000,1,60.22102276,4.8819
1624372287879000,1,25.85076182,4.9201
1624372287879000,1,66.60186776,4.9197
1624372454998000,1,29.06942793,4.9427
1624372455904000,0,33.43057000,4.9427
1624372488413000,1,24.60134760,4.9332
1624372518355000,0,62.50000000,4.9332
1624372577980000,0,25.77594036,4.9361
1624372578071000,1,47.21700000,4.9366
1624372578073000,1,62.50000000,4.9366
1624372578086000,1,930.66757805,4.9366
1624372581280000,0,25.05454085,4.9269
1624372584575000,0,41.76303842,4.9295
1624372601362000,0,62.50000000,4.9366
1624372674349000,1,62.50000000,4.9481
1624372675022000,1,29.30488796,4.9481
1624372675589000,1,62.50000000,4.9481
1624372675869000,1,1158.22299081,4.9481
1624372695741000,1,62.50000000,4.9584
1624372699329000,1,24.91343908,4.9626
1624372699329000,1,95.87927042,4.9602
1624372703157000,0,4.12952809,4.9658
1624372729189000,1,52.00000000,4.9584
1624372785915000,0,20.06018054,4.9850
1624373020470000,0,62.50000000,5.0228
1624373022483000,0,62.50000000,5.0228
1624373095529000,1,140.27085000,5.0306
1624373095529000,1,198.52769137,5.0302
1624373440311000,0,48.72582000,5.0500
1624373441671000,0,13.77418000,5.0500
1624373441671000,0,125.97216000,5.0500
1624373442120000,0,11.52784000,5.0500
1624373442120000,0,727.36197704,5.0500
1624373502659000,0,4.04122412,5.0743
1624373727792000,1,195.74602917,5.0955
1624373890694000,0,245.63797161,5.1391
1624373890694000,0,25.21141430,5.1391
1624373890694000,0,24.87923729,5.1405
1624373890694000,0,245.49029008,5.1417
1624373890694000,0,196.76907393,5.1432
1624373890694000,0,24.72933474,5.1432
1624373890694000,0,283.08331931,5.1442
1624373951111000,1,25.49160495,5.1712
1624373955199000,0,24.91070193,5.1688
1624373955199000,0,244.11896405,5.1698
1624373955199000,0,24.29251205,5.1699
1624373955199000,0,25.28300335,5.1717
1624373955199000,0,24.55036863,5.1730
1624373955199000,0,43.65014019,5.1739
1624373964886000,1,25.58158860,5.1534
1624373995237000,1,25.74976520,5.1256
1624373995237000,1,24.05997675,5.1255
1624373995774000,1,24.78559286,5.1267
1624373995774000,1,25.36650952,5.1242
1624374114091000,1,12.00000000,5.0556
1624374114091000,1,197.86961281,5.0518
1624374114091000,1,176.93607739,5.0518
1624374553624000,0,80.00000000,5.1300
1624374625902000,0,3.95349848,5.1869
1624374895266000,1,194.62221402,5.1294
1624374895640000,1,333.15084000,5.1167
1624374895640000,1,195.06420467,5.1167
1624374895640000,1,245.85192642,5.1151
1624374895640000,1,255.42600000,5.1134
1624374895640000,1,16.30767017,5.1134
1624374939242000,0,246.70986724,5.1158
1624374939242000,0,23.99988979,5.1167
1624374939242000,0,411.53130813,5.1174
1624374939242000,0,26.23472445,5.1187
1624374939242000,0,336.65768326,5.1225
1624374990139000,1,25.51163196,5.1185
1624375046125000,0,24.11316440,5.1313
1624375076896000,1,25.78708881,5.1435
1624375109104000,1,25.55112660,5.1520
1624375150759000,0,24.23775620,5.1729
1624375150962000,0,0.00000001,5.1729
1624375151473000,0,25.29649675,5.1742
1624375227687000,0,24.05163849,5.1747
1624375241292000,0,0.00000001,5.1747
1624375480434000,1,24.17389282,5.2005
1624375481369000,1,25.07268010,5.1979
1624375519135000,0,24.30718677,5.2058
1624375525722000,1,25.01485995,5.2036
1624375578921000,0,24.10973895,5.2492
1624375578921000,0,23.93114372,5.2549
1624375578921000,0,5.12487069,5.2600
1624375873325000,0,3.86032603,5.3121
1624375894657000,0,25.56697789,5.3219
1624375894657000,0,24.30150156,5.3230
1624375894673000,0,0.00000001,5.3230
1624375951692000,1,25.52606928,5.2894
1624376041122000,0,24.08401596,5.3232
1624376070490000,0,24.27723217,5.3451
1624376175259000,0,24.03016659,5.3129
1624376175259000,0,6.08980597,5.3142
1624376184633000,0,19.32997256,5.3042
1624376194135000,0,14.81997256,5.3071
1624376217938000,0,251.44395693,5.2985
1624376217938000,0,226.06786141,5.2985
1624376217938000,0,25.37609552,5.3022
1624376221005000,0,62.50000000,5.3238
1624376294518000,1,24.92980815,5.2895
1624376325340000,0,62.50000000,5.2702
1624376325407000,1,24.80626387,5.2619
1624376325407000,1,28.35948949,5.2592
1624376561721000,0,76.20934707,5.2487
1624376620388000,0,22.66295916,5.2572
1624376665899000,0,24.87599159,5.2591
1624376744417000,0,25.71437520,5.2598
1624376745098000,0,24.22806298,5.2626
1624376971838000,1,6.00681962,5.2716
1624377145620000,0,22.79582213,5.2844
1624377218881000,1,62.50000000,5.3003
1624377324531000,1,24.75393813,5.2821
1624377372656000,0,24.86131478,5.2747
1624377372656000,0,25.07811522,5.2758
1624377382013000,1,24.77421674,5.2595
1624377382013000,1,25.44975000,5.2582
1624377502803000,1,24.34082026,5.2736
1624377587185000,0,9.70892139,5.2900
1624377687281000,0,25.10471879,5.3438
1624377698903000,1,25.37701722,5.3608
1624377698903000,1,23.97402852,5.3594
1624377727010000,1,0.00000001,5.3594
1624377869481000,0,24.19790000,5.3702
1624378012185000,0,3.76470323,5.4470
1624378189903000,1,24.28391112,5.4214
1624378190483000,1,24.27353177,5.4181
1624378252376000,0,25.37225435,5.4188
1624378252705000,0,0.00000001,5.4188
1624378252705000,0,24.37111170,5.4211
1624378345012000,1,25.93297370,5.3743
1624378345012000,1,24.21779131,5.3743
1624378345049000,1,0.48650420,5.3743
1624378345049000,1,25.44646951,5.3729
1624378350020000,0,24.66715072,5.3734
1624378578442000,1,462.00063734,5.3886
1624378706588000,1,184.40621122,5.4100
1624378847852000,1,6.50000000,5.4780
1624379049146000,0,24.23051785,5.4572
1624379145872000,1,183.41163856,5.4385
1624379421909000,0,7.24464466,5.4193
1624379777710000,0,24.76613892,5.4040
1624379955132000,0,9.34930693,5.3480
1624380008914000,0,62.50000000,5.3898
1624380014859000,0,25.51646971,5.4018
1624380066389000,0,25.13388856,5.3705
1624380160259000,0,24.21156412,5.3787
1624380550541000,1,24.53356702,5.3812
1624380551094000,1,24.29137260,5.3811
1624380551607000,1,25.29755582,5.3785
1624381513103000,1,62.50000000,5.4032
1624381513571000,1,950.92638507,5.4032
1624382017588000,1,24.42792508,5.3835
1624382153980000,1,24.37391506,5.4221
1624382154515000,1,25.78157891,5.4207
1624382456280000,0,24.63606966,5.3654
1624382976148000,0,24.73940000,5.4361
1624382976307000,0,0.00006443,5.4361
1624383083085000,0,24.07030000,5.4602
1624383083677000,0,0.00004994,5.4602
1624383083677000,0,23.70265006,5.4617
1624383083693000,0,0.00013727,5.4617
1624383140044000,1,23.70264473,5.4588
1624383171669000,1,25.72304771,5.4668
1624383171710000,1,0.00000001,5.4668
1624383348683000,0,24.48964697,5.4834
1624383348683000,0,25.15394498,5.4845
1624383348892000,1,62.50000000,5.4845
1624383348914000,1,975.37562125,5.4845
1624383410095000,0,24.26315329,5.4879
1624383410095000,0,6.31573069,5.4897
1624383445594000,1,24.16721618,5.4827
1624383446021000,1,25.21834236,5.4813
1624383546634000,1,62.50000000,5.4532
1624383547790000,1,120.78305317,5.4532
1624383837501000,1,184.35843785,5.4029
1624383860342000,1,24.09744529,5.3873
1624384434913000,0,62.50000000,5.4700
1624384438922000,0,62.50000000,5.4700
1624384458951000,0,920.13347287,5.4700
1624384465016000,0,24.25563957,5.4873
1624384465694000,0,24.85954971,5.4887
1624384490353000,0,24.74724874,5.5028
1624384490913000,0,25.12621762,5.5033
1624384491461000,0,24.30360825,5.5058
1624385106042000,1,24.06510684,5.4527
1624385109085000,1,38.48400457,5.4410
1624385109267000,1,0.00000001,5.4410
1624385129294000,0,24.05781671,5.4379
1624385144795000,1,25.41075888,5.4279
1624385153882000,0,25.73140443,5.4130
1624385155829000,0,25.68554816,5.4166
1624385502664000,1,306.52258350,5.4839
1624385784952000,0,62.50000000,5.4850
1624385786019000,0,244.02258350,5.4850
1624385954555000,0,24.28221876,5.4760
1624385954555000,0,25.26734523,5.4783
1624385954555000,0,229.55384875,5.4787
1624385954663000,1,24.91950909,5.4800
1624385954675000,1,229.55384875,5.4800
1624385954687000,1,509.64768197,5.4800
1624387028959000,0,62.50000000,5.5235
1624387030899000,0,48.02162000,5.5235
1624387853922000,1,19.54052510,5.4946
1624389054165000,1,25.99830512,5.4111
1624389104747000,1,3.70798887,5.3961
1624389191715000,0,14.42209745,5.4360
1624389191765000,0,9.68332486,5.4360
1624389191874000,0,25.47687555,5.4386
1624389724533000,1,10.00000000,5.4300
1624389751804000,0,23.31838482,5.4138
1624389760385000,1,10.00000000,5.3945
1624390030451000,1,24.24599331,5.3980
1624390046533000,1,24.33449254,5.3907
1624390074201000,0,25.04696965,5.4141
1624390074201000,0,25.90029170,5.4146
1624390091244000,1,25.87627189,5.4176
1624390091244000,1,74.12372811,5.4149
1624390094134000,1,24.47868921,5.4149
1624390094527000,1,24.25494821,5.4122
1624390231427000,1,24.43946532,5.4142
1624390231427000,1,24.57883008,5.4103
1624390231427000,1,25.73962176,5.4103
1624390231427000,1,25.88333820,5.4103
1624390231427000,1,25.81064931,5.4097
1624390231427000,1,56.06689712,5.4094
1624390231427000,1,86.69985970,5.4094
1624391102929000,1,62.50000000,5.4223
1624391103915000,1,62.50000000,5.4223
1624391104023000,1,42.42933445,5.4223
1624391221707000,0,62.50000000,5.4062
1624391223131000,0,62.50000000,5.4062
1624391223587000,0,60.04809552,5.4062
1624391837698000,0,10.93187279,5.3599
1624392416905000,0,1043.22445255,5.3900
1624393664075000,1,62.50000000,5.5074
1624393665280000,1,62.50000000,5.5074
1624393689610000,1,26.23812662,5.5074
1624394018477000,0,25.61184618,5.4573
1624394048491000,1,25.64855454,5.4566
1624394049522000,1,24.15403388,5.4546
1624394049522000,1,24.98224558,5.4546
1624394049522000,1,24.64660965,5.4546
1624394628132000,0,25.93230638,5.5081
1624394628132000,0,19.44865131,5.5100
1624396040149000,1,22.79582213,5.4988
1624396057413000,0,62.50000000,5.5054
1624396431414000,1,25.60991675,5.4564
1624397786573000,1,185.64386220,5.3725
1624397800093000,0,62.50000000,5.3607
1624398457712000,1,234.56420983,5.3483
1624398459425000,1,136.08350143,5.3468
1624400944518000,1,82.15953000,5.3670
1624400944545000,1,62.50000000,5.3670
1624400948265000,1,62.50000000,5.3670
1624400948454000,1,122.51442913,5.3670
1624401013071000,0,62.50000000,5.3751
1624401024456000,1,25.79980135,5.3761
1624401548709000,1,29.72265474,5.3396
1624401552283000,1,29.10960954,5.3396
1624401624786000,1,39.28229352,5.3255
1624402410337000,1,62.50000000,5.3260
1624402410390000,1,94.46191524,5.3260
1624402464958000,1,24.40413079,5.3065
1624404375332000,0,89.90835881,5.2900
