timestamp ms,type,amount,price
1624320092436000,1,25.49999999,5.5168
1624320092451000,1,0.00000001,5.5168
1624320115216000,0,25.00000000,5.4932
1624320115633000,0,25.00000000,5.4920
1624320119783000,0,25.00000000,5.4844
1624320120730000,0,3.64347479,5.4870
1624320125672000,1,25.00000000,5.4737
1624320185994000,1,183.57390584,5.4435
1624320304262000,1,25.75000000,5.4451
1624320304789000,1,23.50000000,5.4437
1624320349557000,0,27.25000000,5.4708
1624320822727000,0,0.50000000,5.3997
1624321059796000,1,467.05092708,5.3331
1624321059796000,1,25.00000000,5.3331
1624321064230000,0,3.75202508,5.3281
1624321071627000,1,25.50000000,5.3208
1624321188118000,1,12.00000000,5.3222
1624321188118000,1,234.06808723,5.3222
1624321388958000,1,9.00000000,5.3000
1624321388958000,1,16.00000000,5.3000
1624321389946000,1,25.00000000,5.3000
1624321390985000,1,25.00000000,5.3000
1624321418072000,1,25.00000000,5.3000
1624321419078000,1,135.00000000,5.3000
1624322103477000,0,3.75202508,5.4659
1624322513789000,0,231.80385610,5.4427
1624322513789000,0,12.17926440,5.4451
1624322513805000,0,0.07361466,5.4451
1624322513805000,0,47.20053381,5.4455
1624322561531000,0,24.75000000,5.4148
1624323496316000,0,24.99999818,5.4766
1624323496316000,0,0.00000182,5.4766
1624323547507000,0,25.00000000,5.4757
1624323548321000,0,0.74999590,5.4757
1624323951555000,0,24.00000000,5.5342
1624324357199000,0,3.64347479,5.6282
1624324523516000,0,26.00000000,5.6662
1624324536865000,0,25.00000000,5.6876
1624324537438000,0,25.00000000,5.6876
1624324555388000,0,2.20499506,5.6876
1624324595806000,0,24.25000000,5.6990
1624324755891000,1,9.90044598,5.6020
1624327304930000,1,25.00000000,5.6654
1624327306195000,1,25.00000000,5.6654
1624327307804000,1,25.00000000,5.6654
1624327327105000,1,24.50000000,5.6546
1624327327105000,1,23.75000000,5.6539
1624327441931000,1,24.75000000,5.6552
1624330106543000,1,85.74056227,5.6826
1624330106558000,1,62.50000000,5.6826
1624330691386000,0,3.57659289,5.7335
1624331867761000,0,62.50000000,5.7210
1624331882097000,0,62.50000000,5.7210
1624331885131000,0,46.73257536,5.7210
1624332158684000,1,62.50000000,5.7510
1624332159738000,1,62.50000000,5.7510
1624332161076000,1,62.50000000,5.7510
1624332181871000,1,246.87147468,5.7510
1624333143868000,0,3.70798887,5.8304
1624336650240000,0,24.95448364,5.8053
1624336650240000,0,25.27808139,5.8075
1624336650240000,0,217.19754529,5.8083
1624336650240000,0,24.42999504,5.8098
1624336650240000,0,25.28310952,5.8098
1624336650240000,0,27.18692569,5.8104
1624340648830000,1,24.57343868,5.6551
1624342744820000,0,127.83900000,5.7526
1624342745046000,0,46.13477253,5.7526
1624348995652000,1,25.92095776,5.6436
1624348995652000,1,24.65580798,5.6411
1624348995652000,1,223.28866119,5.6407
1624348995811000,0,163.07639628,5.6400
1624349380601000,1,25.33650213,5.5715
1624349382954000,0,3.59150531,5.5693
1624349562573000,1,24.56451780,5.5619
1624349592266000,1,25.51463857,5.5366
1624350418947000,1,25.79993545,5.4513
1624350418947000,1,26.13599193,5.4499
1624350418947000,1,186.15350696,5.4486
1624350419312000,1,44.88397628,5.4486
1624350419312000,1,8.64745384,5.4457
1624350557612000,0,3.67443851,5.4416
1624350650493000,1,24.31674734,5.4623
1624350650493000,1,25.82873825,5.4620
1624350650493000,1,255.42600000,5.4596
1624350650493000,1,25.11881235,5.4596
1624350650493000,1,129.33542000,5.4596
1624350650493000,1,24.11391648,5.4596
1624350650493000,1,183.12821068,5.4561
1624350650493000,1,7.88549100,5.4540
1624351012379000,1,43.36200847,5.4125
1624351015227000,1,62.50000000,5.4081
1624351018394000,1,62.50000000,5.4081
1624351019221000,1,59.85150434,5.4081
1624351297807000,0,62.50000000,5.4386
1624351298819000,0,120.50525459,5.4386
1624351549960000,1,25.64982153,5.4421
1624351549991000,1,0.00000001,5.4421
1624352567585000,1,62.50000000,5.4002
1624352567780000,1,122.47742386,5.4002
1624352826988000,0,62.50000000,5.3588
1624352870091000,0,24.83862738,5.3554
1624352948292000,1,116.04487888,5.3954
1624353544855000,1,13.03968889,5.3502
1624354529000000,1,55.86285267,5.3152
1624354544035000,0,3.76470323,5.3140
1624354959349000,1,24.71097884,5.3019
1624355895884000,1,24.89843864,5.2955
1624355895884000,1,24.41183211,5.2942
1624355925038000,0,6.51184315,5.3154
1624355953070000,1,11.63993004,5.3057
1624356015838000,0,25.36746691,5.3390
1624356015838000,0,12.08708775,5.3414
1624356471773000,1,25.51727326,5.2739
1624356578486000,1,24.07361571,5.2762
1624356757900000,0,62.50000000,5.2746
1624356936095000,1,10.00000000,5.2766
1624357304930000,1,62.50000000,5.2127
1624357305664000,1,1182.35288071,5.2127
1624357317023000,1,24.72577330,5.2038
1624357340611000,1,24.39638564,5.2012
1624357345710000,0,3.84721130,5.1981
1624357389657000,1,24.70266716,5.1719
1624357893546000,0,25.74831230,5.3057
1624357938670000,0,3.84721130,5.3302
1624357979312000,0,25.52214519,5.3285
1624358910395000,0,62.50000000,5.3139
1624359832117000,1,62.50000000,5.2531
1624359833932000,1,930.65848552,5.2531
1624360299614000,1,10.00000000,5.2546
1624361240760000,0,25.00420944,5.1809
1624361240760000,0,24.65187664,5.1822
1624361240760000,0,27.53047933,5.1835
1624361245600000,0,3.86032603,5.1793
1624361257585000,1,62.50000000,5.1589
1624361265154000,1,49.27507436,5.1589
1624361487353000,1,24.14469445,5.1416
1624361487353000,1,23.06740789,5.1404
1624361487353000,1,245.05085625,5.1400
1624361487353000,1,79.27399340,5.1390
1624361541552000,1,24.53926412,5.1410
1624361541552000,1,24.78504140,5.1398
1624362568501000,1,24.10325512,5.2228
1624362568501000,1,25.88731297,5.2228
1624362568501000,1,241.14867179,5.2207
1624362568501000,1,255.42600000,5.2199
1624362568501000,1,179.63500000,5.2184
1624362568501000,1,241.25173212,5.2184
1624362568501000,1,12.00000000,5.2150
1624362568501000,1,190.54802800,5.2150
1624362585715000,1,24.95028772,5.2261
1624362585715000,1,25.26556784,5.2247
1624362585715000,1,5.64699711,5.2243
1624363290744000,1,64.81568627,5.1000
1624363290744000,1,9.63821375,5.1000
1624363290917000,1,244.74217840,5.1000
1624363341129000,1,20.00000000,5.0500
1624363456703000,1,25.13787724,5.0613
1624363495572000,0,3.95349848,5.0526
1624363584019000,0,5.87165758,5.0297
1624363598831000,1,62.50000000,5.0049
1624363643507000,1,6.56518683,5.0001
1624363659971000,1,10.00000000,5.0000
1624363659971000,1,5.00000000,5.0000
1624363659971000,1,47.50000000,5.0000
1624363772356000,0,19.88779307,5.0282
1624363898302000,1,24.52441365,5.0025
1624363898302000,1,25.52195327,5.0009
1624363898302000,1,2.50000000,5.0000
1624363898302000,1,4.00000000,5.0000
1624363898302000,1,25.26240956,4.9997
1624363898302000,1,25.71506522,4.9987
1624363898302000,1,197.91731124,4.9978
1624363898831000,1,62.50000000,5.0012
1624363898831000,1,25.95286508,5.0003
1624363898831000,1,24.33297457,4.9986
1624363898831000,1,75.30889964,4.9978
1624363904788000,1,116.90582538,4.9999
1624363905755000,1,45.52391391,5.0005
1624363909379000,1,37.76391391,5.0022
1624364007834000,1,251.90383462,5.0030
1624364008330000,1,88.96776792,5.0030
1624364037518000,1,60.74803623,4.9913
1624364101188000,1,150.00000000,4.9712
1624364458210000,1,5.48534316,5.0195
1624364515410000,0,9.81179288,5.0128
1624364546536000,0,25.46455107,5.0170
1624364546536000,0,4.43272753,5.0184
1624364609497000,1,62.50000000,5.0000
1624364610624000,1,137.50000000,5.0000
1624364686331000,1,62.50000000,4.9515
1624364687529000,1,62.50000000,4.9515
1624364687846000,1,76.73462736,4.9515
1624364689693000,0,4.04122412,4.9514
1624364728621000,1,24.27736607,4.9198
1624364764226000,1,83.46413934,4.8800
1624364778073000,0,8.29506929,4.8923
1624364823934000,0,62.50000000,4.8880
1624364825190000,0,62.50000000,4.8913
1624364833214000,0,62.50000000,4.8763
1624364870791000,1,24.52341371,4.8335
1624364870791000,1,24.38408410,4.8321
1624364870791000,1,146.22272000,4.8311
1624364870791000,1,26.04324564,4.8309
1624364870791000,1,232.26312824,4.8297
1624364896079000,0,26.63854532,4.8527
1624364951938000,1,257.85958268,4.8888
1624364951938000,1,257.85958268,4.8864
1624364952051000,0,429.66216805,4.8827
1624364952060000,0,257.85958268,4.8827
1624364952061000,0,515.71915834,4.8827
1624364952100000,0,127.83900000,4.8827
1624364952118000,0,893.05323164,4.8827
1624365007730000,1,144.89349000,4.8758
1624365007730000,1,7.43828550,4.8757
1624365166599000,0,24.05598782,5.0326
1624365239960000,0,30.86447203,5.0069
1624365240175000,0,12.11169000,5.0069
1624365274863000,1,62.50000000,4.9842
1624365528846000,1,60.00000000,4.8916
1624365708047000,1,20.00000000,4.8000
1624365708610000,1,24.48300302,4.7991
1624365838823000,1,24.40526092,4.8028
1624365838823000,1,118.01702100,4.8004
1624365848981000,1,25.64698339,4.7889
1624365848981000,1,25.29476100,4.7877
1624365849993000,1,5.31397899,4.7824
1624365849993000,1,30.08432761,4.7813
1624365856074000,1,261.87800174,4.7863
1624365859054000,1,24.64922686,4.7862
1624365859054000,1,25.43211224,4.7861
1624365859054000,1,200.03566090,4.7838
1624365860152000,1,62.50000000,4.7886
1624365860152000,1,25.64697407,4.7863
1624365860152000,1,63.43989958,4.7838
1624365863548000,1,14.28389949,4.7909
1624365897089000,1,262.33702944,4.8035
1624365897089000,1,71.66932645,4.8003
1624365936048000,1,62.50000000,4.8365
1624365944665000,1,62.50000000,4.8365
1624365946404000,1,81.55881042,4.8365
1624365946980000,1,24.90172088,4.8320
1624365947449000,1,24.99549100,4.8298
1624365947482000,1,0.00000001,4.8298
1624365949059000,0,4.14301154,4.8292
1624365992026000,1,25.73520194,4.7929
1624365992026000,1,25.90496837,4.7917
1624365992026000,1,263.08013691,4.7905
1624365992026000,1,24.47249137,4.7905
1624365998191000,1,30.62160254,4.7905
1624365998191000,1,263.51930432,4.7835
1624365998191000,1,263.66085267,4.7807
1624366002602000,1,281.27531496,4.7807
1624366220904000,0,25.36696624,4.8785
1624366220904000,0,24.84582534,4.8797
1624366220904000,0,208.79688228,4.8809
1624366291371000,1,260.88670142,4.8302
1624366291371000,1,0.72419302,4.8280
1624366335950000,0,23.47433959,4.8223
1624366424624000,0,24.47743864,4.8690
1624366424624000,0,26.67105924,4.8714
1624366433064000,0,25.30710453,4.8658
1624366433064000,0,24.58833783,4.8661
1624366433064000,0,24.06558405,4.8672
1624366433064000,0,259.62229904,4.8683
1624366433064000,0,24.69932065,4.8684
1624366491433000,1,24.61211518,4.8869
1624366539965000,0,30.80714798,4.8872
1624366542482000,0,25.56247832,4.8851
1624366542482000,0,2.92753758,4.8865
1624366546026000,0,24.50458646,4.8823
1624366564649000,0,20.58184887,4.8586
1624366629066000,0,24.94744634,4.9183
1624366629066000,0,256.90002628,4.9192
1624366643957000,0,25.30523938,4.9188
1624366643958000,0,231.55915550,4.9188
1624366643958000,0,23.84008667,4.9222
1624366645096000,0,25.44311804,4.9145
1624366681929000,0,4.14301154,4.9501
1624366746282000,1,80.00000000,4.9765
1624366869740000,0,200.00000000,4.9546
1624367246320000,1,25.16298310,4.9855
1624367246839000,1,24.79771497,4.9851
1624367388856000,1,24.67329009,4.9563
1624367388931000,1,25.25234304,4.9555
1624367388931000,1,25.29653322,4.9543
1624367388931000,1,9.45112374,4.9439
1624367490220000,1,24.10244395,4.8879
1624367490220000,1,24.93521754,4.8869
1624367490220000,1,214.55627790,4.8854
1624367664293000,1,24.28848886,4.9006
1624367680768000,1,25.03937403,4.8871
1624368034800000,1,6.04994532,4.8597
1624368172718000,1,62.50000000,4.8600
1624368174335000,1,62.50000000,4.8600
1624368177512000,1,62.50000000,4.8600
1624368178704000,1,17.98225043,4.8600
1624368911519000,1,24.42546619,4.8639
1624368911519000,1,145.15206000,4.8614
1624368911519000,1,24.08238710,4.8608
1624368911519000,1,60.72047886,4.8605
1624368979022000,1,24.39987809,4.8946
1624368979042000,1,0.00000001,4.8946
1624368987136000,1,25.52941168,4.9013
1624368987136000,1,23.83315346,4.9013
1624368987146000,1,1.74637304,4.9013
1624368987146000,1,23.78303865,4.9001
1624369016847000,1,62.50000000,4.8908
1624369189488000,0,5.15933044,4.8456
1624369193535000,0,4.12952809,4.8419
1624369243537000,0,25.45919221,4.8574
1624369243537000,0,12.35286419,4.8590
1624369243542000,0,13.04092296,4.8590
1624369243542000,0,44.89858673,4.8598
1624369243870000,1,25.94957436,4.8622
1624369416633000,0,25.50229682,4.7946
1624369418490000,0,25.25263142,4.7965
1624369419032000,0,25.36871689,4.7989
1624369419032000,0,25.99387392,4.7989
1624369448690000,1,22.95890962,4.8142
1624369450466000,1,0.00000001,4.8142
1624369555910000,0,10.00000000,4.8216
1624369658918000,0,62.50000000,4.7746
1624370038381000,1,25.17091054,4.6993
1624370038381000,1,24.48895408,4.6982
1624370038381000,1,267.87911952,4.6970
1624370038381000,1,142.27680870,4.6947
1624370069097000,1,24.99046867,4.7159
1624370069232000,1,0.00000001,4.7159
1624370080888000,0,4.24312851,4.7056
1624370138473000,0,127.83900000,4.6775
1624370138562000,0,10.32147193,4.6775
1624370429060000,0,24.32530935,4.7965
1624370466410000,1,256.65931367,4.7939
1624370466410000,1,5.63887266,4.7939
1624370466410000,1,241.95337232,4.7894
1624370466412000,1,13.47262768,4.7894
1624370466412000,1,243.18668599,4.7894
1624370467115000,1,23.13170744,4.7949
1624370467452000,1,62.50000000,4.7873
1624370467847000,1,127.71300000,4.7827
1624370467922000,1,128.94630605,4.7827
1624370498215000,0,8.72755041,4.8304
1624370618466000,0,25.07928110,4.7901
1624370618466000,0,25.86696024,4.7901
1624370618466000,0,255.42600000,4.7925
1624370618466000,0,263.32033790,4.7925
1624370618466000,0,25.41698493,4.7930
1624370618466000,0,24.64973883,4.7930
1624370618691000,1,311.17510523,4.7930
1624370623720000,1,185.09223610,4.7753
1624370815780000,1,25.81272643,4.7252
1624370885977000,0,62.50000000,4.7432
1624370887965000,0,62.50000000,4.7432
1624370889197000,0,62.50000000,4.7432
1624370889489000,0,186.32965066,4.7432
1624370889489000,0,258.51720153,4.7432
1624370889692000,0,250.92912749,4.7432
1624370944088000,0,24.04531111,4.7857
1624370976988000,0,16.64729085,4.7522
1624370977408000,0,8.47673478,4.7522
1624371177997000,0,62.50000000,4.7873
1624371179370000,0,50.41708319,4.7873
1624371348869000,0,1089.61389281,4.8300
1624371350762000,0,4.24312851,4.8333
1624371452535000,1,62.50000000,4.7911
1624371453715000,1,62.50000000,4.7911
1624371495249000,0,24.14216011,4.7869
1624371495929000,0,25.72268418,4.7890
1624371696126000,0,24.22175891,4.7856
1624372159669000,1,60.22102276,4.8819
1624372287879000,1,25.85076182,4.9201
1624372287879000,1,66.60186776,4.9197
1624372454998000,1,29.06942793,4.9427
1624372455904000,0,33.43057000,4.9427
1624372488413000,1,24.60134760,4.9332
1624372518355000,0,62.50000000,4.9332
1624372577980000,0,25.77594036,4.9361
1624372578071000,1,47.21700000,4.9366
1624372578073000,1,62.50000000,4.9366
1624372578086000,1,930.66757805,4.9366
1624372581280000,0,25.05454085,4.9269
1624372584575000,0,41.76303842,4.9295
1624372601362000,0,62.50000000,4.9366
1624372674349000,1,62.50000000,4.9481
1624372675022000,1,29.30488796,4.9481
1624372675589000,1,62.50000000,4.9481
1624372675869000,1,1158.22299081,4.9481
1624372695741000,1,62.50000000,4.9584
1624372699329000,1,24.91343908,4.9626
1624372699329000,1,95.87927042,4.9602
1624372703157000,0,4.12952809,4.9658
1624372729189000,1,52.00000000,4.9584
1624372785915000,0,20.06018054,4.9850
1624373020470000,0,62.50000000,5.0228
1624373022483000,0,62.50000000,5.0228
1624373095529000,1,140.27085000,5.0306
1624373095529000,1,198.52769137,5.0302
1624373440311000,0,48.72582000,5.0500
1624373441671000,0,13.77418000,5.0500
1624373441671000,0,125.97216000,5.0500
1624373442120000,0,11.52784000,5.0500
1624373442120000,0,727.36197704,5.0500
1624373502659000,0,4.04122412,5.0743
1624373727792000,1,195.74602917,5.0955
1624373890694000,0,245.63797161,5.1391
1624373890694000,0,25.21141430,5.1391
1624373890694000,0,24.87923729,5.1405
1624373890694000,0,245.49029008,5.1417
1624373890694000,0,196.76907393,5.1432
1624373890694000,0,24.72933474,5.1432
1624373890694000,0,283.08331931,5.1442
1624373951111000,1,25.49160495,5.1712
1624373955199000,0,24.91070193,5.1688
1624373955199000,0,244.11896405,5.1698
1624373955199000,0,24.29251205,5.1699
1624373955199000,0,25.28300335,5.1717
1624373955199000,0,24.55036863,5.1730
1624373955199000,0,43.65014019,5.1739
1624373964886000,1,25.58158860,5.1534
1624373995237000,1,25.74976520,5.1256
1624373995237000,1,24.05997675,5.1255
1624373995774000,1,24.78559286,5.1267
1624373995774000,1,25.36650952,5.1242
1624374114091000,1,12.00000000,5.0556
1624374114091000,1,197.86961281,5.0518
1624374114091000,1,176.93607739,5.0518
1624374553624000,0,80.00000000,5.1300
1624374625902000,0,3.95349848,5.1869
1624374895266000,1,194.62221402,5.1294
1624374895640000,1,333.15084000,5.1167
1624374895640000,1,195.06420467,5.1167
1624374895640000,1,245.85192642,5.1151
1624374895640000,1,255.42600000,5.1134
1624374895640000,1,16.30767017,5.1134
1624374939242000,0,246.70986724,5.1158
1624374939242000,0,23.99988979,5.1167
1624374939242000,0,411.53130813,5.1174
1624374939242000,0,26.23472445,5.1187
1624374939242000,0,336.65768326,5.1225
1624374990139000,1,25.51163196,5.1185
1624375046125000,0,24.11316440,5.1313
1624375076896000,1,25.78708881,5.1435
1624375109104000,1,25.55112660,5.1520
1624375150759000,0,24.23775620,5.1729
1624375150962000,0,0.00000001,5.1729
1624375151473000,0,25.29649675,5.1742
1624375227687000,0,24.05163849,5.1747
1624375241292000,0,0.00000001,5.1747
1624375480434000,1,24.17389282,5.2005
1624375481369000,1,25.07268010,5.1979
1624375519135000,0,24.30718677,5.2058
1624375525722000,1,25.01485995,5.2036
1624375578921000,0,24.10973895,5.2492
1624375578921000,0,23.93114372,5.2549
1624375578921000,0,5.12487069,5.2600
1624375873325000,0,3.86032603,5.3121
1624375894657000,0,25.56697789,5.3219
1624375894657000,0,24.30150156,5.3230
1624375894673000,0,0.00000001,5.3230
1624375951692000,1,25.52606928,5.2894
1624376041122000,0,24.08401596,5.3232
1624376070490000,0,24.27723217,5.3451
1624376175259000,0,24.03016659,5.3129
1624376175259000,0,6.08980597,5.3142
1624376184633000,0,19.32997256,5.3042
1624376194135000,0,14.81997256,5.3071
1624376217938000,0,251.44395693,5.2985
1624376217938000,0,226.06786141,5.2985
1624376217938000,0,25.37609552,5.3022
1624376221005000,0,62.50000000,5.3238
1624376294518000,1,24.92980815,5.2895
1624376325340000,0,62.50000000,5.2702
1624376325407000,1,24.80626387,5.2619
1624376325407000,1,28.35948949,5.2592
1624376561721000,0,76.20934707,5.2487
1624376620388000,0,22.66295916,5.2572
1624376665899000,0,24.87599159,5.2591
1624376744417000,0,25.71437520,5.2598
1624376745098000,0,24.22806298,5.2626
1624376971838000,1,6.00681962,5.2716
1624377145620000,0,22.79582213,5.2844
1624377218881000,1,62.50000000,5.3003
1624377324531000,1,24.75393813,5.2821
1624377372656000,0,24.86131478,5.2747
1624377372656000,0,25.07811522,5.2758
1624377382013000,1,24.77421674,5.2595
1624377382013000,1,25.44975000,5.2582
1624377502803000,1,24.34082026,5.2736
1624377587185000,0,9.70892139,5.2900
1624377687281000,0,25.10471879,5.3438
1624377698903000,1,25.37701722,5.3608
1624377698903000,1,23.97402852,5.3594
1624377727010000,1,0.00000001,5.3594
1624377869481000,0,24.19790000,5.3702
1624378012185000,0,3.76470323,5.4470
1624378189903000,1,24.28391112,5.4214
1624378190483000,1,24.27353177,5.4181
1624378252376000,0,25.37225435,5.4188
1624378252705000,0,0.00000001,5.4188
1624378252705000,0,24.37111170,5.4211
1624378345012000,1,25.93297370,5.3743
1624378345012000,1,24.21779131,5.3743
1624378345049000,1,0.48650420,5.3743
1624378345049000,1,25.44646951,5.3729
1624378350020000,0,24.66715072,5.3734
1624378578442000,1,462.00063734,5.3886
1624378706588000,1,184.40621122,5.4100
1624378847852000,1,6.50000000,5.4780
1624379049146000,0,24.23051785,5.4572
1624379145872000,1,183.41163856,5.4385
1624379421909000,0,7.24464466,5.4193
1624379777710000,0,24.76613892,5.4040
1624379955132000,0,9.34930693,5.3480
1624380008914000,0,62.50000000,5.3898
1624380014859000,0,25.51646971,5.4018
1624380066389000,0,25.13388856,5.3705
1624380160259000,0,24.21156412,5.3787
1624380550541000,1,24.53356702,5.3812
1624380551094000,1,24.29137260,5.3811
1624380551607000,1,25.29755582,5.3785
1624381513103000,1,62.50000000,5.4032
1624381513571000,1,950.92638507,5.4032
1624382017588000,1,24.42792508,5.3835
1624382153980000,1,24.37391506,5.4221
1624382154515000,1,25.78157891,5.4207
1624382456280000,0,24.63606966,5.3654
1624382976148000,0,24.73940000,5.4361
1624382976307000,0,0.00006443,5.4361
1624383083085000,0,24.07030000,5.4602
1624383083677000,0,0.00004994,5.4602
1624383083677000,0,23.70265006,5.4617
1624383083693000,0,0.00013727,5.4617
1624383140044000,1,23.70264473,5.4588
1624383171669000,1,25.72304771,5.4668
1624383171710000,1,0.00000001,5.4668
1624383348683000,0,24.48964697,5.4834
1624383348683000,0,25.15394498,5.4845
1624383348892000,1,62.50000000,5.4845
1624383348914000,1,975.37562125,5.4845
1624383410095000,0,24.26315329,5.4879
1624383410095000,0,6.31573069,5.4897
1624383445594000,1,24.16721618,5.4827
1624383446021000,1,25.21834236,5.4813
1624383546634000,1,62.50000000,5.4532
1624383547790000,1,120.78305317,5.4532
1624383837501000,1,184.35843785,5.4029
1624383860342000,1,24.09744529,5.3873
1624384434913000,0,62.50000000,5.4700
1624384438922000,0,62.50000000,5.4700
1624384458951000,0,920.13347287,5.4700
1624384465016000,0,24.25563957,5.4873
1624384465694000,0,24.85954971,5.4887
1624384490353000,0,24.74724874,5.5028
1624384490913000,0,25.12621762,5.5033
1624384491461000,0,24.30360825,5.5058
1624385106042000,1,24.06510684,5.4527
1624385109085000,1,38.48400457,5.4410
1624385109267000,1,0.00000001,5.4410
1624385129294000,0,24.05781671,5.4379
1624385144795000,1,25.41075888,5.4279
1624385153882000,0,25.73140443,5.4130
1624385155829000,0,25.68554816,5.4166
1624385502664000,1,306.52258350,5.4839
1624385784952000,0,62.50000000,5.4850
1624385786019000,0,244.02258350,5.4850
1624385954555000,0,24.28221876,5.4760
1624385954555000,0,25.26734523,5.4783
1624385954555000,0,229.55384875,5.4787
1624385954663000,1,24.91950909,5.4800
1624385954675000,1,229.55384875,5.4800
1624385954687000,1,509.64768197,5.4800
1624387028959000,0,62.50000000,5.5235
1624387030899000,0,48.02162000,5.5235
1624387853922000,1,19.54052510,5.4946
1624389054165000,1,25.99830512,5.4111
1624389104747000,1,3.70798887,5.3961
1624389191715000,0,14.42209745,5.4360
1624389191765000,0,9.68332486,5.4360
1624389191874000,0,25.47687555,5.4386
1624389724533000,1,10.00000000,5.4300
1624389751804000,0,23.31838482,5.4138
1624389760385000,1,10.00000000,5.3945
1624390030451000,1,24.24599331,5.3980
1624390046533000,1,24.33449254,5.3907
1624390074201000,0,25.04696965,5.4141
1624390074201000,0,25.90029170,5.4146
1624390091244000,1,25.87627189,5.4176
1624390091244000,1,74.12372811,5.4149
1624390094134000,1,24.47868921,5.4149
1624390094527000,1,24.25494821,5.4122
1624390231427000,1,24.43946532,5.4142
1624390231427000,1,24.57883008,5.4103
1624390231427000,1,25.73962176,5.4103
1624390231427000,1,25.88333820,5.4103
1624390231427000,1,25.81064931,5.4097
1624390231427000,1,56.06689712,5.4094
1624390231427000,1,86.69985970,5.4094
1624391102929000,1,62.50000000,5.4223
1624391103915000,1,62.50000000,5.4223
1624391104023000,1,42.42933445,5.4223
1624391221707000,0,62.50000000,5.4062
1624391223131000,0,62.50000000,5.4062
1624391223587000,0,60.04809552,5.4062
1624391837698000,0,10.93187279,5.3599
1624392416905000,0,1043.22445255,5.3900
1624393664075000,1,62.50000000,5.5074
1624393665280000,1,62.50000000,5.5074
1624393689610000,1,26.23812662,5.5074
1624394018477000,0,25.61184618,5.4573
1624394048491000,1,25.64855454,5.4566
1624394049522000,1,24.15403388,5.4546
1624394049522000,1,24.98224558,5.4546
1624394049522000,1,24.64660965,5.4546
1624394628132000,0,25.93230638,5.5081
1624394628132000,0,19.44865131,5.5100
1624396040149000,1,22.79582213,5.4988
1624396057413000,0,62.50000000,5.5054
1624396431414000,1,25.60991675,5.4564
1624397786573000,1,185.64386220,5.3725
1624397800093000,0,62.50000000,5.3607
1624398457712000,1,234.56420983,5.3483
1624398459425000,1,136.08350143,5.3468
1624400944518000,1,82.15953000,5.3670
1624400944545000,1,62.50000000,5.3670
1624400948265000,1,62.50000000,5.3670
1624400948454000,1,122.51442913,5.3670
1624401013071000,0,62.50000000,5.3751
1624401024456000,1,25.79980135,5.3761
1624401548709000,1,29.72265474,5.3396
1624401552283000,1,29.10960954,5.3396
1624401624786000,1,39.28229352,5.3255
1624402410337000,1,62.50000000,5.3260
1624402410390000,1,94.46191524,5.3260
1624402464958000,1,24.40413079,5.3065
1624404375332000,0,89.90835881,5.2900
1624404375341000,0,62.50000000,5.2900
1624406660390000,1,201.57012818,5.2607
1624407068563000,1,25.45388229,5.1592
1624407100237000,0,24.31863488,5.1491
1624407100237000,0,24.41155313,5.1491
1624407113661000,0,24.35638991,5.1585
1624407148120000,1,24.81793079,5.1604
1624407192607000,1,25.27672744,5.1457
1624407193129000,1,24.24499082,5.1444
1624407314096000,1,62.50000000,5.1260
1624407615214000,0,25.88397878,5.1501
1624407615214000,0,25.91193287,5.1503
1624407615214000,0,24.96705169,5.1516
1624407632490000,0,25.65981452,5.1586
1624407632490000,0,23.12254706,5.1600
1624407632490000,0,111.88578548,5.1612
1624407638571000,0,24.34538961,5.1635
1624407638571000,0,24.70240153,5.1643
1624407645924000,0,25.23374745,5.1587
1624407645924000,0,137.54560000,5.1606
1624407645924000,0,160.70666664,5.1606
1624407645924000,0,172.91607099,5.1606
1624407648471000,0,71.08561720,5.1606
1624407648471000,0,193.59697473,5.1625
1624407665573000,0,126.75914095,5.1592
1624407666564000,0,33.91000000,5.1592
1624407792708000,1,24.13198041,5.1779
1624407817038000,0,129.27085938,5.1833
1624407837807000,0,29.41428213,5.1729
1624407991651000,0,62.50000000,5.2193
1624407992902000,0,62.50000000,5.2193
1624407993860000,0,80.82561770,5.2193
1624408043629000,0,25.87616451,5.2306
1624408043629000,0,25.63571677,5.2306
1624408043629000,0,24.82712685,5.2319
1624408053129000,0,24.13206532,5.2253
1624408053129000,0,25.50977120,5.2275
1624408053129000,0,25.47124176,5.2276
1624408074454000,0,20.35280874,5.2276
1624408076558000,0,51.51187720,5.2356
1624408297071000,1,62.50000000,5.2613
1624408690259000,0,62.50000000,5.2586
1624408691227000,0,62.50000000,5.2586
1624408691495000,0,65.26750927,5.2586
1624408822896000,0,188.02465981,5.3219
1624408913997000,0,25.74110084,5.3547
1624408933678000,1,26.49912728,5.3511
1624408960364000,0,21.32679809,5.3432
1624408960522000,0,24.26329857,5.3459
1624409077393000,0,25.97857565,5.4232
1624409135992000,0,25.96191035,5.3869
1624409147030000,0,23.80707021,5.3879
1624409151514000,1,24.08344437,5.3820
1624409151514000,1,179.63500000,5.3812
1624409151514000,1,213.54244339,5.3812
1624409388173000,0,24.90698279,5.4572
1624409388173000,0,24.18364032,5.4592
1624409388173000,0,230.63815393,5.4599
1624409388173000,0,206.33291258,5.4628
1624409420551000,0,229.93285756,5.4760
1624409429539000,0,230.54086638,5.4606
1624409472321000,0,231.59319056,5.4336
1624409472321000,0,89.86483457,5.4367
1624409487608000,0,231.69988644,5.4308
1624409488094000,0,56.23144590,5.4334
1624409695553000,1,62.50000000,5.4826
1624409704418000,0,229.24459857,5.4899
1624409704418000,0,24.72821524,5.4901
1624409712409000,0,112.11168413,5.4803
1624409715893000,0,63.88198376,5.4803
1624409715893000,0,53.64188923,5.4803
1624409792926000,0,230.12016698,5.4680
1624409792926000,0,230.12016698,5.4708
1624409806495000,0,120.07896055,5.4595
1624409834401000,0,62.50000000,5.4571
1624409866240000,1,38.47549000,5.4383
1624409884300000,0,24.70023498,5.4466
1624409884679000,0,0.00000001,5.4466
1624409884679000,0,24.81148398,5.4494
1624409950592000,0,0.00000002,5.4494
1624409972981000,1,25.45815866,5.4648
1624410060410000,1,25.48342097,5.4644
1624410060464000,1,37.01657903,5.4644
1624410061197000,0,25.48342096,5.4644
1624410072081000,1,62.50000000,5.4497
1624410072264000,1,10.36656580,5.4497
1624410255919000,1,24.59111466,5.5140
1624410255919000,1,25.39520237,5.5138
1624410255919000,1,24.02103647,5.5112
1624410255923000,0,81.20326650,5.5112
1624410257301000,1,24.82446221,5.5157
1624410257805000,1,62.50000000,5.5140
1624410262835000,0,25.33328714,5.4997
1624410262835000,0,228.74078170,5.5025
1624410262835000,0,25.35080843,5.5026
1624410262835000,0,24.49478541,5.5050
1624410262835000,0,228.62038066,5.5054
1624410278964000,0,25.32191803,5.5120
1624410278964000,0,26.30811435,5.5139
1624410278964000,0,31.07414928,5.5143
1624410293867000,0,25.24429731,5.5175
1624410293867000,0,227.95993971,5.5203
1624410297417000,0,25.96506513,5.5150
1624410297417000,0,228.16218819,5.5153
1624410300824000,0,99.27899991,5.5122
1624410309426000,0,24.15401610,5.4978
1624410309426000,0,78.52386233,5.4982
1624410352530000,0,227.90651237,5.5210
1624410356165000,0,25.76220780,5.5208
1624410356165000,0,227.90651237,5.5210
1624410356165000,0,24.08811262,5.5223
1624410364523000,0,228.01269218,5.5184
1624410367967000,0,228.12342731,5.5161
1624410373469000,0,228.12342731,5.5161
1624410379334000,0,95.83692817,5.5134
1624410468100000,1,62.49999999,5.5743
1624410468143000,1,0.00000001,5.5743
1624410470491000,0,24.51163462,5.5681
1624410470491000,0,153.91302895,5.5695
1624410539724000,0,25.57352680,5.5425
1624410539724000,0,25.42890808,5.5450
1624410539724000,0,23.96895080,5.5475
1624410559522000,0,11.00494455,5.5473
1624410775620000,0,62.50000000,5.5222
1624411177363000,0,31.06319083,5.5393
1624411385151000,0,3.67443851,5.5802
1624411899590000,0,26.08003308,5.5862
1624413288964000,0,62.50000000,5.6382
1624413525330000,0,20.12470433,5.6741
1624413549913000,0,62.50000000,5.6773
1624413551066000,0,62.50000000,5.6773
1624413551906000,0,17.41850058,5.6836
1624413554385000,0,24.68358929,5.6820
1624413554385000,0,8.18424027,5.6836
1624413554385000,0,73.34366986,5.6840
1624413554918000,0,24.26921709,5.6821
1624413554918000,0,57.25869304,5.6840
1624413931529000,0,23.52430351,5.6638
1624414043907000,0,62.50000000,5.6731
1624414061064000,0,62.50000000,5.6758
1624415590355000,0,3.59150531,5.7096
1624415601350000,1,39.37838518,5.7161
1624415743273000,1,174.18745196,5.7309
1624416474992000,0,60.22102275,5.8000
1624416487476000,0,0.00000001,5.8000
1624417942064000,0,221.34911254,5.6872
1624418680474000,1,33.12121831,5.6971
1624418681553000,1,62.50000000,5.6966
1624418684668000,1,62.50000000,5.6966
1624418690858000,1,62.50000000,5.6966
1624418696969000,1,269.20831146,5.6966
1624418816515000,0,30.36428081,5.7047
1624418816515000,0,24.13625322,5.7047
1624420421936000,0,31.25000000,5.7270
1624420422576000,0,425.45831146,5.7270
1624421851956000,1,22.45551657,5.6964
1624422119664000,1,31.25000000,5.6929
1624422122637000,1,31.25000000,5.6929
1624422935379000,0,31.25000000,5.7252
1624422935938000,0,31.25000000,5.7252
1624423348269000,1,219.82897692,5.7171
1624423348269000,1,12.25894159,5.7167
1624423348269000,1,13.00736739,5.7154
1624423348269000,1,39.90471410,5.7149
1624424442446000,1,31.25000000,5.7009
1624424444209000,1,6.15961092,5.7009
1624424708836000,0,12.74502353,5.6889
1624426595192000,1,12.21797614,5.8122
1624426595192000,1,2.27942085,5.8110
1624427318400000,0,120.63058000,5.8519
1624427318400000,0,125.07759901,5.8532
1624428103407000,1,4.25000000,5.8804
1624428143883000,1,31.25000000,5.8658
1624428146061000,1,18.75000000,5.8658
1624428974487000,1,12.43667549,5.8690
1624428974487000,1,7.45111451,5.8661
1624429051984000,0,31.25000000,5.8900
1624429052602000,0,31.25000000,5.8900
1624429054561000,0,31.25000000,5.8900
1624429109210000,1,104.00883863,5.8863
1624429109211000,1,15.64844137,5.8863
1624430428134000,1,31.25000000,5.8422
1624431298485000,1,216.99088316,5.7933
1624431808886000,0,31.25000000,5.7983
1624432020268000,1,10.00000000,5.7934
1624432500135000,0,12.46346916,5.7749
1624432602829000,0,31.25000000,5.7471
1624434440186000,0,31.25000000,5.8500
1624434440610000,0,97.20156303,5.8500
1624435296737000,1,12.20652889,5.8192
1624435297464000,1,12.12156200,5.8168
1624435472665000,1,31.25000000,5.8134
1624435488478000,1,12.62497640,5.8144
1624435762451000,0,8.66189338,5.7724
1624435941232000,0,12.31145606,5.7770
1624436675527000,1,31.25000000,5.8000
1624436690201000,1,31.25000000,5.8000
1624436691817000,1,536.14655172,5.8000
1624438184091000,0,34.90760828,5.7294
1624438197753000,0,17.45380414,5.7275
1624438715662000,1,140.00000000,5.7100
1624438720576000,1,50.00000000,5.7000
1624438862363000,1,12.20978230,5.6907
1624438868987000,1,12.36125747,5.6907
1624438869011000,1,12.71738990,5.6907
1624439792548000,0,31.25000000,5.7501
1624441053184000,1,1026.54385964,5.7000
1624441459760000,1,12.91102288,5.7351
1624441460008000,0,31.25000000,5.7351
1624441464793000,0,1021.76122194,5.7351
1624444460742000,0,50.00000000,5.8000
1624444460742000,0,128.45156303,5.8000
1624444527386000,1,31.25000000,5.8154
1624445953379000,0,170.99278410,5.8482
1624446006197000,0,12.09263421,5.8499
1624446006289000,1,1032.91698995,5.8499
1624446274034000,1,20.00000000,5.8500
1624450029624000,0,12.47376881,5.7700
1624450029624000,0,218.02999915,5.7707
1624450029624000,0,12.14093331,5.7713
1624450029624000,0,7.56058673,5.7734
1624450029624000,0,79.87307459,5.7734
1624450029624000,0,217.91450110,5.7734
1624450029624000,0,12.85843472,5.7735
1624450029624000,0,193.15006174,5.7770
1624450029624000,0,285.04013934,5.7775
1624450031064000,0,31.25000000,5.7687
1624450031064000,0,218.02999915,5.7707
1624450031064000,0,12.19058185,5.7707
1624450031064000,0,217.91450110,5.7734
1624450031064000,0,12.91943806,5.7760
1624450031064000,0,78.26237577,5.7775
1624450031064000,0,363.04581273,5.7786
1624450031064000,0,105.22190104,5.7821
1624452005613000,0,31.25000000,5.8037
1624452053737000,0,31.25000000,5.7988
1624452322222000,0,31.25000000,5.8184
1624453388555000,0,31.25000000,5.8568
1624453777129000,1,31.25000000,5.8733
1624453778015000,1,31.25000000,5.8733
1624453784314000,1,31.25000000,5.8733
1624453939228000,0,33.84086444,5.9044
1624454074259000,0,3.46021958,5.9257
1624454896551000,0,31.25000000,5.9661
1624455476394000,1,169.52602480,5.8870
1624455476750000,1,50.00000000,5.8701
1624455500884000,1,31.25000000,5.8897
1624455725309000,1,12.49206716,5.8624
1624455725309000,1,21.34879728,5.8595
1624455740492000,1,12.18822340,5.8471
1624455740498000,1,0.00000001,5.8471
1624455911400000,0,12.92133600,5.8251
1624456307564000,0,8.45479048,5.8383
1624456491255000,1,31.25000000,5.8281
1624456492291000,1,18.75000000,5.8281
1624456492291000,1,12.50000000,5.8270
1624456493744000,1,56.14595846,5.8270
1624456509262000,0,31.25000000,5.7962
1624456538639000,1,12.20469000,5.7859
1624456916616000,1,12.43183586,5.7198
1624457000445000,1,31.25000000,5.7231
1624457003046000,1,31.25000000,5.7231
1624458243860000,1,12.02563776,5.7825
1624458243860000,1,12.85479853,5.7825
1624458324934000,0,12.90817996,5.7878
1624458758075000,1,172.64156064,5.7888
1624458762132000,1,8.82243409,5.7773
1624458786122000,0,12.74711848,5.7955
1624459886583000,0,31.25000000,5.8445
1624460396453000,1,216.15506617,5.8000
1624460396453000,1,29.30097529,5.7980
1624460396457000,1,32.12555876,5.7980
1624460403360000,0,31.25000000,5.8046
1624460952704000,1,175.56860924,5.6929
1624461415694000,1,12.96225380,5.6937
1624461415694000,1,12.43318390,5.6937
1624461416210000,1,12.66571879,5.6923
1624461588128000,1,31.25000000,5.6427
1624461589663000,1,31.25000000,5.6427
1624461590825000,1,31.25000000,5.6427
1624461594489000,1,348.85784872,5.6427
1624462378026000,1,123.61841000,5.6887
1624462378026000,1,175.72492598,5.6856
1624462378026000,1,220.61389906,5.6856
1624462378026000,1,255.42600000,5.6847
1624462378026000,1,220.61292359,5.6827
1624462378026000,1,4.00384137,5.6818
1624462854245000,0,5.28874801,5.6724
1624464447871000,0,31.25000000,5.6742
1624464449093000,0,31.25000000,5.6742
1624464453999000,0,31.25000000,5.6742
1624467789096000,0,124.57384000,5.6632
1624468073051000,1,31.25000000,5.6272
1624468709895000,1,124.80454000,5.6417
1624468709895000,1,9.15230219,5.6415
1624468709897000,1,3.79168414,5.6415
1624468709897000,1,12.21758076,5.6395
1624468709897000,1,117.99307909,5.6388
1624472109546000,1,3.70000000,5.5000
1624472109546000,1,27.55000000,5.5000
1624472109980000,1,105.53143012,5.5000
1624472116107000,1,31.25000000,5.5000
1624472116733000,1,148.21947897,5.5000
1624472144638000,0,3.63818182,5.4989
1624472212270000,1,12.75243605,5.4690
1624472212270000,1,12.53654759,5.4677
1624472212270000,1,73.77151665,5.4662
1624472384479000,1,12.84134000,5.4905
1624472449365000,0,12.72864985,5.4940
1624472450099000,0,12.59951361,5.4955
1624472450099000,0,12.43870600,5.4956
1624472777550000,1,12.63738716,5.5222
1624472777550000,1,2.36261284,5.5198
1624475400966000,0,12.79350151,5.5320
1624475400966000,0,12.62660796,5.5342
1624475400966000,0,12.16192935,5.5342
1624475400966000,0,12.97272801,5.5342
1624475400966000,0,113.71725997,5.5347
1624475400966000,0,18.90146682,5.5369
1624475400966000,0,113.67125577,5.5369
1624475400966000,0,180.51955560,5.5415
1624475400966000,0,189.48495076,5.5415
1624475400966000,0,451.23520308,5.5459
1624475400966000,0,189.42659260,5.5460
1624475400966000,0,189.28641625,5.5473
1624475400966000,0,194.28436977,5.5481
1624475400966000,0,13.00000000,5.5517
1624475400966000,0,44.00000000,5.5566
1624475400966000,0,1171.06418308,5.5566
1624475400966000,0,449.00000000,5.5652
1624475400966000,0,140.00000000,5.6044
1624475401084000,1,151.37378000,5.6200
1624475401091000,1,340.48019947,5.6200
1624475402881000,0,31.25000000,5.5331
1624475426253000,1,13.00000000,5.5235
1624475428729000,1,13.00000000,5.5211
1624475432229000,0,44.00000000,5.5240
1624475437472000,0,44.00000000,5.5256
1624475439058000,1,44.00000000,5.5181
1624475440110000,1,44.00000000,5.5181
1624475446241000,0,22.81701615,5.5207
1624475446342000,1,21.18298385,5.5207
1624475450142000,1,44.00000000,5.5134
1624475456510000,1,44.00000000,5.5173
1624475456510000,1,13.00000000,5.5173
1624475530964000,1,13.00000000,5.5326
1624475557978000,1,44.00000000,5.5302
1624475558477000,1,13.00000000,5.5286
1624475893332000,1,13.00000000,5.5529
1624475943936000,1,13.00000000,5.5496
1624475944499000,1,186.21538238,5.5487
1624475953576000,1,13.00000000,5.5416
1624475997406000,0,186.21537941,5.5533
1624475997406000,0,45.36664084,5.5533
1624475997406000,0,45.35021214,5.5554
1624475997406000,0,9.45073341,5.5588
1624475997406000,0,90.78410302,5.5588
1624475997406000,0,90.75281005,5.5608
1624475997406000,0,179.86958839,5.5639
1624475997406000,0,90.69770241,5.5639
1624475997406000,0,449.45853827,5.5677
1624475997406000,0,127.64852000,5.5677
1624475997406000,0,180.90375395,5.5683
1624475997471000,1,127.71300000,5.5700
1624475997481000,1,775.78901811,5.5700
1624476010580000,0,45.37941318,5.5515
1624476112591000,1,13.00000000,5.5349
1624476157513000,1,13.00000000,5.5304
1624476160299000,1,13.00000000,5.5264
1624476193318000,0,22.82836299,5.5190
1624476193318000,0,181.25303728,5.5225
1624476193318000,0,38.06192344,5.5225
1624476193318000,0,38.03266738,5.5239
1624476193318000,0,452.77711369,5.5420
1624476193318000,0,73.44523513,5.5420
1624476193318000,0,1175.41939912,5.5420
1624476193318000,0,18.18226097,5.5420
1624476198604000,1,127.72438000,5.5150
1624476203439000,0,45.65682068,5.5192
1624476232682000,1,12.12597775,5.5112
1624476352942000,1,12.37849255,5.5162
1624476400131000,0,12.67128314,5.5348
1624476400131000,0,12.31025523,5.5348
1624476400131000,0,11.28501000,5.5376
1624476400131000,0,59.74135223,5.5376
1624476400131000,0,180.70228637,5.5376
1624476400131000,0,12.07063203,5.5376
1624476400131000,0,451.65970531,5.5404
1624476400286000,1,1259.55947569,5.5405
1624476438797000,1,12.11380747,5.5356
1624476438797000,1,72.69464253,5.5328
1624476485675000,1,13.00000000,5.5234
1624476656980000,0,45.79887172,5.5005
1624476656980000,0,45.82506085,5.5008
1624476656980000,0,76.38703992,5.5027
1624476656980000,0,31.46329305,5.5052
1624476656980000,0,315.00909000,5.5052
1624476656980000,0,181.76524492,5.5052
1624476656980000,0,181.84748816,5.5052
1624476656980000,0,76.35217782,5.5074
1624476656980000,0,76.30179616,5.5082
1624476656980000,0,77.30932153,5.5186
1624476656980000,0,891.94061587,5.5404
1624476798681000,0,40.84724560,5.5200
1624476858345000,0,68.67956374,5.5039
1624476858345000,0,68.68042908,5.5047
1624476858345000,0,24.01412983,5.5075
1624476858345000,0,181.65076174,5.5075
1624476858345000,0,206.77635000,5.5075
1624476858345000,0,114.46738180,5.5075
1624476858345000,0,453.95714886,5.5116
1624476858345000,0,114.43443399,5.5116
1624476858345000,0,114.35579229,5.5126
1624476858446000,1,68.67956374,5.5186
1624476858499000,1,584.30444493,5.5186
1624477037329000,0,31.25000000,5.5186
1624477038583000,0,31.25000000,5.5186
1624477039697000,0,31.25000000,5.5186
1624477040001000,0,179.57599898,5.5186
1624477073376000,1,12.92493482,5.5213
1624477105155000,1,13.00000000,5.5092
1624477193467000,1,38.09088485,5.5005
1624477313624000,1,12.55158906,5.5054
1624477985623000,1,31.25000000,5.4520
1624478323771000,1,26.54483481,5.4105
1624478388803000,1,23.31028678,5.4050
1624478404898000,1,64.39455000,5.4050
1624478405807000,1,31.25000000,5.4050
1624478409685000,1,23.31838668,5.4050
1624478411728000,1,24.03733900,5.4050
1624478411946000,1,184.38078681,5.4050
1624478623146000,1,23.19149587,5.4331
1624478708286000,1,185.12526200,5.4050
1624478710120000,1,185.10320400,5.4050
1624478710240000,1,23.31619287,5.4050
1624478729527000,1,307.50873266,5.4050
1624478732133000,1,23.31417700,5.4050
1624478732274000,1,185.09433735,5.4050
1624478734184000,1,23.31417700,5.4050
1624478734682000,1,208.44192970,5.4050
1624478744275000,1,161.81357400,5.4050
1624478865572000,1,12.25871656,5.4343
1624479054395000,1,12.44205160,5.4616
1624479054395000,1,0.22025698,5.4616
1624479061749000,0,31.25000000,5.4720
1624479174311000,1,12.23519839,5.4498
1624479294524000,1,12.95999389,5.4580
1624479414481000,1,12.04335735,5.4851
1624479534541000,1,12.61590793,5.4797
1624479730719000,0,11.98880977,5.4531
1624479730802000,0,0.03001532,5.4531
1624479730892000,1,10.78692726,5.4531
1624479733013000,0,11.34930980,5.4476
1624479735418000,0,0.73036010,5.4476
1624479735418000,0,11.45791155,5.4476
1624479735418000,0,0.76188095,5.4503
1624480495188000,1,12.41777788,5.4901
1624480615296000,1,12.32737772,5.4810
1624480889290000,0,12.62724870,5.5056
1624480895405000,0,91.50897779,5.5042
1624480895405000,0,12.72700899,5.5057
1624480895405000,0,91.52529698,5.5063
1624481440197000,1,31.25000000,5.4446
1624481588867000,1,69.51927398,5.4338
1624481872366000,1,46.64051919,5.4050
1624481872366000,1,46.62014844,5.4050
1624481873528000,1,31.12161148,5.4050
1624481873596000,1,69.66630000,5.4050
1624481873742000,1,46.64051919,5.4050
1624481873744000,1,46.65793021,5.4050
1624481873745000,1,77.75357656,5.4050
1624481880527000,1,14.63769000,5.4050
1624481935915000,1,12.57149836,5.4171
1624481935915000,1,12.06977575,5.4165
1624481935915000,1,0.02404898,5.4144
1624482012727000,1,31.25000000,5.4050
1624482056056000,1,12.34306782,5.4077
1624482056056000,1,12.02486555,5.4068
1624482056056000,1,12.34902066,5.4056
1624482056056000,1,1.97219567,5.4050
1624482176124000,1,12.10179056,5.4433
1624482296293000,1,12.99347987,5.4714
1624482296293000,1,12.59589619,5.4710
1624482296293000,1,11.17832794,5.4687
1624482416267000,1,10.90305014,5.4705
1624482480850000,1,10.83755600,5.4465
1624484706680000,1,12.60677000,5.4487
1624485013330000,0,4.15080786,5.5016
1624485784400000,0,22.94125833,5.4868
1624485818826000,0,14.47243977,5.4851
1624485829472000,0,22.96285389,5.4826
1624485829472000,0,7.12373611,5.4831
1624488515495000,1,128.24078000,5.4905
1624488515495000,1,13.00000000,5.4905
1624488515495000,1,44.00000000,5.4905
1624488515495000,1,195.67113099,5.4890
