timestamp ms,type,amount,price
1621814742873000,0,126.38055429,9.75
1621814742886000,0,0.00000001,9.75
1621814743103000,0,67.90119000,9.76
1621815432058000,0,29.99999999,9.99
1621815432089000,0,0.00000001,9.99
1621815447917000,0,2.70823453,10.00
1621815732914000,0,113.41952255,10.08
1621815878814000,0,17.28618715,10.12
1621816152359000,0,36.58735706,10.04
1621816270766000,1,100.00370009,10.00
1621816871264000,1,44.45150898,9.88
1621816909040000,0,5.00000000,9.78
1621817423768000,0,10.07185259,9.93
1621817496384000,1,27.35803974,9.81
1621818173970000,1,101.01351521,9.75
1621819046483000,0,650.73584175,9.62
1621819123091000,1,216.61727052,9.61
1621820799396000,1,30.05273475,9.77
1621820908589000,1,19.58086965,9.76
1621821324768000,1,13.05085497,9.78
1621823269423000,1,9.56047642,9.77
1621823324733000,0,4.83733321,9.82
1621825194727000,1,30.00000000,9.84
1621829090771000,1,20.63383850,9.88
1621829331079000,1,20.66968113,9.88
1621829451038000,1,14.00000000,9.80
1621829889834000,1,29.39019274,9.81
1621830064659000,1,67.43373000,9.84
1621830064659000,1,58.01741807,9.83
1621830064659000,1,69.58087971,9.83
1621830249357000,1,125.45114072,9.83
1621830941940000,1,16.91973528,9.83
1621831002658000,0,16.91973528,9.75
1621831191139000,1,25.00000000,9.74
1621831259057000,0,50.00000000,9.66
1621831328212000,1,37.50000000,9.59
1621831543810000,0,210.09681000,9.58
1621832402716000,0,2.50000000,9.65
1621832617859000,0,61.62851194,9.86
1621832653478000,1,46.22138396,9.84
1621832657355000,1,15.40712798,9.84
1621833332042000,0,9.99395365,10.01
1621833571708000,0,123.47817342,9.99
1621833571708000,0,225.21915716,10.01
1621833571708000,0,6.64381140,10.01
1621833571708000,0,41.96570881,10.01
1621833603528000,1,2.02000000,9.94
1621833612153000,1,14.68517765,9.92
1621833999040000,1,5.98992038,9.92
1621834044965000,1,122.80153453,9.89
1621834210483000,0,66.97504000,9.90
1621834210483000,0,1.25096032,9.90
1621835490298000,1,35.00000000,9.75
1621836093529000,0,50.71909533,9.86
1621837333221000,0,122.80153453,9.92
1621837591405000,0,2.02000000,9.98
1621837593089000,0,464.43391793,9.99
1621837598792000,0,86.72198672,10.01
1621837929619000,1,9.49667948,9.97
1621839873425000,0,1.95352352,10.45
1621839976734000,0,14.30349148,10.49
1621840011892000,0,4.76190476,10.50
1621840042645000,0,33.48074061,10.50
1621840217811000,1,10.00000000,10.65
1621840228777000,0,8.88994528,10.69
1621840295279000,0,115.46964453,10.67
1621840295279000,0,12.62434718,10.68
1621840473540000,0,2.34716659,10.65
1621840508639000,0,9.40020135,10.64
1621840523493000,1,10.00000000,10.60
1621840544411000,0,20.83181434,10.56
1621840668961000,1,100.00000000,10.50
1621840720199000,1,38.71658650,10.50
1621840760002000,1,28.68198403,10.49
1621840839208000,1,7.00000000,10.55
1621840904482000,0,9.39665046,10.64
1621841002463000,0,114.90403175,10.74
1621841002463000,0,114.85014672,10.74
1621841002463000,0,3.72208054,10.75
1621841019618000,1,142.15149159,10.74
1621841142591000,0,43.02297604,10.72
1621841142591000,0,3.61565467,10.73
1621841237053000,0,9.29306709,10.76
1621841322060000,0,115.31407649,10.69
1621841322060000,0,165.29831544,10.70
1621841466176000,0,28.07981781,10.68
1621841476535000,0,21.52739688,10.68
1621841550951000,1,10.66370393,10.70
1621841774399000,0,62.50323798,10.81
1621841903531000,0,1.87797922,10.87
1621841914869000,0,113.22433432,10.90
1621841914869000,0,17.72366494,10.90
1621841942210000,0,49.57282057,10.90
1621842079036000,0,10.44447819,10.93
1621842319542000,0,112.30049286,10.99
1621842319542000,0,112.20274408,11.00
1621842319542000,0,20.82051282,11.00
1621842319542000,0,28.99722160,11.00
1621842321888000,0,48.00000000,11.13
1621842321888000,0,14.00000000,11.13
1621842321888000,0,61.34324000,11.13
1621842321888000,0,76.65676000,11.15
1621842374706000,0,112.59809567,10.96
1621842374706000,0,112.59809567,10.96
1621842374706000,0,48.51022085,10.97
1621842374715000,0,92.10368303,10.97
1621842388793000,0,91.13244825,10.97
1621842570458000,1,112.28370649,10.95
1621842570458000,1,112.28370649,10.94
1621842570458000,1,139.85684529,10.93
1621842659116000,0,43.02297604,11.00
1621842770438000,0,10.06973518,11.02
1621842845038000,0,111.70482527,11.05
1621842845038000,0,4.80629473,11.06
1621842845189000,0,59.87996000,11.05
1621843078303000,0,198.35450981,11.09
1621843080841000,0,94.16710182,11.16
1621843281151000,1,744.09027612,11.05
1621843281730000,1,255.90972388,11.05
1621843843109000,0,6.31665765,11.08
1621843938690000,0,20.00000000,11.08
1621844192070000,0,8.60569606,11.04
1621844315058000,0,110.85213549,11.13
1621844315058000,0,184.96564500,11.13
1621844315058000,0,110.85213549,11.14
1621844315058000,0,196.68882114,11.14
1621844315058000,0,33.41706677,11.14
1621844315058000,0,184.75355915,11.14
1621844315058000,0,74.66167890,11.15
1621844315701000,0,6.89011248,11.15
1621844363867000,1,2.80006791,11.01
1621844994402000,0,6.48135157,10.83
1621845121509000,1,114.07361144,10.78
1621845121509000,1,83.07797522,10.78
1621845135075000,1,44.45150898,10.78
1621845221537000,1,6.89011248,10.73
1621845265635000,0,114.48638982,10.77
1621845265635000,0,94.94429619,10.77
1621845322294000,1,68.45884894,10.82
1621845332851000,0,68.71383000,10.82
1621845452209000,1,40.00000000,10.86
1621845912595000,0,20.00000000,10.89
1621845920693000,0,15.00000000,10.90
1621846212198000,1,9.36775453,10.82
1621846383565000,1,6.31665765,10.89
1621846525697000,0,61.24400999,10.90
1621846525719000,0,40.52650121,10.90
1621846525719000,0,20.71750878,10.91
1621846902118000,1,211.30838980,10.87
1621846902118000,1,14.00000000,10.87
1621847132529000,1,1.86000000,10.80
1621847187845000,0,17.31895229,10.83
1621847533140000,1,58.99629729,10.73
1621847797130000,0,200.94673994,10.83
1621847797130000,0,255.42600000,10.83
1621847904786000,0,74.94197981,10.89
1621848212409000,1,6.48135157,10.70
1621848423835000,1,208.85962292,10.67
1621848423928000,1,48.00000000,10.62
1621848423928000,1,14.00000000,10.62
1621848423928000,1,218.61239193,10.62
1621848506665000,1,12.00000000,10.65
1621848618230000,0,61.50873000,10.66
1621848618230000,0,14.00000000,10.67
1621848618230000,0,112.53065894,10.67
1621848878296000,0,9.26623439,10.69
1621849173596000,1,218.28061132,10.53
1621849198308000,1,40.01769925,10.51
1621849283531000,1,3.00000000,10.55
1621849364652000,0,9.98150106,10.60
1621850436087000,1,10.00000000,10.42
1621850436525000,1,8.46213912,10.42
1621850459283000,1,36.58735706,10.44
1621850569696000,1,9.98150106,10.52
1621850658628000,1,81.59048017,10.51
1621850792229000,1,197.17885026,10.45
1621850792229000,1,40.77610000,10.45
1621851302112000,1,46.63863071,10.51
1621851334248000,0,25.00000000,10.56
1621851366838000,1,99.36751874,10.54
1621851445232000,1,9.99899524,10.55
1621852363112000,1,37.00000000,10.34
1621852432853000,0,5.04490204,10.36
1621853220346000,0,5.00000000,10.35
1621853280665000,1,54.27681605,10.30
1621853280842000,1,15.94774669,10.27
1621853358520000,1,44.67220890,10.33
1621853632665000,0,136.00710876,10.49
1621854296739000,0,63.10510000,10.78
1621854296739000,0,0.89490000,10.78
1621854334961000,1,114.62599579,10.69
1621854334961000,1,34.42528231,10.69
1621854609554000,1,164.58088311,10.69
1621854855173000,0,5.02581428,10.73
1621855244163000,1,5.02581428,10.66
1621855785264000,0,350.89050580,10.79
1621856090115000,0,1.86000000,10.90
1621856187872000,1,90.45784678,10.90
1621856299068000,1,3.07708163,10.87
1621856299068000,1,110.62413100,10.87
1621856400066000,1,112.68341157,10.89
1621856400066000,1,36.36786654,10.87
1621857050356000,0,1.82177568,10.98
1621857077528000,1,64.00000000,10.93
1621857233268000,1,52.59767672,10.99
1621857289019000,0,218.98904035,11.03
1621857289019000,0,7.58983199,11.04
1621857724548000,0,4.52163375,11.06
1621857730045000,0,79.82520460,11.05
1621857730045000,0,10.64349713,11.06
1621857805968000,0,90.70113793,11.03
1621857807742000,0,9.06694762,11.03
1621857843795000,1,5.04490204,10.98
1621857843944000,0,27.23759078,11.01
1621857910135000,1,18.65706449,10.96
1621858110168000,1,1.84000000,10.95
1621858150335000,1,18.53111967,10.94
1621858328172000,0,70.00000000,10.92
1621858367095000,0,2.28442769,10.94
1621858480530000,0,1.84000000,11.00
1621858551011000,0,111.85179714,11.01
1621858568647000,0,4.86384232,11.03
1621858728461000,0,44.91892628,11.01
1621858753419000,1,4.86384232,10.98
1621858798496000,0,38.93022353,11.03
1621859163520000,0,4.50087947,11.11
1621859183478000,1,33.19959878,11.05
1621859282817000,0,59.77271000,11.21
1621859282817000,0,109.96310749,11.21
1621859282817000,0,107.01276615,11.21
1621859282820000,0,2.95034134,11.21
1621859308154000,0,3.24009657,11.26
1621859348887000,1,11.91321771,11.27
1621859348887000,1,31.47985066,11.27
1621859397167000,0,10.00000000,11.30
1621859436102000,1,8.21669731,11.30
1621859439522000,0,108.85804801,11.31
1621859439522000,0,55.63551538,11.31
1621859500078000,0,1.79655557,11.36
1621859700255000,0,4.38981562,11.39
1621859732848000,0,8.77248387,11.40
1621859815663000,1,2.08206809,11.37
1621859818608000,0,24.97789237,11.41
1621859979570000,0,107.32292637,11.47
1621859979570000,0,107.26765145,11.48
1621859979570000,0,218.08152892,11.48
1621859979570000,0,129.91832119,11.48
1621860014006000,0,72.49351336,11.50
1621860095918000,0,17.86769202,11.53
1621860095918000,0,25.91977232,11.54
1621860135758000,0,106.89221241,11.52
1621860135758000,0,63.10778759,11.52
1621860143455000,0,28.15138148,11.53
1621860570865000,0,15.84950716,11.36
1621860702930000,1,58.56813000,11.30
1621860702930000,1,217.03797765,11.30
1621860702930000,1,209.59439781,11.30
1621860702930000,1,14.00000000,11.30
1621860702930000,1,63.38992247,11.30
1621860891450000,0,10.00000000,11.36
1621861537845000,1,109.35347657,11.25
1621861537845000,1,108.92713475,11.25
1621861585098000,0,110.22034662,11.21
1621861585098000,0,7.68019427,11.22
1621861592059000,1,220.71836355,11.13
1621861592059000,1,48.00000000,11.12
1621861592059000,1,10.96265582,11.12
1621861592087000,1,3.03734418,11.12
1621861850836000,0,170.00000000,11.11
1621861929903000,0,110.71783944,11.14
1621861929903000,0,14.37648594,11.14
1621862159100000,1,111.02443457,11.07
1621862159100000,1,125.80322931,11.06
1621862259601000,0,36.32823284,11.01
1621862328361000,1,86.72198672,10.92
1621862336305000,1,112.61272242,10.91
1621862336305000,1,112.66911548,10.91
1621862336305000,1,56.47125100,10.90
1621862336310000,1,131.26368241,10.90
1621862336310000,1,150.48940649,10.89
1621862406848000,0,74.85603845,10.89
1621862406848000,0,122.36077317,10.89
1621862470325000,0,10.01531432,10.98
1621863005032000,1,20.83181434,11.05
1621863043564000,0,60.42928000,11.10
1621863043564000,0,15.69619582,11.10
1621863075712000,0,54.78010997,11.08
1621863203549000,1,738.96161863,11.11
1621863204111000,1,739.17959811,11.11
1621863204756000,1,739.32885502,11.11
1621863205362000,1,110.88083903,11.11
1621863205362000,1,739.47612214,11.11
1621863206035000,1,605.12796256,11.11
1621863330710000,1,9.99395365,11.05
1621863375644000,0,26.84210951,11.12
1621863847215000,1,50.00000000,11.07
1621863852362000,1,20.00000000,11.05
1621864147478000,0,110.00418479,11.20
1621864147478000,0,110.00418479,11.20
1621864147478000,0,57.95849741,11.21
1621864167437000,1,110.00418479,11.20
1621864275450000,0,111.78977337,11.02
1621864275638000,1,126.52969220,11.02
1621864384456000,1,1.84000000,10.95
1621864540305000,0,1.84000000,11.00
1621864600368000,0,20.00000000,11.00
1621864813635000,0,10.00000000,10.99
1621864893366000,1,80.06644730,11.07
1621864939768000,1,45.41069730,11.07
1621865075976000,1,25.25221592,11.02
1621865099648000,1,12.77313972,10.99
1621865293581000,0,1.88356550,11.08
1621865381381000,0,34.00231612,11.09
1621865876429000,0,110.21533746,11.17
1621865876429000,0,110.21375450,11.17
1621865876429000,0,56.91007208,11.17
1621865876433000,0,126.86089714,11.17
1621865876433000,0,50.68176069,11.18
1621866777857000,0,20.00000000,11.12
1621866859424000,1,7.34127742,11.06
1621866896693000,0,183.23277259,11.01
1621867030883000,1,5.00000000,10.97
1621867045220000,1,33.98342336,10.96
1621867048895000,1,1.84000000,10.95
1621867065157000,0,112.35024956,10.96
1621867065203000,0,59.79719000,10.97
1621867065437000,1,104.77820432,10.97
1621867085911000,0,1.84000000,11.00
1621867144762000,1,17.83084912,10.97
1621867213420000,0,20.00000000,11.02
1621869105263000,0,17.88756769,11.18
1621869509014000,1,6.21837085,11.31
1621869539448000,0,88.80687080,11.26
1621870182381000,0,138.68346631,11.38
1621870575146000,0,119.15973279,11.50
1621870576525000,1,88.01722373,11.50
1621870673900000,0,86.97013690,11.50
1621870880438000,1,86.97013690,11.41
1621871057298000,1,5.21161024,11.46
1621871079806000,1,64.92138800,11.51
1621871079837000,0,0.00000672,11.51
1621871080119000,1,41.82768950,11.51
1621871164202000,0,40.56298459,11.48
1621871322954000,0,10.95885574,11.33
1621871483641000,0,15.98616537,11.32
1621872083121000,1,106.48563979,11.54
1621872083122000,1,0.00000001,11.54
1621872083122000,1,106.53106841,11.54
1621872083967000,1,96.57734944,11.54
1621872084652000,1,0.00000001,11.54
1621872139720000,0,1.76394051,11.57
1621872141777000,0,15.00000000,11.57
1621872146583000,0,630.76115194,11.58
1621872152670000,0,60.78791526,11.61
1621872962142000,1,59.28847000,11.17
1621872962142000,1,108.67394619,11.16
1621872962236000,0,39.21454033,11.16
1621872972658000,0,39.23899000,11.20
1621873008444000,1,39.21453418,11.16
1621873008444000,1,207.17695609,11.16
1621873175882000,1,1.84000000,10.95
1621873187450000,1,112.67802478,10.90
1621873187450000,1,112.68755564,10.90
1621873187686000,1,34.00231612,10.88
1621873388454000,1,112.42878158,10.93
1621873388454000,1,7.57121842,10.93
1621873619512000,0,1.84000000,11.00
1621873619512000,0,11.28279817,11.00
1621873933412000,0,89.40751288,11.10
1621874086621000,0,2.73472360,10.97
1621874087041000,1,1.84000000,10.95
1621874087041000,1,87.56751288,10.94
1621874216043000,0,1.84000000,11.01
1621874703067000,1,9.29306709,11.17
1621876509577000,1,1.82177568,11.12
1621878688230000,1,62.50323798,11.30
1621878703759000,0,2.60000000,11.31
1621879374998000,0,87.54206396,11.42
1621879651769000,0,50.00000000,11.38
1621879816413000,0,4.34283371,11.51
1621880179153000,0,32.11759859,11.53
1621880383547000,0,294.16710182,11.62
1621880623388000,0,10.00000000,11.67
1621880661772000,0,1.73316380,11.78
1621880661772000,0,23.34321377,11.79
1621880996870000,0,104.25512837,11.82
1621880996870000,0,95.74487163,11.82
1621881000753000,1,10.95885574,11.76
1621881034690000,0,104.33947274,11.81
1621881067365000,1,4.34283371,11.78
1621881073351000,0,104.26996537,11.81
1621881086285000,0,104.34864523,11.80
1621881086285000,0,104.37484630,11.81
1621881086285000,0,173.90876493,11.82
1621881086285000,0,173.78327562,11.83
1621881086285000,0,7.24211030,11.83
1621881126396000,0,2.00000000,11.76
1621881216730000,0,14.64779406,11.85
1621881216730000,0,103.94203239,11.86
1621881216730000,0,81.41017355,11.87
1621881657220000,1,104.98632481,11.70
1621881657220000,1,105.02982149,11.70
1621881657220000,1,14.00000000,11.69
1621881657220000,1,209.83428945,11.69
1621881657220000,1,129.80720663,11.68
1621881750635000,1,2.50000000,11.70
1621882296084000,1,2.17356321,11.79
1621883150935000,0,14.02731123,11.71
1621883473990000,0,5.89287584,11.72
1621883789882000,1,3.50000000,11.60
1621884065238000,0,5.89287584,11.64
1621884272798000,0,9.88363322,11.53
1621884441380000,0,12.17042229,11.54
1621884458449000,0,94.48538138,11.54
1621884458449000,0,18.98926434,11.55
1621884730502000,1,88.50000000,11.60
1621884777178000,0,68.68102386,11.65
1621884955219000,1,3.00000000,11.50
1621885318558000,1,76.12547582,11.46
1621885444654000,0,47.00000000,11.60
1621885444668000,1,10.04859000,11.60
1621885488068000,0,8.55910102,11.68
1621885751510000,0,19.06409369,11.71
1621885924598000,0,54.15683678,11.79
1621885931975000,0,50.13504144,11.79
1621885931975000,0,32.83347195,11.79
1621885944697000,1,10.44447819,11.75
1621886048462000,1,103.95775640,11.80
1621886319510000,1,104.14486293,11.77
1621886319510000,1,49.62258945,11.77
1621886476043000,0,43.78746434,11.89
1621886790562000,0,103.89038075,11.85
1621886790644000,1,94.21647443,11.85
1621886842403000,1,19.06409369,11.80
1621886902256000,0,1.69165094,11.82
1621887237600000,0,691.76638605,11.83
1621887238098000,0,368.23361395,11.83
1621887288932000,0,687.52106203,11.90
1621887476040000,1,82.96851339,11.66
1621887476340000,1,119.15973278,11.66
1621887701884000,0,12.11710180,11.71
1621887706882000,1,3.50049462,11.68
1621888094287000,1,27.43014718,11.63
1621888303431000,1,13.71507359,11.52
1621888457689000,1,106.95769761,11.47
1621888457815000,0,91.14915757,11.47
1621888772645000,0,50.00000000,11.55
1621888773542000,0,3.07708163,11.56
1621888911035000,1,101.11646300,11.56
1621888981385000,1,48.36583760,11.55
1621888999123000,0,33.93729042,11.55
1621889658798000,1,100.00000000,11.48
1621889699176000,0,39.08681876,11.51
1621890066457000,0,3.97052209,11.55
1621891208434000,0,39.08681876,11.57
1621891693432000,1,9.26623439,11.55
1621892066107000,0,19.52088087,11.60
1621892073243000,1,100.00000000,11.58
1621892140528000,0,8.54973423,11.70
1621892236665000,0,13.00000000,11.71
1621892481197000,1,19.52088087,11.53
1621892530184000,1,13.99999999,11.41
1621892530198000,1,0.00000001,11.41
1621892598674000,0,19.66878228,11.45
1621892697199000,1,19.66878228,11.31
1621892754119000,0,19.53377059,11.39
1621892921546000,1,100.00000000,11.44
1621893089923000,1,19.53377059,11.46
1621893820506000,1,4.15401377,11.45
1621894083466000,0,1.73329450,11.54
1621895648010000,0,19.15363279,11.44
1621895891479000,0,45.00171095,11.33
1621895925095000,1,19.15363279,11.25
1621895925188000,1,89.86568693,11.25
1621895925188000,1,109.04081679,11.25
1621895925188000,1,217.89569088,11.25
1621895925188000,1,255.42600000,11.25
1621895925188000,1,58.85601000,11.24
1621895925188000,1,211.32488592,11.24
1621895925188000,1,14.00000000,11.24
1621895925188000,1,43.59090948,11.24
1621897324058000,0,6.50000000,11.26
1621897390780000,0,22.14274453,11.29
1621898843833000,1,2.00000000,11.23
1621899184128000,1,22.14274453,11.27
1621901041479000,0,10.00000000,11.50
1621902060340000,0,57.02543000,11.75
1621902060340000,0,42.97457000,11.75
1621902797605000,0,21.11491836,11.84
1621903103838000,0,687.87865030,11.90
1621903104527000,0,687.87981234,11.90
1621903105055000,0,436.86963364,11.90
1621903162633000,1,76.53967721,11.88
1621903407192000,0,6.71779468,11.91
1621903570779000,1,25.00000000,11.76
1621904080959000,1,4.40243052,11.81
1621904702290000,1,85.69900003,11.82
1621904809844000,1,17.30608017,11.81
1621904968698000,0,17.31530000,11.69
1621905066635000,1,14.30608985,11.58
1621905530768000,1,17.43668217,11.69
1621905771106000,1,17.50120583,11.61
1621906131645000,1,17.71131547,11.48
1621908792071000,1,110.43265352,11.11
1621908792071000,1,110.49014056,11.10
1621908792071000,1,60.96341909,11.10
1621908792072000,1,123.00385462,11.10
1621908792072000,1,158.88235855,11.09
1621908792077000,1,25.26787571,11.09
1621908792634000,1,12.22766117,11.08
1621908811940000,0,3.42821675,11.08
1621908812705000,0,10.46508271,11.08
1621909008986000,1,2.00000000,11.00
1621909009091000,1,20.00000000,10.97
1621909009160000,1,91.69746651,10.97
1621909009160000,1,8.30253349,10.97
1621911026959000,1,5.57995122,11.00
1621911094985000,1,2.00000000,10.95
1621911175875000,0,18.66988286,10.93
1621911294025000,1,18.73202194,10.87
1621911450950000,0,3.40298727,10.86
1621911452209000,0,10.48487970,10.86
1621911534326000,1,18.85369532,10.81
1621911894757000,1,18.85369532,10.70
1621911940345000,0,7.28896348,10.70
1621911943333000,0,2.52406273,10.68
1621912171375000,1,61.89644000,10.68
1621912184200000,0,61.84016000,10.67
1621912184200000,0,53.44596980,10.67
1621912219708000,1,33.38537736,10.60
1621912242794000,0,61.84015999,10.61
1621912242795000,0,0.00000001,10.61
1621912255183000,1,19.18534423,10.58
1621912255512000,0,19.02640377,10.62
1621912295712000,1,62.25784000,10.62
1621912375201000,1,19.28347244,10.65
1621912625100000,0,22.94210643,10.57
1621912753538000,1,19.87164980,10.57
1621913471422000,0,42.72831500,10.64
1621913864514000,1,100.00000000,10.59
1621913896715000,1,100.00000000,10.53
1621913924714000,0,7.88223373,10.53
1621913962532000,1,2.50000000,10.50
1621913972374000,0,2.57142857,10.49
1621914562375000,1,5.95106000,10.58
1621914566085000,1,2.00000000,10.60
1621914571620000,1,68.22600032,10.62
1621916189335000,1,1.88000000,10.64
1621916189335000,1,98.12000000,10.63
1621916580175000,1,46.36583760,10.33
1621918101947000,0,33.93729043,10.67
1621918153492000,0,1.88000000,10.69
1621920538337000,1,20.00000000,10.65
1621921090071000,1,63.46597000,10.42
1621921090271000,0,12.37137725,10.42
1621921492322000,1,29.46418380,10.59
1621921584381000,1,24.06259081,10.67
1621921588769000,1,37.54803194,10.62
1621921675259000,0,46.93500346,10.65
1621921696459000,0,115.81016820,10.62
1621921696459000,0,115.75979941,10.63
1621921696459000,0,193.08629267,10.64
1621921696459000,0,192.94969292,10.64
1621921696459000,0,192.87124418,10.65
1621921696459000,0,63.30138000,10.65
1621921696459000,0,226.22142262,10.65
1621921963406000,0,115.77190537,10.63
1621921983826000,0,210.82854032,10.68
1621922345984000,0,7.88223373,10.74
1621922490988000,1,29.85000000,10.67
1621922920892000,0,2.57142857,10.74
1621923252405000,0,114.26995641,10.77
1621923252405000,0,114.26995641,10.77
1621923252405000,0,71.46008718,10.78
1621923356871000,1,14.92304904,10.80
1621923452208000,1,64.04699586,10.84
1621923634842000,0,7.28896348,10.91
1621923669482000,1,12.81234664,10.94
1621923867677000,0,34.44216008,10.94
1621923886092000,0,2.52406273,10.95
1621924169969000,0,18.21775684,10.98
1621924433886000,0,2.00000000,11.02
1621925109901000,1,4.94644302,11.02
1621925656359000,0,10.48487970,11.09
1621925757724000,0,110.07608597,11.09
1621925769954000,1,146.76826515,11.07
1621925831497000,0,110.42859648,11.12
1621925831497000,0,3.40298727,11.13
1621925831497000,0,110.44591170,11.13
1621925831607000,1,72.12052791,11.13
1621926482051000,0,8.87723328,11.09
1621927575436000,0,110.74734580,11.09
1621927575436000,0,110.74734580,11.09
1621927575436000,0,15.26127988,11.10
1621927588079000,1,400.00000000,11.09
1621927874817000,1,14.98339714,11.02
1621928055786000,1,21.11491836,10.98
1621928478456000,1,5.00000000,11.01
1621928922839000,0,65.00000000,11.13
1621928927102000,0,45.36650945,11.13
1621928927102000,0,14.63349055,11.13
1621929674035000,0,109.55348351,11.21
1621929674035000,0,24.23532065,11.21
1621930420355000,0,101.51392812,11.18
1621930837279000,1,2.00000000,10.95
1621930840660000,0,3.28767123,10.95
1621931207657000,1,112.10039062,10.93
1621931207657000,1,112.14291792,10.93
1621931207657000,1,12.51266294,10.92
1621931353039000,0,2.05408918,10.95
1621931422740000,0,10.00000000,10.98
1621932042566000,1,3.00000000,10.88
1621932108542000,0,6.80147059,10.87
1621932547765000,1,113.48396324,10.80
1621932547765000,1,11.51603676,10.80
1621933729225000,0,138.43562120,10.82
1621934848355000,1,3.00000000,10.70
1621935215140000,0,2.42990654,10.70
1621935222649000,0,6.54341368,10.68
1621935388453000,0,9.49667948,10.61
1621935452830000,1,6.23102066,10.60
1621936280621000,1,85.71042581,10.59
1621936641598000,1,7.58272773,10.63
1621936717624000,1,18.21775684,10.62
1621936896549000,1,24.06259081,10.52
1621936915884000,1,2.05408918,10.52
1621936971553000,1,206.64321011,10.51
1621936971553000,1,285.57829604,10.51
1621936972064000,1,250.00000000,10.50
1621936972064000,1,4.63098462,10.50
1621936979814000,0,2.19047619,10.50
1621936981400000,0,6.19064717,10.50
1621937010495000,0,9.49284476,10.53
1621937064050000,0,18.97124623,10.54
1621937204534000,1,2.00000000,10.40
1621937373531000,1,18.97124623,10.29
1621937456051000,1,44.89344594,10.27
1621937456310000,1,20.75304830,10.27
1621937459376000,0,1.94820368,10.27
1621937460544000,0,5.16193376,10.27
1621937621348000,1,18.02487316,10.10
1621937621350000,1,18.02487316,10.10
1621937621353000,1,18.02487316,10.10
1621937629385000,0,1.98128424,10.09
1621937632242000,0,4.85172053,10.09
1621937847738000,0,262.97007325,10.24
1621938104049000,0,19.44156061,10.29
1621938263670000,0,9.76643569,10.24
1621938373207000,1,235.49718054,10.15
1621938391824000,0,2.46587475,10.14
1621938591929000,1,3.42358590,10.10
1621938652200000,0,212.35382016,10.14
1621938760719000,1,255.42600000,10.06
1621938760719000,1,2.52533567,10.06
1621938811754000,1,2.50000000,10.00
1621938811754000,1,2.00000000,10.00
1621938811754000,1,10.00000000,10.00
1621938811754000,1,55.70968557,9.99
1621938812103000,1,8.15686490,9.99
1621938812144000,1,10.00000000,9.99
1621938886452000,1,3.00000000,9.97
1621938886452000,1,9.00000000,9.97
1621939013027000,1,45.30818628,9.92
1621939018705000,0,2.01691141,9.92
1621939026824000,0,52.08708214,9.92
1621939029380000,1,10.00000000,9.90
1621939029380000,1,9.79087302,9.89
1621939030397000,0,4.33600182,9.92
1621939638209000,1,64.04699585,10.08
1621939699562000,0,4.33600182,10.11
1621939991578000,0,2.01691141,10.15
1621940075630000,1,83.90894212,10.22
1621940076301000,0,47.84167633,10.21
1621940081095000,1,83.97081000,10.18
1621940806044000,1,324.25192306,10.24
1621941119331000,1,266.83317449,10.22
1621941255321000,1,20.02441376,10.14
1621941375449000,1,20.12655578,10.18
1621941496104000,0,20.05134749,10.11
1621941542035000,0,121.82957097,10.08
1621941615887000,1,20.24539032,10.02
1621941633191000,0,8.16341856,10.05
1621941633191000,0,8.16341856,10.05
1621941633191000,0,48.98051133,10.05
1621941633191000,0,195.92204534,10.05
1621941633191000,0,130.61469689,10.05
1621941634744000,0,130.61469689,10.05
1621941773267000,0,9.04012710,10.13
1621941855953000,1,20.18623008,10.13
1621941978177000,0,20.19836409,10.17
1621942096197000,1,20.00837150,10.19
1621942216360000,1,19.98815102,10.15
1621942936981000,1,20.09959752,10.17
1621943148902000,1,2.78609455,10.17
1621943449073000,1,467.98328367,10.05
1621943517003000,0,1.99519954,10.02
1621943525604000,1,5.89426861,10.00
1621943753637000,0,9.96588676,10.03
1621943790737000,0,9.50000000,9.96
1621943816976000,0,2.00892319,9.95
1621943839847000,0,4.42044456,9.95
1621943932487000,1,113.47464572,9.86
1621944123647000,0,86.16628812,9.95
1621944146543000,0,112.00950962,9.99
1621944258287000,0,10.00000000,10.03
1621944557870000,1,341.69204711,9.96
1621945160144000,0,57.39167037,10.05
1621945239886000,1,92.58374856,10.04
1621945580026000,1,20.42313467,9.91
1621945986965000,0,81.17354075,9.86
1621946063941000,1,102.69985665,9.84
1621946064235000,1,4.92468213,9.84
1621946079751000,1,11.48990339,9.86
1621946080087000,1,11.50000000,9.86
1621947262485000,1,179.61516348,10.02
1621947327667000,1,240.86411089,9.96
1621947665179000,0,4.42044456,10.15
1621947679345000,1,120.46580156,10.18
1621947723215000,0,2.00892319,10.19
1621947737191000,1,103.47895826,10.19
1621947864762000,0,4.88631499,10.23
1621947915384000,0,15.00000000,10.21
1621948292912000,1,3.02076790,10.16
1621948396778000,1,121.03449688,10.11
1621948396778000,1,9.67120091,10.10
1621948701828000,1,20.05977813,10.22
1621948814319000,0,4.85172053,10.30
1621948880542000,0,1.98128424,10.33
1621949069200000,0,117.92687468,10.41
1621949069200000,0,116.77699305,10.42
1621949201016000,0,2.00000000,10.37
1621949302295000,1,19.63141436,10.41
1621949347855000,0,5.16193376,10.47
1621949370713000,1,4.88631499,10.46
1621949374443000,0,5.89426861,10.50
1621949374443000,0,116.97524170,10.50
1621949386457000,0,1.94820368,10.51
1621949396214000,0,4.74896045,10.53
1621949396732000,0,78.72816881,10.53
1621949471250000,0,58.95800768,10.51
1621949542279000,1,19.49422431,10.46
1621949835035000,0,9.54670342,10.47
1621950022460000,1,19.51444927,10.45
1621950142675000,1,19.55639830,10.41
1621950262691000,1,15.52320000,10.40
1621950382819000,1,19.61395038,10.39
1621950502867000,1,3.15428028,10.37
1621950502867000,1,16.50500078,10.36
1621950729256000,1,3.87600000,10.38
1621951335965000,1,369.13511630,10.34
1621951339481000,0,2.22338010,10.34
1621951690684000,0,117.54676557,10.45
1621951690684000,0,63.76315000,10.45
1621951690684000,0,117.50433234,10.45
1621951694151000,0,117.50433234,10.45
1621951801647000,0,31.75525958,10.49
1621951867595000,1,21.08896765,10.49
1621952408409000,0,2.22338010,10.59
1621952474867000,0,2.00000000,10.60
1621952650801000,0,6.19064717,10.71
1621952766876000,0,2.19047619,10.74
1621952794639000,1,4.74896045,10.73
1621953253493000,1,21.08896765,10.77
1621953443817000,0,460.28835331,10.85
1621953454572000,0,112.70408425,10.89
1621953454572000,0,187.98870345,10.90
1621953454572000,0,57.84749177,10.90
1621953525924000,0,9.17841274,10.90
1621953550299000,0,113.02149436,10.86
1621953550299000,0,22.73641069,10.86
1621954103168000,0,1.85750520,10.77
1621954341734000,0,163.79578553,10.74
1621954342241000,0,163.79578552,10.74
1621954342241000,0,327.59157105,10.74
1621954762179000,1,88.51017779,10.61
1621954877282000,0,4.68145945,10.68
1621954995357000,1,213.70488103,10.60
1621955013585000,0,2.35951451,10.59
1621955147342000,1,19.44156061,10.46
1621955223237000,0,6.11702636,10.45
1621955224743000,0,2.29388489,10.42
1621955232206000,0,9.11437096,10.42
1621955832220000,0,2.68299839,10.67
1621955855346000,0,6.11702636,10.67
1621956124812000,1,388.12682511,10.62
1621956236414000,1,62.35368000,10.59
1621956236414000,1,115.61739615,10.59
1621956236414000,1,5.26169644,10.59
1621956972537000,0,2.96138357,10.57
1621957994435000,0,5.00000000,10.68
1621958381952000,0,2.29388489,10.71
1621958857828000,0,19.25786356,10.60
1621958938604000,1,40.88206707,10.56
1621959897497000,0,2.36721801,10.56
1621960634725000,1,2.00000000,10.50
1621960715046000,0,6.28571429,10.50
1621960730548000,1,509.72101086,10.47
1621961146015000,0,2.00000000,10.60
1621961823349000,1,6.63011626,10.60
1621962286371000,1,78.10023609,10.67
1621962286771000,1,4.68145945,10.67
1621962292411000,1,21.84000000,10.67
1621962312371000,0,4.68307741,10.68
1621962559259000,0,6.28571429,10.71
1621962559259000,0,65.14805082,10.71
1621962720813000,1,4.68307741,10.65
1621963207432000,1,5.00000000,10.55
1621963227021000,0,6.25689088,10.55
1621963286584000,1,2.00000000,10.50
1621963416974000,0,63.03277000,10.47
1621963416974000,0,117.27977325,10.47
1621963416974000,0,17.93035532,10.47
1621963416974000,0,117.26959284,10.48
1621963417083000,1,145.22685496,10.48
1621963597999000,0,19.08671955,10.48
1621964232529000,0,4.76751226,10.49
1621964725303000,1,9.96500000,10.61
1621964752035000,1,2.40000000,10.60
1621964781425000,0,20.04271366,10.58
1621964872000000,0,2.00000000,10.65
1621965279108000,0,6.25689088,10.76
1621965279108000,0,32.64946269,10.77
1621965738359000,0,83.90894212,10.79
1621966323731000,0,2.36721801,10.81
1621966453323000,0,4.62443142,10.81
1621967124447000,0,2.35951451,10.84
1621967202373000,1,1.85503031,10.89
1621967253055000,0,6.54341368,10.91
1621967415866000,0,2.42990654,10.95
1621967706119000,0,2.00000000,11.00
1621967835234000,0,40.88206707,11.01
1621968005738000,0,4.63098462,11.03
1621968380664000,1,743.18406277,11.00
1621968381227000,1,83.31048268,11.00
1621968593479000,1,4.62443142,10.96
1621968598269000,1,6.73329450,10.96
1621969145076000,1,2.00000000,10.95
1621969435570000,1,24.13848995,10.91
1621971143688000,1,31.75525958,10.98
1621971152038000,0,19.50000000,11.00
1621971152038000,0,2.00000000,11.00
1621971400352000,1,111.38543966,10.97
1621971403646000,1,2.00000000,10.95
1621971404136000,1,3.29379850,10.95
1621971756502000,0,2.00000000,11.02
1621971821404000,1,29.50204152,11.01
1621971938797000,1,4.08153487,11.03
1621971998623000,1,276.92721807,10.95
1621972291371000,0,4.62884101,10.80
1621972297003000,0,2.03669005,10.80
1621972348301000,1,2.00000000,10.75
1621972469881000,1,67.50000000,10.66
1621972587553000,0,5.44287143,10.63
1621972592631000,0,1.97496497,10.63
1621973225548000,0,588.17030970,10.74
1621973495761000,1,26.45721374,10.71
1621973703957000,1,114.41766227,10.70
1621974116468000,0,4.40032794,10.79
1621974116562000,0,9.30599880,10.79
1621975773394000,1,13.55516727,10.75
1621975898569000,1,19.89094223,10.80
1621976640130000,0,2.50000000,10.82
1621976776535000,1,26.28326125,10.76
1621979187098000,0,5.44287143,10.87
1621979188282000,0,1.97496497,10.88
1621979373905000,0,5.47823633,10.95
1621980319349000,0,2.00000000,11.00
1621980347669000,0,358.54027947,10.99
1621980794496000,1,111.25179140,10.99
1621980794496000,1,111.29404627,10.99
1621980794496000,1,60.12348901,10.98
1621981097512000,0,2.03669005,11.05
1621981205289000,0,9.47492165,11.09
1621981254779000,1,41.90613968,11.06
1621981492543000,1,111.13075049,11.01
1621981492543000,1,91.84017594,11.00
1621981673555000,1,30.00000000,11.06
1621981740146000,0,6.80147059,11.10
1621981740853000,0,9.00000000,11.10
1621981773169000,0,10.00000000,11.16
1621981785299000,0,20.00000000,11.16
1621981801646000,1,30.00000000,11.13
1621981865325000,1,165.13497000,11.17
1621982738697000,0,3.28767123,11.21
1621982799417000,0,4.62884101,11.23
1621982834125000,0,7.58270000,11.26
1621982834209000,0,0.00002773,11.26
1621982871043000,0,10.46508271,11.31
1621982915899000,0,296.39802336,11.30
1621982929133000,1,158.83026976,11.30
1621984760050000,1,109.06505879,11.20
1621984760050000,1,2.94445083,11.20
1621985310487000,1,9.47492165,11.19
