timestamp ms,type,amount,price
1621814742873000,0,126.38055429,9.75
1621814742886000,0,0.00000001,9.75
1621814743103000,0,67.90119000,9.76
1621815432058000,0,29.99999999,9.99
1621815432089000,0,0.00000001,9.99
1621815447917000,0,2.70823453,10.00
1621815732914000,0,113.41952255,10.08
1621815878814000,0,17.28618715,10.12
1621816152359000,0,36.58735706,10.04
1621816270766000,1,100.00370009,10.00
1621816871264000,1,44.45150898,9.88
1621816909040000,0,5.00000000,9.78
1621817423768000,0,10.07185259,9.93
1621817496384000,1,27.35803974,9.81
1621818173970000,1,101.01351521,9.75
1621819046483000,0,650.73584175,9.62
1621819123091000,1,216.61727052,9.61
1621820799396000,1,30.05273475,9.77
1621820908589000,1,19.58086965,9.76
1621821324768000,1,13.05085497,9.78
1621823269423000,1,9.56047642,9.77
1621823324733000,0,4.83733321,9.82
1621825194727000,1,30.00000000,9.84
1621829090771000,1,20.63383850,9.88
1621829331079000,1,20.66968113,9.88
1621829451038000,1,14.00000000,9.80
1621829889834000,1,29.39019274,9.81
1621830064659000,1,67.43373000,9.84
1621830064659000,1,58.01741807,9.83
1621830064659000,1,69.58087971,9.83
1621830249357000,1,125.45114072,9.83
1621830941940000,1,16.91973528,9.83
1621831002658000,0,16.91973528,9.75
1621831191139000,1,25.00000000,9.74
1621831259057000,0,50.00000000,9.66
1621831328212000,1,37.50000000,9.59
1621831543810000,0,210.09681000,9.58
1621832402716000,0,2.50000000,9.65
1621832617859000,0,61.62851194,9.86
1621832653478000,1,46.22138396,9.84
1621832657355000,1,15.40712798,9.84
1621833332042000,0,9.99395365,10.01
1621833571708000,0,123.47817342,9.99
1621833571708000,0,225.21915716,10.01
1621833571708000,0,6.64381140,10.01
1621833571708000,0,41.96570881,10.01
1621833603528000,1,2.02000000,9.94
1621833612153000,1,14.68517765,9.92
1621833999040000,1,5.98992038,9.92
1621834044965000,1,122.80153453,9.89
1621834210483000,0,66.97504000,9.90
1621834210483000,0,1.25096032,9.90
1621835490298000,1,35.00000000,9.75
1621836093529000,0,50.71909533,9.86
1621837333221000,0,122.80153453,9.92
1621837591405000,0,2.02000000,9.98
1621837593089000,0,464.43391793,9.99
1621837598792000,0,86.72198672,10.01
1621837929619000,1,9.49667948,9.97
1621839873425000,0,1.95352352,10.45
1621839976734000,0,14.30349148,10.49
1621840011892000,0,4.76190476,10.50
1621840042645000,0,33.48074061,10.50
1621840217811000,1,10.00000000,10.65
1621840228777000,0,8.88994528,10.69
1621840295279000,0,115.46964453,10.67
1621840295279000,0,12.62434718,10.68
1621840473540000,0,2.34716659,10.65
1621840508639000,0,9.40020135,10.64
1621840523493000,1,10.00000000,10.60
1621840544411000,0,20.83181434,10.56
1621840668961000,1,100.00000000,10.50
1621840720199000,1,38.71658650,10.50
1621840760002000,1,28.68198403,10.49
1621840839208000,1,7.00000000,10.55
1621840904482000,0,9.39665046,10.64
1621841002463000,0,114.90403175,10.74
1621841002463000,0,114.85014672,10.74
1621841002463000,0,3.72208054,10.75
1621841019618000,1,142.15149159,10.74
1621841142591000,0,43.02297604,10.72
1621841142591000,0,3.61565467,10.73
1621841237053000,0,9.29306709,10.76
1621841322060000,0,115.31407649,10.69
1621841322060000,0,165.29831544,10.70
1621841466176000,0,28.07981781,10.68
1621841476535000,0,21.52739688,10.68
1621841550951000,1,10.66370393,10.70
1621841774399000,0,62.50323798,10.81
1621841903531000,0,1.87797922,10.87
1621841914869000,0,113.22433432,10.90
1621841914869000,0,17.72366494,10.90
1621841942210000,0,49.57282057,10.90
1621842079036000,0,10.44447819,10.93
1621842319542000,0,112.30049286,10.99
1621842319542000,0,112.20274408,11.00
1621842319542000,0,20.82051282,11.00
1621842319542000,0,28.99722160,11.00
1621842321888000,0,48.00000000,11.13
1621842321888000,0,14.00000000,11.13
1621842321888000,0,61.34324000,11.13
1621842321888000,0,76.65676000,11.15
1621842374706000,0,112.59809567,10.96
1621842374706000,0,112.59809567,10.96
1621842374706000,0,48.51022085,10.97
1621842374715000,0,92.10368303,10.97
1621842388793000,0,91.13244825,10.97
1621842570458000,1,112.28370649,10.95
1621842570458000,1,112.28370649,10.94
1621842570458000,1,139.85684529,10.93
1621842659116000,0,43.02297604,11.00
1621842770438000,0,10.06973518,11.02
1621842845038000,0,111.70482527,11.05
1621842845038000,0,4.80629473,11.06
1621842845189000,0,59.87996000,11.05
1621843078303000,0,198.35450981,11.09
1621843080841000,0,94.16710182,11.16
1621843281151000,1,744.09027612,11.05
1621843281730000,1,255.90972388,11.05
1621843843109000,0,6.31665765,11.08
1621843938690000,0,20.00000000,11.08
1621844192070000,0,8.60569606,11.04
1621844315058000,0,110.85213549,11.13
1621844315058000,0,184.96564500,11.13
1621844315058000,0,110.85213549,11.14
1621844315058000,0,196.68882114,11.14
1621844315058000,0,33.41706677,11.14
1621844315058000,0,184.75355915,11.14
1621844315058000,0,74.66167890,11.15
1621844315701000,0,6.89011248,11.15
1621844363867000,1,2.80006791,11.01
1621844994402000,0,6.48135157,10.83
1621845121509000,1,114.07361144,10.78
1621845121509000,1,83.07797522,10.78
1621845135075000,1,44.45150898,10.78
1621845221537000,1,6.89011248,10.73
1621845265635000,0,114.48638982,10.77
1621845265635000,0,94.94429619,10.77
1621845322294000,1,68.45884894,10.82
1621845332851000,0,68.71383000,10.82
1621845452209000,1,40.00000000,10.86
1621845912595000,0,20.00000000,10.89
1621845920693000,0,15.00000000,10.90
1621846212198000,1,9.36775453,10.82
1621846383565000,1,6.31665765,10.89
1621846525697000,0,61.24400999,10.90
1621846525719000,0,40.52650121,10.90
1621846525719000,0,20.71750878,10.91
1621846902118000,1,211.30838980,10.87
1621846902118000,1,14.00000000,10.87
1621847132529000,1,1.86000000,10.80
1621847187845000,0,17.31895229,10.83
1621847533140000,1,58.99629729,10.73
1621847797130000,0,200.94673994,10.83
1621847797130000,0,255.42600000,10.83
1621847904786000,0,74.94197981,10.89
1621848212409000,1,6.48135157,10.70
1621848423835000,1,208.85962292,10.67
1621848423928000,1,48.00000000,10.62
1621848423928000,1,14.00000000,10.62
1621848423928000,1,218.61239193,10.62
1621848506665000,1,12.00000000,10.65
1621848618230000,0,61.50873000,10.66
1621848618230000,0,14.00000000,10.67
1621848618230000,0,112.53065894,10.67
1621848878296000,0,9.26623439,10.69
1621849173596000,1,218.28061132,10.53
1621849198308000,1,40.01769925,10.51
1621849283531000,1,3.00000000,10.55
1621849364652000,0,9.98150106,10.60
1621850436087000,1,10.00000000,10.42
1621850436525000,1,8.46213912,10.42
1621850459283000,1,36.58735706,10.44
1621850569696000,1,9.98150106,10.52
1621850658628000,1,81.59048017,10.51
1621850792229000,1,197.17885026,10.45
1621850792229000,1,40.77610000,10.45
1621851302112000,1,46.63863071,10.51
1621851334248000,0,25.00000000,10.56
1621851366838000,1,99.36751874,10.54
1621851445232000,1,9.99899524,10.55
1621852363112000,1,37.00000000,10.34
1621852432853000,0,5.04490204,10.36
1621853220346000,0,5.00000000,10.35
1621853280665000,1,54.27681605,10.30
1621853280842000,1,15.94774669,10.27
1621853358520000,1,44.67220890,10.33
1621853632665000,0,136.00710876,10.49
1621854296739000,0,63.10510000,10.78
1621854296739000,0,0.89490000,10.78
1621854334961000,1,114.62599579,10.69
1621854334961000,1,34.42528231,10.69
1621854609554000,1,164.58088311,10.69
1621854855173000,0,5.02581428,10.73
1621855244163000,1,5.02581428,10.66
1621855785264000,0,350.89050580,10.79
1621856090115000,0,1.86000000,10.90
1621856187872000,1,90.45784678,10.90
1621856299068000,1,3.07708163,10.87
1621856299068000,1,110.62413100,10.87
1621856400066000,1,112.68341157,10.89
1621856400066000,1,36.36786654,10.87
1621857050356000,0,1.82177568,10.98
1621857077528000,1,64.00000000,10.93
1621857233268000,1,52.59767672,10.99
1621857289019000,0,218.98904035,11.03
1621857289019000,0,7.58983199,11.04
1621857724548000,0,4.52163375,11.06
1621857730045000,0,79.82520460,11.05
1621857730045000,0,10.64349713,11.06
1621857805968000,0,90.70113793,11.03
1621857807742000,0,9.06694762,11.03
1621857843795000,1,5.04490204,10.98
1621857843944000,0,27.23759078,11.01
1621857910135000,1,18.65706449,10.96
1621858110168000,1,1.84000000,10.95
1621858150335000,1,18.53111967,10.94
1621858328172000,0,70.00000000,10.92
1621858367095000,0,2.28442769,10.94
1621858480530000,0,1.84000000,11.00
1621858551011000,0,111.85179714,11.01
1621858568647000,0,4.86384232,11.03
1621858728461000,0,44.91892628,11.01
1621858753419000,1,4.86384232,10.98
1621858798496000,0,38.93022353,11.03
1621859163520000,0,4.50087947,11.11
1621859183478000,1,33.19959878,11.05
1621859282817000,0,59.77271000,11.21
1621859282817000,0,109.96310749,11.21
1621859282817000,0,107.01276615,11.21
1621859282820000,0,2.95034134,11.21
1621859308154000,0,3.24009657,11.26
1621859348887000,1,11.91321771,11.27
1621859348887000,1,31.47985066,11.27
1621859397167000,0,10.00000000,11.30
1621859436102000,1,8.21669731,11.30
1621859439522000,0,108.85804801,11.31
1621859439522000,0,55.63551538,11.31
1621859500078000,0,1.79655557,11.36
1621859700255000,0,4.38981562,11.39
1621859732848000,0,8.77248387,11.40
1621859815663000,1,2.08206809,11.37
1621859818608000,0,24.97789237,11.41
1621859979570000,0,107.32292637,11.47
1621859979570000,0,107.26765145,11.48
1621859979570000,0,218.08152892,11.48
1621859979570000,0,129.91832119,11.48
1621860014006000,0,72.49351336,11.50
1621860095918000,0,17.86769202,11.53
1621860095918000,0,25.91977232,11.54
1621860135758000,0,106.89221241,11.52
1621860135758000,0,63.10778759,11.52
1621860143455000,0,28.15138148,11.53
1621860570865000,0,15.84950716,11.36
1621860702930000,1,58.56813000,11.30
1621860702930000,1,217.03797765,11.30
1621860702930000,1,209.59439781,11.30
1621860702930000,1,14.00000000,11.30
1621860702930000,1,63.38992247,11.30
1621860891450000,0,10.00000000,11.36
1621861537845000,1,109.35347657,11.25
1621861537845000,1,108.92713475,11.25
1621861585098000,0,110.22034662,11.21
1621861585098000,0,7.68019427,11.22
1621861592059000,1,220.71836355,11.13
1621861592059000,1,48.00000000,11.12
1621861592059000,1,10.96265582,11.12
1621861592087000,1,3.03734418,11.12
1621861850836000,0,170.00000000,11.11
1621861929903000,0,110.71783944,11.14
1621861929903000,0,14.37648594,11.14
1621862159100000,1,111.02443457,11.07
1621862159100000,1,125.80322931,11.06
1621862259601000,0,36.32823284,11.01
1621862328361000,1,86.72198672,10.92
1621862336305000,1,112.61272242,10.91
1621862336305000,1,112.66911548,10.91
1621862336305000,1,56.47125100,10.90
1621862336310000,1,131.26368241,10.90
1621862336310000,1,150.48940649,10.89
1621862406848000,0,74.85603845,10.89
1621862406848000,0,122.36077317,10.89
1621862470325000,0,10.01531432,10.98
1621863005032000,1,20.83181434,11.05
1621863043564000,0,60.42928000,11.10
1621863043564000,0,15.69619582,11.10
1621863075712000,0,54.78010997,11.08
1621863203549000,1,738.96161863,11.11
1621863204111000,1,739.17959811,11.11
1621863204756000,1,739.32885502,11.11
1621863205362000,1,110.88083903,11.11
1621863205362000,1,739.47612214,11.11
1621863206035000,1,605.12796256,11.11
1621863330710000,1,9.99395365,11.05
1621863375644000,0,26.84210951,11.12
1621863847215000,1,50.00000000,11.07
1621863852362000,1,20.00000000,11.05
1621864147478000,0,110.00418479,11.20
1621864147478000,0,110.00418479,11.20
1621864147478000,0,57.95849741,11.21
1621864167437000,1,110.00418479,11.20
1621864275450000,0,111.78977337,11.02
1621864275638000,1,126.52969220,11.02
1621864384456000,1,1.84000000,10.95
1621864540305000,0,1.84000000,11.00
1621864600368000,0,20.00000000,11.00
1621864813635000,0,10.00000000,10.99
1621864893366000,1,80.06644730,11.07
1621864939768000,1,45.41069730,11.07
1621865075976000,1,25.25221592,11.02
1621865099648000,1,12.77313972,10.99
1621865293581000,0,1.88356550,11.08
1621865381381000,0,34.00231612,11.09
1621865876429000,0,110.21533746,11.17
1621865876429000,0,110.21375450,11.17
1621865876429000,0,56.91007208,11.17
1621865876433000,0,126.86089714,11.17
1621865876433000,0,50.68176069,11.18
1621866777857000,0,20.00000000,11.12
1621866859424000,1,7.34127742,11.06
1621866896693000,0,183.23277259,11.01
1621867030883000,1,5.00000000,10.97
1621867045220000,1,33.98342336,10.96
1621867048895000,1,1.84000000,10.95
1621867065157000,0,112.35024956,10.96
1621867065203000,0,59.79719000,10.97
1621867065437000,1,104.77820432,10.97
1621867085911000,0,1.84000000,11.00
1621867144762000,1,17.83084912,10.97
1621867213420000,0,20.00000000,11.02
1621869105263000,0,17.88756769,11.18
1621869509014000,1,6.21837085,11.31
1621869539448000,0,88.80687080,11.26
1621870182381000,0,138.68346631,11.38
1621870575146000,0,119.15973279,11.50
1621870576525000,1,88.01722373,11.50
1621870673900000,0,86.97013690,11.50
1621870880438000,1,86.97013690,11.41
1621871057298000,1,5.21161024,11.46
1621871079806000,1,64.92138800,11.51
1621871079837000,0,0.00000672,11.51
1621871080119000,1,41.82768950,11.51
1621871164202000,0,40.56298459,11.48
1621871322954000,0,10.95885574,11.33
1621871483641000,0,15.98616537,11.32
1621872083121000,1,106.48563979,11.54
1621872083122000,1,0.00000001,11.54
1621872083122000,1,106.53106841,11.54
1621872083967000,1,96.57734944,11.54
1621872084652000,1,0.00000001,11.54
1621872139720000,0,1.76394051,11.57
1621872141777000,0,15.00000000,11.57
1621872146583000,0,630.76115194,11.58
1621872152670000,0,60.78791526,11.61
1621872962142000,1,59.28847000,11.17
1621872962142000,1,108.67394619,11.16
1621872962236000,0,39.21454033,11.16
1621872972658000,0,39.23899000,11.20
1621873008444000,1,39.21453418,11.16
1621873008444000,1,207.17695609,11.16
1621873175882000,1,1.84000000,10.95
1621873187450000,1,112.67802478,10.90
1621873187450000,1,112.68755564,10.90
1621873187686000,1,34.00231612,10.88
1621873388454000,1,112.42878158,10.93
1621873388454000,1,7.57121842,10.93
1621873619512000,0,1.84000000,11.00
1621873619512000,0,11.28279817,11.00
1621873933412000,0,89.40751288,11.10
1621874086621000,0,2.73472360,10.97
1621874087041000,1,1.84000000,10.95
1621874087041000,1,87.56751288,10.94
1621874216043000,0,1.84000000,11.01
1621874703067000,1,9.29306709,11.17
1621876509577000,1,1.82177568,11.12
1621878688230000,1,62.50323798,11.30
1621878703759000,0,2.60000000,11.31
1621879374998000,0,87.54206396,11.42
1621879651769000,0,50.00000000,11.38
1621879816413000,0,4.34283371,11.51
1621880179153000,0,32.11759859,11.53
1621880383547000,0,294.16710182,11.62
1621880623388000,0,10.00000000,11.67
1621880661772000,0,1.73316380,11.78
1621880661772000,0,23.34321377,11.79
1621880996870000,0,104.25512837,11.82
1621880996870000,0,95.74487163,11.82
1621881000753000,1,10.95885574,11.76
1621881034690000,0,104.33947274,11.81
1621881067365000,1,4.34283371,11.78
1621881073351000,0,104.26996537,11.81
1621881086285000,0,104.34864523,11.80
1621881086285000,0,104.37484630,11.81
1621881086285000,0,173.90876493,11.82
1621881086285000,0,173.78327562,11.83
1621881086285000,0,7.24211030,11.83
1621881126396000,0,2.00000000,11.76
1621881216730000,0,14.64779406,11.85
1621881216730000,0,103.94203239,11.86
1621881216730000,0,81.41017355,11.87
1621881657220000,1,104.98632481,11.70
1621881657220000,1,105.02982149,11.70
1621881657220000,1,14.00000000,11.69
1621881657220000,1,209.83428945,11.69
1621881657220000,1,129.80720663,11.68
1621881750635000,1,2.50000000,11.70
1621882296084000,1,2.17356321,11.79
1621883150935000,0,14.02731123,11.71
1621883473990000,0,5.89287584,11.72
1621883789882000,1,3.50000000,11.60
1621884065238000,0,5.89287584,11.64
1621884272798000,0,9.88363322,11.53
1621884441380000,0,12.17042229,11.54
1621884458449000,0,94.48538138,11.54
1621884458449000,0,18.98926434,11.55
1621884730502000,1,88.50000000,11.60
1621884777178000,0,68.68102386,11.65
1621884955219000,1,3.00000000,11.50
1621885318558000,1,76.12547582,11.46
1621885444654000,0,47.00000000,11.60
1621885444668000,1,10.04859000,11.60
1621885488068000,0,8.55910102,11.68
1621885751510000,0,19.06409369,11.71
1621885924598000,0,54.15683678,11.79
1621885931975000,0,50.13504144,11.79
1621885931975000,0,32.83347195,11.79
1621885944697000,1,10.44447819,11.75
1621886048462000,1,103.95775640,11.80
1621886319510000,1,104.14486293,11.77
1621886319510000,1,49.62258945,11.77
1621886476043000,0,43.78746434,11.89
1621886790562000,0,103.89038075,11.85
1621886790644000,1,94.21647443,11.85
1621886842403000,1,19.06409369,11.80
1621886902256000,0,1.69165094,11.82
1621887237600000,0,691.76638605,11.83
1621887238098000,0,368.23361395,11.83
1621887288932000,0,687.52106203,11.90
1621887476040000,1,82.96851339,11.66
1621887476340000,1,119.15973278,11.66
1621887701884000,0,12.11710180,11.71
1621887706882000,1,3.50049462,11.68
1621888094287000,1,27.43014718,11.63
1621888303431000,1,13.71507359,11.52
1621888457689000,1,106.95769761,11.47
1621888457815000,0,91.14915757,11.47
1621888772645000,0,50.00000000,11.55
1621888773542000,0,3.07708163,11.56
1621888911035000,1,101.11646300,11.56
1621888981385000,1,48.36583760,11.55
1621888999123000,0,33.93729042,11.55
1621889658798000,1,100.00000000,11.48
1621889699176000,0,39.08681876,11.51
1621890066457000,0,3.97052209,11.55
1621891208434000,0,39.08681876,11.57
1621891693432000,1,9.26623439,11.55
1621892066107000,0,19.52088087,11.60
1621892073243000,1,100.00000000,11.58
1621892140528000,0,8.54973423,11.70
1621892236665000,0,13.00000000,11.71
1621892481197000,1,19.52088087,11.53
1621892530184000,1,13.99999999,11.41
1621892530198000,1,0.00000001,11.41
1621892598674000,0,19.66878228,11.45
1621892697199000,1,19.66878228,11.31
1621892754119000,0,19.53377059,11.39
1621892921546000,1,100.00000000,11.44
1621893089923000,1,19.53377059,11.46
1621893820506000,1,4.15401377,11.45
1621894083466000,0,1.73329450,11.54
1621895648010000,0,19.15363279,11.44
1621895891479000,0,45.00171095,11.33
1621895925095000,1,19.15363279,11.25
1621895925188000,1,89.86568693,11.25
1621895925188000,1,109.04081679,11.25
1621895925188000,1,217.89569088,11.25
1621895925188000,1,255.42600000,11.25
1621895925188000,1,58.85601000,11.24
1621895925188000,1,211.32488592,11.24
1621895925188000,1,14.00000000,11.24
1621895925188000,1,43.59090948,11.24
1621897324058000,0,6.50000000,11.26
1621897390780000,0,22.14274453,11.29
1621898843833000,1,2.00000000,11.23
