timestamp ms,type,amount,price
1627258379845000,0,12.62818235,7.1523
1627258379845000,0,12.08663700,7.1553
1627258379845000,0,12.56220715,7.1553
1627258379845000,0,178.10129866,7.1559
1627258379845000,0,203.65234022,7.1634
1627258496775000,0,50.00000000,7.1960
1627258501630000,0,31.25000000,7.2000
1627258501640000,0,984.68262763,7.2000
1627258644193000,1,14.10612353,7.2015
1627259698417000,0,3.53334916,7.2474
1627259945962000,0,99.18780000,7.2700
1627259987777000,0,0.00004876,7.2700
1627260036524000,0,14.10000000,7.2941
1627260652979000,1,31.25000000,7.3597
1627260655977000,1,31.25000000,7.3597
1627260658784000,1,31.25000000,7.3597
1627260736301000,0,31.25000000,7.3883
1627260781989000,0,12.80534285,7.3877
1627260781989000,0,6.52427900,7.3883
1627260781989000,0,12.02096727,7.3916
1627260781989000,0,239.19631706,7.3928
1627260798522000,0,12.51657771,7.3891
1627260799299000,1,207.79867400,7.3891
1627260809055000,1,127.71300000,7.3891
1627260809085000,1,460.75489655,7.3891
1627260853491000,0,12.21640054,7.3955
1627260853551000,0,113.92880784,7.3962
1627260926597000,1,50.00000000,7.3998
1627260981484000,0,3.64148924,7.4000
1627260981484000,0,124.19751076,7.4017
1627260981518000,0,31.25000000,7.4017
1627260982003000,0,82.57404450,7.4017
1627261097884000,0,17.04482891,7.4440
1627261109219000,0,9.65848960,7.4503
1627261209108000,1,31.25000000,7.4434
1627261210110000,1,31.25000000,7.4434
1627261218431000,1,27.50000000,7.4434
1627261283096000,0,4.37992571,7.4843
1627261283096000,0,105.38289859,7.4893
1627261283096000,0,2.90000000,7.5000
1627261283096000,0,17.92093054,7.5112
1627261680429000,1,97.60538000,7.3119
1627261680891000,1,10.96495612,7.2948
1627261680925000,1,1.38361668,7.2948
1627261680925000,1,12.22485830,7.2930
1627261680925000,1,76.39152502,7.2912
1627261680953000,1,21.21384747,7.2912
1627261680953000,1,28.78615253,7.2614
1627261707992000,0,31.25000000,7.3494
1627261720392000,1,31.25000000,7.3430
1627261784567000,1,31.25000000,7.3662
1627261843373000,1,31.25000000,7.3827
1627261843551000,1,68.75000000,7.3827
1627261862871000,0,31.25000000,7.3851
1627261864004000,0,31.25000000,7.3851
1627261919880000,0,31.25000000,7.4200
1627261920895000,0,31.25000000,7.4200
1627261921314000,0,72.77349736,7.4200
1627261958979000,0,135.27349737,7.4400
1627262113043000,1,31.25000000,7.4450
1627262138436000,1,31.25000000,7.4466
1627262332769000,0,12.38180000,7.4343
1627262332807000,0,0.00003985,7.4343
1627262332807000,0,12.55373932,7.4361
1627262332863000,1,1.86115411,7.4361
1627262333140000,0,34.29325659,7.4380
1627262333140000,0,12.75146666,7.4380
1627262333140000,0,10.14090500,7.4418
1627262333226000,1,12.08308197,7.4343
1627262333377000,0,19.16691803,7.4343
1627262333377000,0,24.15586520,7.4418
1627262333377000,0,52.23052864,7.4452
1627262333378000,0,57.12603277,7.4452
1627262333476000,0,26.48755332,7.4452
1627262333476000,0,20.51243878,7.4461
1627262333518000,0,36.67319709,7.4461
1627262333518000,0,20.43280518,7.4484
1627262333631000,0,36.69323515,7.4484
1627262333631000,0,57.10600983,7.4547
1627262333631000,0,10.69008602,7.4713
1627262333740000,0,46.99999500,7.4713
1627262333741000,0,0.00000500,7.4713
1627262333741000,0,115.06804300,7.4825
1627262333941000,0,41.93195700,7.4825
1627262334043000,0,12.18937672,7.4883
1627262334043000,0,12.84795687,7.4902
1627262334043000,0,137.06395907,7.4921
1627262334447000,0,156.99999323,7.4920
1627262334529000,0,0.00000677,7.4920
1627262334529000,0,25.03732544,7.4921
1627262335267000,1,12.08308200,7.4825
1627262335549000,1,167.55191800,7.4825
1627262335549000,1,115.06803623,7.4825
1627262335549000,1,10.74048400,7.4713
1627262335552000,1,34.27172353,7.4547
1627262335553000,1,22.83427987,7.4547
1627262335659000,0,34.26728048,7.4522
1627262335659000,0,34.28525936,7.4524
1627262335659000,0,57.11953923,7.4561
1627262335659000,0,117.77072177,7.4579
1627262338171000,1,34.24907419,7.4599
1627262345643000,1,145.38592581,7.4599
1627262345643000,1,68.54344200,7.4599
1627262345643000,1,40.57389219,7.4579
1627262356638000,1,127.11446065,7.4579
1627262371716000,1,57.12603277,7.4461
1627262371716000,1,119.85572153,7.4461
1627262374210000,1,46.00000000,7.4461
1627262392774000,1,49.55331300,7.4461
1627262392774000,1,57.34366659,7.4461
1627262769007000,0,4.70263836,7.5500
1627262934668000,0,50.00000000,7.5400
1627262943378000,0,41.51989218,7.5500
1627262943378000,0,13.81067647,7.5500
1627262959150000,0,31.25000000,7.6000
1627262959151000,0,109.75000000,7.6000
1627263016755000,0,4.69626562,7.6427
1627263065226000,0,12.12264372,7.6427
1627263065226000,0,0.96161918,7.6436
1627263113211000,1,53.18784877,7.6417
1627263122755000,0,2.73882229,7.6465
1627263174013000,0,3.45277777,7.7000
1627263174013000,0,65.86676731,7.7000
1627263174065000,0,112.14340149,7.7000
1627263174087000,0,31.25000000,7.7000
1627263174097000,0,209.80696400,7.7000
1627263174117000,0,127.83900000,7.7000
1627263174308000,0,19.00351301,7.7000
1627263175289000,0,45.73186944,7.7000
1627263177037000,0,92.67786000,7.7000
1627263177999000,0,31.25000000,7.7000
1627263179129000,0,31.25000000,7.7000
1627263180181000,0,31.25000000,7.7000
1627263180889000,0,12.98701299,7.7000
1627263181451000,0,45.68979905,7.7000
1627263181461000,0,12.98701299,7.7000
1627263181591000,0,127.83900000,7.7000
1627263181668000,0,152.42779972,7.7000
1627263234738000,0,12.73501500,7.7469
1627263234803000,0,12.60554300,7.7489
1627263240221000,0,12.97406992,7.7469
1627263241466000,0,0.00000712,7.7469
1627263242097000,1,31.25000000,7.7469
1627263243422000,1,31.25000000,7.7469
1627263243583000,0,3.76000000,7.7500
1627263269463000,0,16.43146164,7.7535
1627263269463000,0,6.54985836,7.7561
1627263272554000,1,10.00000000,7.7499
1627263311887000,0,4.62102699,7.7564
1627263327880000,1,17.10300000,7.7575
1627263338753000,0,20.00000000,7.7558
1627263362525000,1,16.44554888,7.7494
1627263362531000,1,0.43949112,7.7494
1627263371385000,1,12.28170549,7.7391
1627263371385000,1,12.94158001,7.7362
1627263371385000,1,105.36046934,7.7352
1627263385074000,0,26.99872043,7.7391
1627263385273000,0,6.65000000,7.7391
1627263386051000,0,127.83900000,7.7391
1627263390841000,0,33.00000000,7.7391
1627263391544000,0,33.61130000,7.7391
1627263394452000,1,3.76000712,7.7370
1627263397838000,1,12.97928428,7.7370
1627263400678000,0,7.00924000,7.7370
1627263408599000,1,92.33067000,7.7289
1627263411281000,0,3.89862489,7.7269
1627263419618000,1,8.20983711,7.7297
1627263423886000,1,12.97211470,7.7190
1627263423949000,0,41.15686368,7.7174
1627263428273000,1,209.72969392,7.7176
1627263428276000,1,4.53944240,7.7176
1627263428276000,1,12.76499338,7.7147
1627263428276000,1,12.43124298,7.7126
1627263428276000,1,13.53432581,7.7118
1627263428276000,1,47.00000000,7.7089
1627263428276000,1,119.45968935,7.7088
1627263428277000,1,164.73314472,7.7063
1627263428277000,1,44.99654920,7.7015
1627263428302000,1,93.54812000,7.6944
1627263428402000,1,164.80518148,7.7015
1627263428698000,0,12.99094401,7.6977
1627263439403000,0,10.22161000,7.6965
1627263450928000,1,31.25000000,7.6741
1627263471534000,0,127.83900000,7.6581
1627263477454000,1,93.21836000,7.6560
1627263483176000,1,12.82735528,7.6546
1627263483238000,0,31.25000000,7.6546
1627263483372000,0,28.86760000,7.6546
1627263484602000,0,0.00003160,7.6546
1627263485011000,0,4.04162251,7.6560
1627263485553000,0,1.84097668,7.6581
1627263486809000,1,12.78984437,7.6604
1627263486809000,1,17.21015563,7.6581
1627263488771000,0,12.69420000,7.6738
1627263497767000,0,12.26060000,7.6734
1627263500422000,0,4.60456628,7.6772
1627263552089000,0,12.37420000,7.7118
1627263560133000,0,3.80860200,7.7157
1627263564006000,1,92.46712000,7.7182
1627263564006000,1,12.28821743,7.7182
1627263564006000,1,4.66214289,7.7165
1627263588825000,1,12.18795155,7.7619
1627263588825000,1,12.78314648,7.7610
1627263588825000,1,84.44638229,7.7580
1627263662852000,0,7.43062524,7.8156
1627263663211000,0,0.00000001,7.8156
1627263703508000,0,12.28208804,7.8128
1627263703508000,0,12.97076637,7.8161
1627263703508000,0,74.74714559,7.8167
1627263935282000,1,12.08853868,7.7329
1627263960296000,1,31.25000000,7.7015
1627264229783000,1,12.95287749,7.7102
1627264229783000,1,78.46278251,7.7063
1627264535732000,1,12.29304744,7.6825
1627264535732000,1,12.11544445,7.6813
1627264535732000,1,75.59150811,7.6787
1627265853844000,0,31.25000000,7.7165
1627265858706000,0,31.25000000,7.7165
1627265863838000,0,840.03314826,7.7165
1627266243698000,0,12.61501713,7.7663
1627266243808000,1,31.25000000,7.7663
1627266247298000,1,408.99014647,7.7663
1627266247995000,0,12.79260660,7.7645
1627266247995000,0,92.17893252,7.7663
1627266248176000,1,8.24225178,7.7663
1627266295854000,0,12.66850110,7.7543
1627266295854000,0,12.38611663,7.7570
1627266295854000,0,12.91378654,7.7570
1627266295854000,0,12.88086985,7.7571
1627266295854000,0,118.90143280,7.7582
1627266324544000,0,12.36467551,7.7483
1627266324544000,0,12.46939090,7.7493
1627266324544000,0,12.93908055,7.7514
1627266324544000,0,47.35008714,7.7521
1627266369377000,1,7.97913427,7.7678
1627266380499000,1,10.64202415,7.7654
1627266392749000,1,16.62116362,7.7687
1627266397174000,0,12.46571181,7.7679
1627266401883000,0,9.35063698,7.7679
1627266404367000,1,28.05130337,7.7679
1627267522318000,0,31.25000000,7.8004
1627267552942000,0,31.25000000,7.7976
1627267558496000,1,12.44473012,7.7893
1627267558497000,0,12.99249783,7.7873
1627267558563000,0,127.83900000,7.7873
1627267558589000,0,16.60868512,7.7873
1627267563632000,0,31.25000000,7.7867
1627267563768000,0,96.16360000,7.7867
1627267578762000,0,0.00008481,7.7867
1627267580175000,1,50.00000000,7.7853
1627267591654000,1,131.87606796,7.7880
1627267601857000,1,98.90705097,7.7938
1627267606639000,1,14.45000000,7.7906
1627267614175000,1,74.18028822,7.7869
1627267620502000,0,37.09010000,7.7869
1627267622219000,1,12.35849809,7.7819
1627267622219000,1,6.18657396,7.7802
1627267623276000,0,0.00004412,7.7869
1627267625697000,1,13.90880405,7.7864
1627267629923000,1,4.63626801,7.7864
1627267633996000,0,127.83900000,7.7938
1627267646033000,1,5.13039411,7.7830
1627267662380000,0,15.39110000,7.7724
1627268270915000,1,84.19221769,7.7038
1627268507428000,1,255.42600000,7.6722
1627268507428000,1,6.66923159,7.6722
1627268530221000,1,131.37747013,7.6749
1627268921764000,0,12.28492347,7.6913
1627268921840000,1,31.25000000,7.6913
1627268921959000,1,185.84944188,7.6913
1627268937104000,1,31.25000000,7.6870
1627268938990000,1,31.25000000,7.6870
1627268940070000,1,109.63436781,7.6870
1627268951561000,1,129.09506589,7.6873
1627268981855000,0,12.72675923,7.6933
1627268981855000,0,12.46807900,7.6955
1627268981955000,1,47.34394108,7.6955
1627268988076000,0,54.39304316,7.6943
1627268999164000,1,64.94030112,7.7012
1627269013179000,1,48.70538816,7.7012
1627269025158000,1,97.37409138,7.7040
1627269126506000,0,48.85078429,7.6783
1627269471612000,1,103.21612388,7.6638
1627269471862000,1,31.00158591,7.6638
1627269947088000,0,31.25000000,7.6805
1627269961013000,0,31.25000000,7.6805
1627269967623000,0,31.25000000,7.6805
1627269967827000,0,71.71770000,7.6805
1627269967857000,0,0.00000979,7.6805
1627269967857000,0,1.74999348,7.6805
1627270340020000,1,12.30066859,7.7177
1627270340021000,1,12.62545129,7.7160
1627270340120000,1,75.18775561,7.7146
1627270811709000,1,31.25000000,7.7081
1627270819582000,1,31.25000000,7.7081
1627270824307000,1,2.93912362,7.7081
1627271045364000,0,12.87948177,7.7128
1627271045364000,0,11.84997299,7.7147
1627271045364000,0,165.05196203,7.7166
1627271045364000,0,164.99705360,7.7191
1627271045364000,0,114.15541119,7.7213
1627271103763000,1,127.71300000,7.7061
1627271104625000,1,31.25000000,7.7061
1627271135145000,1,1101.19378287,7.7061
1627271135168000,1,127.71300000,7.7061
1627271135543000,1,165.20513288,7.7061
1627271135695000,1,1101.32888903,7.7061
1627271135936000,1,165.20512455,7.7061
1627271138347000,1,18.74999254,7.7061
1627271139481000,1,95.35921800,7.7061
1627271139588000,1,413.70024698,7.7061
1627271300779000,1,77.86090150,7.7061
1627271378377000,1,87.52486175,7.7061
1627271809969000,1,1001.04665543,7.7061
1627273572202000,1,18.47603715,7.7768
1627273775355000,1,12.37312930,7.7663
1627273775355000,1,12.29244485,7.7663
1627273775860000,1,12.91159360,7.7680
1627273791574000,1,12.81547137,7.7690
1627273791574000,1,12.98751109,7.7682
1627273791574000,1,12.09812355,7.7654
1627273791574000,1,151.27434853,7.7651
1627273822970000,1,12.94342475,7.7488
1627273822970000,1,12.79650866,7.7471
1627273822970000,1,163.88191764,7.7450
1627273822970000,1,12.08338085,7.7447
1627273822970000,1,249.32954616,7.7441
1627274034733000,0,12.27816903,7.7330
1627274034733000,0,12.22723474,7.7358
1627274034733000,0,164.52984354,7.7368
1627274034733000,0,4.84875311,7.7386
1627275192905000,0,31.25000000,7.8001
1627275193205000,0,62.97331568,7.8001
1627275565014000,0,12.24369934,7.7742
1627275565014000,0,13.47566178,7.7781
1627275689096000,0,102.00000000,7.8000
1627275689096000,0,3.80000000,7.8000
1627276212699000,0,12.45649737,7.7185
1627276212699000,0,3.07567928,7.7213
1627276236520000,1,12.47615597,7.6975
1627276236520000,1,124.61708198,7.6969
1627276345826000,1,2.80654092,7.6994
1627276495781000,1,11.88166828,7.6995
1627276980668000,0,12.64980000,7.7858
1627277155869000,1,100.00000000,7.7722
1627277247597000,1,162.97658017,7.7909
1627277247713000,0,37.02341983,7.7909
1627277335270000,0,200.00000000,7.7637
1627277484346000,0,12.15332887,7.7941
1627277484346000,0,12.95722938,7.7972
1627277484346000,0,113.19387856,7.7980
1627277484346000,0,11.76727790,7.7992
1627277487720000,1,12.36660803,7.7812
1627277487720000,1,12.49773240,7.7812
1627277487783000,0,31.25000000,7.7812
1627277487785000,0,48.23972678,7.7812
1627277492306000,0,78.26555040,7.7812
1627277506375000,0,58.69916280,7.7812
1627277572496000,1,66.03655815,7.7791
1627277758680000,0,44.02437210,7.7827
1627278855049000,1,141.63707596,7.7789
1627278901159000,0,12.15394830,7.8164
1627278950384000,0,2.74620729,7.8335
1627278954349000,0,56.59693928,7.8480
1627279231402000,1,66.03655816,7.8674
1627279252277000,0,91.49346000,7.8916
1627279252277000,0,12.61061612,7.8921
1627279252277000,0,12.74614872,7.8921
1627279252277000,0,9.85936232,7.8960
1627279379477000,0,12.53031174,7.8813
1627279379477000,0,12.46164661,7.8844
1627279379477000,0,12.63424557,7.8844
1627279379477000,0,106.33388960,7.8853
1627279687927000,0,12.95501618,7.8852
1627279687927000,0,11.56520365,7.8872
1627279687927000,0,20.69842358,7.8891
1627279687927000,0,81.54754984,7.8891
1627279914171000,0,56.59693929,7.8980
1627279944879000,0,10.00000000,7.9000
1627280036122000,0,20.00000000,7.9159
1627280504580000,0,3.00000000,7.9470
1627280560372000,0,3.00000000,7.9495
1627280652748000,0,12.09925637,7.9427
1627280652748000,0,12.43997003,7.9467
1627280652748000,0,22.15350648,7.9467
1627280653098000,0,18.86412000,7.9467
1627280715270000,1,3.00000000,7.9633
1627280735034000,0,3.00000000,7.9633
1627280750992000,0,4.45937994,7.9669
1627280750992000,0,12.34826396,7.9779
1627280750992000,0,12.79597964,7.9800
1627280750992000,0,12.50669792,7.9836
1627280750992000,0,159.61437396,7.9840
1627280750992000,0,48.75002405,7.9925
1627280776765000,0,31.25000000,7.9608
1627280777238000,1,12.99680189,7.9578
1627280777238000,1,12.53519184,7.9552
1627280777238000,1,255.42600000,7.9539
1627280777238000,1,159.51840956,7.9538
1627280777238000,1,23.05830882,7.9518
1627280803587000,0,100.71009352,7.9598
1627280848957000,1,31.25000000,7.9500
1627280868128000,1,7.36935606,7.9500
1627280888142000,0,2.70000000,7.9600
1627281382082000,1,3.34936620,7.9836
1627281471125000,1,211.38064394,7.9500
1627281483080000,1,20.00000000,7.9322
1627281608503000,1,3.68467804,7.9048
1627281851083000,0,12.13289265,7.8955
1627281851083000,0,87.86710735,7.8965
1627281912338000,1,3.68467803,7.8764
1627281912646000,1,3.95106767,7.8769
1627281912646000,1,8.96434983,7.8764
1627281912646000,1,12.27500450,7.8745
1627281912646000,1,255.42600000,7.8734
1627281912646000,1,161.23469199,7.8734
1627281912646000,1,119.36676366,7.8705
1627281912679000,1,8.12781012,7.8774
1627281912679000,1,41.33206961,7.8705
1627281912679000,1,161.30323051,7.8700
1627281912679000,1,126.91812670,7.8682
1627281912679000,1,268.63221788,7.8682
1627281912679000,1,47.00000000,7.8676
1627281912679000,1,177.31218608,7.8616
1627282291246000,0,12.40719993,7.8756
1627282291246000,0,12.74401060,7.8784
1627282291246000,0,161.55402531,7.8795
1627282291246000,0,12.58480437,7.8810
1627282291246000,0,161.49429479,7.8824
1627282291246000,0,317.22048742,7.8876
1627282291246000,0,255.42600000,7.8876
1627282291246000,0,81.13346678,7.8876
1627282295527000,0,12.26281387,7.8752
1627282318011000,1,10.00000000,7.8592
1627282325157000,1,12.67012578,7.8560
1627282435147000,1,12.85787362,7.7908
1627282435147000,1,12.22113807,7.7889
1627282445230000,1,12.35814407,7.7870
1627282481623000,1,10.29171391,7.8004
1627282565310000,1,12.82182059,7.7696
1627282685472000,1,27.20694582,7.7877
1627282827758000,1,25.00000000,7.8150
1627283379569000,1,12.06724610,7.8542
1627283379569000,1,12.42110114,7.8529
1627283379569000,1,12.29765808,7.8510
1627283379569000,1,255.42600000,7.8502
1627283379569000,1,161.70206589,7.8502
1627283379569000,1,127.35436872,7.8465
1627283379569000,1,13.31386009,7.8464
1627283379569000,1,43.46795022,7.8459
1627283874617000,1,14.00000000,7.8815
1627284618577000,0,200.00000000,7.8679
1627284844875000,0,12.26467150,7.8212
1627284844875000,0,12.77314528,7.8241
1627284844875000,0,23.53148702,7.8251
1627284930905000,1,12.89458964,7.7882
1627284930905000,1,12.46736945,7.7862
1627284930905000,1,38.20868675,7.7844
1627284931317000,1,162.88571609,7.7871
1627284931317000,1,30.99828433,7.7844
1627285172096000,1,31.25000000,7.7200
1627285173292000,1,26.19365285,7.7200
1627285188019000,1,12.72480229,7.6966
1627285188019000,1,12.87503810,7.6946
1627285188019000,1,164.76747274,7.6927
1627285188019000,1,164.85271690,7.6891
1627285188019000,1,70.05989616,7.6852
1627285228931000,1,12.48936003,7.7053
1627285228996000,0,31.25000000,7.7053
1627285230329000,0,6.26063997,7.7053
1627285271228000,1,31.25000000,7.6877
1627285272458000,1,31.25000000,7.6877
1627285273297000,1,262.32584960,7.6877
1627285273800000,1,86.60330686,7.6810
1627285282394000,1,12.88965908,7.6568
1627285282394000,1,12.30638151,7.6563
1627285282394000,1,12.68181386,7.6542
1627285287412000,1,31.25000000,7.6420
1627285303719000,1,12.25860484,7.6607
1627285303719000,1,12.29457851,7.6607
1627285303719000,1,12.73294524,7.6588
1627285303719000,1,89.42345857,7.6569
1627285356999000,1,165.77974131,7.6489
1627285356999000,1,117.24785124,7.6481
1627285363996000,1,132.15019512,7.6616
1627285376490000,1,93.07392000,7.6510
1627285376490000,1,157.40079947,7.6507
1627285394996000,1,23.45100896,7.6594
1627285415753000,1,71.76273945,7.6600
1627285425643000,1,7.08197289,7.6623
1627285573722000,1,31.25000000,7.7125
1627285574936000,1,31.25000000,7.7125
1627285575405000,1,169.00106256,7.7125
1627285583660000,0,12.07034302,7.7073
1627285583717000,1,31.25000000,7.7073
1627285586176000,1,130.42198405,7.7073
1627285592362000,0,12.51822970,7.7008
1627285592362000,0,12.05992267,7.7041
1627285592362000,0,12.91043345,7.7041
1627285592362000,0,62.51141418,7.7046
1627285635028000,1,130.33371400,7.7057
1627285636152000,0,97.69204830,7.7103
1627285647171000,1,73.26887410,7.7103
1627285765370000,1,12.08951277,7.6977
1627285765370000,1,12.47204332,7.6977
1627285765370000,1,3.43844391,7.6948
1627285859313000,0,54.79064992,7.7330
1627285877129000,0,164.17025618,7.7392
1627285908863000,1,12.04113269,7.7212
1627285908863000,1,12.19427694,7.7185
1627285908863000,1,12.16480237,7.7185
1627285908863000,1,107.48340056,7.7173
1627285909911000,1,12.75271996,7.7185
1627285909911000,1,13.19136488,7.7166
1627286434380000,1,31.25000000,7.7054
1627286444827000,1,31.25000000,7.7054
1627286448218000,1,31.25000000,7.7054
1627286465710000,1,135.96403357,7.7054
1627286524560000,0,129.54995571,7.7268
1627286524560000,0,129.29091620,7.7268
1627286897269000,1,13.45950013,7.6420
1627286901190000,1,12.07873041,7.6073
1627286901190000,1,10.01313869,7.6054
1627286920387000,0,92.34828000,7.6282
1627286920387000,0,12.21739434,7.6284
1627286920387000,0,167.05820186,7.6292
1627286920387000,0,12.91339488,7.6302
1627286920387000,0,12.46188788,7.6319
1627286920387000,0,85.67719384,7.6326
1627286920387000,0,45.92978824,7.6368
1627287054490000,0,31.25000000,7.5988
1627287055775000,0,31.25000000,7.5988
1627287057003000,0,31.25000000,7.5988
1627287057691000,0,165.09087191,7.5988
1627287089199000,0,31.25000000,7.6231
1627287090149000,0,122.24218212,7.6231
1627287129642000,0,12.39938021,7.6326
1627287129642000,0,11.34985696,7.6345
1627287129642000,0,4.48249589,7.6364
1627287457298000,1,12.38199950,7.6451
1627287457298000,1,12.08847530,7.6434
1627287457298000,1,46.75532662,7.6415
1627287457752000,1,16.47300000,7.6415
1627287474476000,1,12.50794529,7.6557
1627287474476000,1,12.19813916,7.6550
1627287474476000,1,12.49245125,7.6531
1627287474476000,1,219.52709136,7.6519
1627287754344000,1,31.33450935,7.6720
1627288633876000,1,31.25000000,7.7046
1627288649409000,1,31.25000000,7.7046
1627288675572000,1,0.21602438,7.7046
1627289008882000,1,12.21058034,7.6676
1627289008882000,1,12.85103417,7.6649
1627289008882000,1,81.34285199,7.6637
1627289464342000,0,8.34285095,7.7575
1627289866777000,1,5.00000000,7.7548
1627290126816000,0,163.06051425,7.8172
1627290126816000,0,45.36669879,7.8216
1627290126827000,0,162.97390439,7.8212
1627290126827000,0,45.45330865,7.8216
1627290332730000,0,12.62481824,7.7904
1627290332730000,0,12.69692960,7.7920
1627290332730000,0,114.36398606,7.7930
1627290332730000,0,0.23707197,7.7936
1627291066273000,1,3.00000000,7.8204
1627291080784000,1,3.00000000,7.8264
1627291959468000,0,12.01369774,7.8380
1627291962642000,1,31.25000000,7.8380
1627291963385000,1,514.38479002,7.8380
1627292090601000,0,5.46772851,7.8224
1627292217835000,0,48.82997648,7.8180
1627292217835000,0,12.52261332,7.8184
1627292217835000,0,12.03900017,7.8204
1627292217835000,0,255.42600000,7.8209
1627292217835000,0,48.80995386,7.8209
1627292217835000,0,12.79913139,7.8229
1627292217835000,0,58.36432911,7.8247
1627292217835000,0,127.87313601,7.8280
1627292217835000,0,62.46843078,7.8280
1627292218938000,0,48.82997648,7.8180
1627292800166000,1,12.36675204,7.7659
1627292800166000,1,12.39231590,7.7659
1627292800166000,1,12.22578352,7.7629
1627292800166000,1,13.01514854,7.7620
1627292827017000,0,31.25000000,7.7719
1627292845877000,0,31.25000000,7.7719
1627292847502000,0,31.25000000,7.7719
1627292877404000,0,6.25000000,7.7719
1627292908056000,0,10.00000000,7.7914
1627293089962000,0,10.00000000,7.7965
1627294008314000,0,12.24454057,7.8396
1627294008314000,0,0.51122972,7.8405
1627294270482000,0,5.98005967,7.8494
1627295043097000,1,12.67893346,7.7680
1627295043097000,1,3.37166479,7.7671
1627295160612000,0,12.94729869,7.7771
1627295160612000,0,3.08197039,7.7798
1627296459406000,0,10.00000000,7.8596
1627296863324000,0,31.25000000,7.8793
1627296866690000,0,127.83900000,7.8793
1627296867643000,0,31.25000000,7.8793
1627296871573000,0,39.37500000,7.8793
1627296880922000,0,0.00003357,7.8793
1627297690968000,0,10.00000000,7.8300
1627297870492000,0,12.50259409,7.8763
1627297870492000,0,12.40001222,7.8763
1627297870492000,0,12.64031903,7.8790
1627297870492000,0,12.06671864,7.8790
1627297870492000,0,140.75694301,7.8802
1627298006119000,0,50.00000000,7.8645
1627298033003000,1,12.26212751,7.8567
1627298033003000,1,12.87796406,7.8540
1627298033003000,1,74.85990843,7.8528
1627298106965000,0,100.00000000,7.8705
1627298210716000,0,100.00000000,7.8817
1627298343763000,0,127.83900000,7.8807
1627298343780000,0,144.55082458,7.8807
1627298346794000,0,50.00000000,7.8807
1627298370785000,0,12.49669169,7.8960
1627298370785000,0,12.96456112,7.8988
1627298370785000,0,161.26789517,7.8999
1627298374148000,0,12.11024832,7.8988
1627298374148000,0,12.37404980,7.8990
1627298380313000,0,12.50959455,7.9014
1627298380313000,0,155.09875376,7.9027
1627298380313000,0,12.93472277,7.9043
1627298381357000,0,12.93472277,7.9010
1627298381357000,0,12.52224070,7.9041
1627298381357000,0,0.03614850,7.9043
1627298381357000,0,0.72049076,7.9057
1627298394690000,0,118.60282474,7.9066
1627298401353000,0,255.42600000,7.9095
1627298404831000,0,12.41430198,7.9194
1627298413776000,0,172.43453502,7.9216
1627298416649000,0,31.25000000,7.9003
1627298416774000,0,18.75000000,7.9003
1627298444688000,0,12.44031340,7.9037
1627298447735000,0,12.73164696,7.9082
1627298457925000,0,12.46031152,7.9168
1627298457925000,0,18.23885285,7.9176
1627298457925000,0,89.28732440,7.9177
1627298464777000,0,9.11942642,7.9176
1627298480856000,1,12.09290290,7.9042
1627298480856000,1,12.34650301,7.9011
1627298480921000,0,31.25000000,7.9011
1627298480960000,0,44.31059409,7.9011
1627298486712000,0,12.94070943,7.9185
1627298486712000,0,12.55118806,7.9186
1627298487690000,0,12.55125121,7.9225
1627298488749000,0,62.17256343,7.9225
1627298570194000,1,12.95160779,7.9020
1627298570254000,0,31.25000000,7.9020
1627298570373000,0,5.79839221,7.9020
1627298762628000,1,12.62001972,7.8990
1627298762694000,0,31.25000000,7.8990
1627298762783000,0,6.12998028,7.8990
1627298847728000,1,50.00000000,7.8743
1627298881888000,1,47.00000000,7.8678
1627298881983000,0,3.00000000,7.8678
1627298901458000,1,50.00000000,7.8591
1627299057924000,1,119.98648877,7.8794
1627299075352000,1,62.74946607,7.8799
1627299173895000,1,62.74946606,7.8606
1627299428156000,1,162.13524272,7.8336
1627299428156000,1,162.19060948,7.8310
1627299428156000,1,127.72577187,7.8229
1627299428156000,1,157.00000000,7.8229
1627299428156000,1,324.06720880,7.8229
1627299428156000,1,47.00000000,7.8225
1627299428156000,1,319.42774273,7.8162
1627299428156000,1,324.28641907,7.8162
1627299428156000,1,324.40328209,7.8133
1627299428156000,1,563.32474644,7.8121
1627300008037000,1,5.00000000,7.8200
1627300610806000,0,12.45447695,7.8516
1627300610855000,1,31.25000000,7.8516
1627300616990000,1,6.29552305,7.8516
1627300621173000,1,12.87566575,7.8367
1627300621173000,1,7.33582835,7.8339
1627300946174000,0,50.00000000,7.9000
1627300951207000,0,12.64651249,7.9097
1627300986746000,0,12.34587515,7.9024
1627300986746000,0,12.46145845,7.9044
1627301671290000,0,12.97673616,7.8651
1627301671290000,0,12.23429968,7.8670
1627301671290000,0,63.24038309,7.8690
1627301904381000,0,12.33957712,7.9268
1627301904381000,0,12.36916831,7.9302
1627301904381000,0,160.74771823,7.9308
1627301954188000,1,10.00000000,7.9429
1627302144351000,0,31.25000000,7.9822
1627302145535000,0,31.25000000,7.9822
1627302157568000,0,31.25000000,7.9822
1627302193089000,0,31.25000000,7.9822
1627302208428000,0,1061.54922605,7.9822
1627302208439000,0,127.83900000,7.9822
1627302208612000,0,91.23433430,7.9822
1627302208690000,0,57.41510051,7.9822
1627302208941000,0,10.00000000,7.9897
1627302208941000,0,1048.94598653,7.9953
1627302209178000,0,48.33225911,7.9953
1627302209451000,0,8.39039053,8.0000
1627302209451000,0,700.00000000,8.0000
1627302209451000,0,126.76619325,8.0000
1627302288878000,0,127.83900000,8.0500
1627302289208000,0,1052.34573885,8.0500
1627302289768000,0,465.73262961,8.0500
1627302291883000,0,3.05379644,8.0508
1627302303098000,1,31.25000000,8.0400
1627302303104000,1,203.82099555,8.0400
1627302303104000,1,111.26482534,8.0400
1627302508844000,0,12.18872456,8.0387
1627302508844000,0,158.42305548,8.0422
1627302508844000,0,12.44462843,8.0426
1627302508844000,0,158.36966810,8.0450
1627302508844000,0,64.39411534,8.0461
1627302589972000,0,12.89498237,8.0203
1627302589972000,0,7.10501763,8.0243
1627302701568000,0,20.00000000,8.0592
1627303693220000,0,12.55062423,8.0050
1627303693220000,0,14.55547197,8.0061
1627303803205000,1,12.93095925,7.9752
1627303803205000,1,12.33664826,7.9752
1627303803205000,1,11.93012062,7.9751
1627304434603000,1,31.25000000,7.9510
1627304437577000,1,9.44047918,7.9510
1627304726839000,1,12.39659763,7.8171
1627304726839000,1,12.19000978,7.8143
1627304726839000,1,12.26291906,7.8137
1627304726839000,1,12.83886769,7.8128
1627304726839000,1,162.72632072,7.8098
1627304726839000,1,133.92110601,7.8030
1627304727632000,1,20.43033197,7.8174
1627304999456000,1,31.25000000,7.8000
1627305014025000,1,31.25000000,7.8000
1627305022510000,1,31.25000000,7.8000
1627305038580000,1,547.27564102,7.8000
1627305228261000,0,12.37953893,7.7733
1627305260059000,1,165.18000388,7.7500
1627305260162000,1,59.47838321,7.7500
1627305282337000,1,168.92981889,7.7300
1627305429836000,0,37.99157703,7.7701
1627305481913000,0,8.02762473,7.8297
1627305482552000,0,21.97237527,7.8297
1627305612941000,1,31.25000000,7.7750
1627305744386000,1,50.00000000,7.7773
1627305773651000,1,12.84003170,7.7665
1627305773651000,1,12.59770704,7.7665
1627305773651000,1,14.64122126,7.7627
1627305957243000,1,31.25000000,7.7700
1627305959505000,1,127.12580437,7.7700
1627306216093000,0,31.25000000,7.7824
1627306217093000,0,31.25000000,7.7919
1627306218435000,0,31.25000000,7.7919
1627306219778000,0,31.25000000,7.7919
1627306223987000,0,12.66283281,7.8180
1627306223987000,0,11.89806717,7.8199
1627306223987000,0,142.59980797,7.8219
1627306491676000,0,12.58383823,7.7240
1627306491676000,0,12.66885274,7.7245
1627306491676000,0,12.67827986,7.7270
1627306491733000,1,31.25000000,7.7270
1627306491760000,1,25.87888422,7.7270
1627306521656000,0,31.25000000,7.7373
1627306522824000,0,31.25000000,7.7373
1627306534225000,0,12.11139942,7.7490
1627307271357000,0,3.43065936,7.7851
1627307369277000,0,50.00000000,7.8042
1627307617089000,0,31.25000000,7.8100
1627307617175000,0,110.96935327,7.8100
1627307629319000,0,12.10634790,7.8178
1627307721782000,0,3.83678814,7.8190
1627307871077000,0,31.25000000,7.8200
1627307871715000,0,16.15645110,7.8200
1627308036373000,0,50.00000000,7.8642
1627308180834000,1,31.25000000,7.9358
1627308186033000,1,31.25000000,7.9358
1627308297465000,1,12.72100806,7.9669
1627308297465000,1,12.83887849,7.9669
1627308297465000,1,12.76187921,7.9640
1627308297465000,1,78.89118823,7.9630
1627308321758000,1,2.87759110,7.9377
1627308338269000,1,4.43259953,7.9476
1627308383580000,0,31.25000000,7.9600
1627308383604000,0,127.83900000,7.9600
1627308383709000,0,329.55906103,7.9600
1627308436010000,1,62.71602438,7.9650
1627308551906000,0,12.55438875,8.0005
1627308551906000,0,12.02699060,8.0013
1627308551906000,0,11.68264591,8.0030
1627308551906000,0,29.73597474,8.0045
1627308708268000,0,12.92234135,7.9870
1627308708268000,0,11.58459107,7.9890
1627308708268000,0,89.53961000,7.9910
1627309351049000,1,31.25000000,8.0000
1627309351328000,1,18.75000000,8.0000
1627309351438000,1,1059.41690478,8.0000
1627309351855000,1,100.94086115,8.0000
1627309351959000,1,6.36223406,8.0000
1627309351960000,1,0.00000001,8.0000
1627309769556000,0,31.25000000,8.0373
1627309781237000,0,18.75000000,8.0373
1627309792181000,1,31.25000000,8.0373
1627309794518000,1,30.90177809,8.0373
1627309903180000,1,6.78002556,8.0212
1627309913549000,1,12.02581280,7.9827
1627309913549000,1,12.99025231,7.9807
1627309913549000,1,37.13571298,7.9787
1627309928978000,0,12.13243750,8.0036
1627309928978000,0,49.78409496,8.0076
1627309959118000,1,61.91653246,7.9300
1627310499533000,0,12.40174173,7.9899
1627310499533000,0,12.29771872,7.9920
1627310499533000,0,36.76697960,7.9922
1627310522972000,1,31.25000000,7.9988
1627310642639000,1,10.00000000,7.9053
1627310649976000,1,12.15170445,7.9016
1627310649976000,1,0.60406584,7.9015
1627310796851000,0,2.50840315,7.9732
1627311061861000,0,12.33720106,7.9772
1627311061861000,0,12.78424608,7.9797
1627311061861000,0,37.53412470,7.9812
1627311354779000,1,2.89703123,7.9318
1627311428880000,0,12.54550883,7.9710
1627311856643000,1,12.94891193,7.9105
1627311856643000,1,12.94431085,7.9075
1627311856643000,1,114.00964276,7.9065
1627311864026000,1,12.49925954,7.9075
1627311864026000,1,12.13404860,7.9047
1627311864026000,1,12.79194438,7.9047
1627311864026000,1,74.69088859,7.9035
1627311973665000,0,12.89187658,7.9903
1627311973665000,0,12.08829211,7.9938
1627311973665000,0,159.18525986,7.9941
1627311973665000,0,106.35910239,8.0000
1627312007954000,0,12.48522734,7.9819
1627312007954000,0,152.97689468,7.9829
1627312124282000,0,12.41568508,7.9361
1627312124282000,0,0.58431492,7.9373
1627312168193000,0,12.44622287,7.9588
1627312168193000,0,19.02545284,7.9594
1627312189030000,0,12.24067568,7.9659
1627312189030000,0,11.37251161,7.9674
1627312202767000,0,12.25053745,7.9645
1627312202767000,0,5.45249128,7.9649
1627312262041000,1,13.30050561,7.9587
1627312279390000,0,3.39136000,7.9587
1627312289976000,0,9.12131748,7.9643
1627312300751000,0,6.84113180,7.9640
1627312316157000,1,5.12895018,7.9670
1627312337599000,0,3.85006268,7.9603
1627312349077000,0,2.88650394,7.9629
1627312377766000,0,8.64829072,7.9738
1627312588986000,0,31.25000000,8.0000
1627312592786000,0,30.21644005,8.0000
1627313088558000,1,12.03228322,7.9634
1627313088645000,1,0.68634690,7.9634
1627313088754000,1,12.16052405,7.9626
1627313088971000,1,10.30556261,7.9601
1627313089079000,1,117.86790700,7.9561
1627313089436000,1,41.55780806,7.9561
1627313089440000,1,0.00000224,7.9561
1627313089440000,1,125.69148615,7.9526
1627313089566000,0,5.68955007,7.9560
1627313089566000,0,249.35633395,7.9560
1627313092357000,1,12.71862175,7.9526
1627314227481000,1,255.42600000,8.0387
1627314227481000,1,157.78447634,8.0387
1627314227481000,1,15.39566470,8.0342
1627314234021000,0,3.46760019,8.0500
1627314400069000,0,11.47167929,8.0198
1627314737966000,1,12.79785251,8.0158
1627314737966000,1,12.68501786,8.0158
1627314737966000,1,24.51712963,8.0118
1627315596679000,0,6.25547353,7.9930
1627315761514000,1,125.51912722,7.9876
1627315904399000,0,12.37207312,7.9991
1627315904399000,0,88.56954000,8.0031
1627315904399000,0,12.11040695,8.0032
1627315904399000,0,255.42600000,8.0115
1627315904399000,0,61.69671813,8.0115
1627315976939000,1,18.76493007,8.0095
1627316058168000,0,31.25000000,8.0846
1627316058728000,0,127.83900000,8.0846
1627316058738000,0,663.86968423,8.0846
1627316058950000,0,11.08327256,8.1100
1627316550366000,0,12.48170334,8.0334
1627316550422000,1,31.25000000,8.0334
1627316552167000,1,31.25000000,8.0334
1627316552204000,1,418.99468019,8.0334
1627316727345000,0,12.37428265,8.1066
1627316729969000,0,31.25000000,8.1100
1627316730978000,0,31.25000000,8.1100
1627316735182000,0,25.62497757,8.1100
1627316738296000,0,31.25000000,8.1100
1627316771550000,0,127.83900000,8.1100
1627316781978000,0,564.66143410,8.1100
1627316880852000,0,12.87700380,8.1816
1627316881853000,0,8.76625091,8.1816
1627316906464000,0,12.49228023,8.1909
1627316906464000,0,12.83732193,8.1943
1627316906464000,0,34.68168277,8.1950
1627317019866000,1,31.25000000,8.1854
1627317020984000,1,31.25000000,8.1854
1627317022052000,1,187.50000000,8.1854
1627317055511000,0,31.25000000,8.1731
1627317085017000,0,31.25000000,8.1760
1627317249194000,1,12.07216982,8.2087
1627317249194000,1,12.26303964,8.2087
1627317249194000,1,12.70890252,8.2087
1627317249194000,1,12.59037905,8.2059
1627317249262000,0,31.25000000,8.2050
1627317249372000,0,5.15811110,8.2050
1627317342501000,0,127.83900000,8.2700
1627317348549000,0,5.16100000,8.2700
1627317353462000,1,35.85108422,8.2718
1627317399157000,0,127.83900000,8.3000
1627317401503000,0,4.45573684,8.3000
1627317401503000,0,14.99999999,8.3000
1627317401509000,0,0.00000001,8.3000
1627317406003000,0,2.83544903,8.3087
1627317415411000,1,26.88831317,8.3118
1627317465589000,1,80.66493950,8.3179
1627317600462000,1,10.00000000,8.3300
1627317682268000,1,31.25000000,8.3300
1627317692076000,1,24.78721488,8.3300
1627317748287000,1,31.25000000,8.2885
1627317749385000,1,31.25000000,8.2885
1627317750588000,1,31.25000000,8.2885
1627317751785000,1,31.25000000,8.2885
1627317756865000,1,125.00000000,8.2885
1627317758813000,1,12.45360759,8.2706
1627317758813000,1,12.19541457,8.2684
1627317772303000,1,7.34232580,8.2546
1627317783783000,1,12.53045142,8.2613
1627317783783000,1,12.16024705,8.2583
1627317783783000,1,153.55619072,8.2572
1627317783783000,1,12.89127475,8.2564
1627317783783000,1,12.46574786,8.2540
1627317783783000,1,153.62174569,8.2537
1627317783851000,0,31.25000000,8.2500
1627317783901000,0,153.55619072,8.2500
1627317783913000,0,307.25431956,8.2500
1627317783975000,0,150.71383223,8.2500
1627317938087000,0,12.25101851,8.3185
1627317938087000,0,152.80451743,8.3206
1627317938087000,0,12.41584947,8.3208
1627317938087000,0,12.95948046,8.3227
1627317938087000,0,255.42600000,8.3246
1627317938087000,0,34.61462784,8.3246
1627317938087000,0,50.38758638,8.3246
1627317971655000,1,31.25000000,8.3057
1627317978940000,1,412.64943785,8.3057
1627317979970000,1,787.18070721,8.3016
1627317983876000,1,10.00000000,8.2854
1627318083293000,0,10.01992860,8.2695
1627318374922000,1,9.00000000,8.2681
1627318436229000,0,31.25000000,8.3185
1627318437231000,0,12.24468536,8.3185
1627318486722000,0,12.49384503,8.3978
1627318509977000,0,31.25000000,8.4285
1627318596872000,1,7.00000000,8.4284
1627318597764000,0,56.20523548,8.4512
1627318603375000,0,24.95098555,8.4618
1627318641804000,0,2.50000000,8.5000
1627318641804000,0,15.00000000,8.5000
1627318641804000,0,13.37420916,8.5000
1627318644255000,0,7.54321592,8.5000
1627318738976000,0,229.11059619,8.5000
1627318738976000,0,10.00000000,8.5000
1627318738976000,0,281.25000000,8.5000
1627318738976000,0,13.37420706,8.5000
1627318890087000,0,60.01128493,8.3881
1627318941855000,0,12.08193175,8.4793
1627318941855000,0,149.96277551,8.4810
1627318941855000,0,25.80494700,8.4813
1627319062786000,0,111.49240208,8.5208
1627319098314000,0,31.25000000,8.5400
1627319100001000,0,127.83900000,8.5400
1627319101488000,0,127.83900000,8.5400
1627319101823000,0,156.97143785,8.5400
1627319101823000,0,787.18070721,8.5400
1627319155427000,0,127.83900000,8.5600
1627319158050000,1,12.54550883,8.5556
1627319158622000,0,403.02008009,8.5600
1627319165993000,0,58.47265766,8.6088
1627319182515000,0,11.59250938,8.6263
1627319203933000,0,18.28689930,8.6274
1627319206443000,0,57.07157507,8.6274
1627319211535000,0,29.89921235,8.6365
1627319248545000,0,56.03721488,8.6570
1627319255494000,0,12.93800144,8.6716
1627319255494000,0,9.99918306,8.6722
1627319325584000,0,91.71725071,8.6234
1627319358091000,0,35.44314845,8.6445
1627319364666000,0,22.27974731,8.6445
1627319370880000,0,0.74976190,8.6445
1627319389825000,0,160.71647058,8.7000
1627319389825000,0,810.74001511,8.7000
1627319389981000,0,189.11693787,8.7000
1627319389983000,0,189.11693787,8.7000
1627319389984000,0,189.11693787,8.7000
1627319390007000,0,81.68112000,8.7000
1627319390016000,0,145.67156231,8.7000
1627319390050000,0,31.25000000,8.7000
1627319390056000,0,83.02542706,8.7000
1627319390068000,0,106.92160000,8.7000
1627319390181000,0,81.68938000,8.7000
1627319390199000,0,17.16206781,8.7000
1627319390285000,0,81.72937000,8.7000
1627319390286000,0,15.68809318,8.7000
1627319390290000,0,15.72800804,8.7000
1627319390330000,0,218.28794564,8.7000
1627319390330000,0,748.81605994,8.7200
1627319390838000,0,966.80923952,8.7200
1627319390882000,0,11.46788991,8.7200
1627319391116000,0,241.73877024,8.7200
1627319391120000,0,145.01984677,8.7200
1627319391135000,0,143.07359639,8.7200
1627319391135000,0,1.98844075,8.7227
1627319391236000,1,7.70222578,8.7110
1627319391350000,0,14.63300057,8.7227
1627319401382000,0,57.75512885,8.7520
1627319422904000,1,49.99999999,8.7585
1627319422971000,1,0.00000001,8.7585
1627319477742000,1,11.59250938,8.7285
1627319499944000,1,31.25000000,8.7000
1627319500159000,1,69.61564942,8.7000
1627319511165000,0,40.76177709,8.7133
1627319513708000,0,11.47053391,8.7180
1627319566424000,0,12.71172070,8.7700
1627319566424000,0,12.81987297,8.7702
1627319566424000,0,12.51445962,8.7724
1627319566424000,0,69.14907781,8.7744
1627319567591000,0,31.25000000,8.7659
1627319571089000,0,12.81348206,8.7646
1627319571089000,0,50.55278982,8.7666
1627319576577000,0,6.25547353,8.8000
1627319605393000,1,12.55175914,8.7721
1627319605397000,1,0.00000001,8.7721
1627319728221000,0,12.69800000,8.7819
1627319728221000,0,255.42600000,8.7846
1627319728221000,0,144.92220436,8.7846
1627319728221000,0,12.38055508,8.7846
1627319728221000,0,12.95884306,8.7866
1627319728221000,0,18.30277537,8.7889
1627319728221000,0,90.97853409,8.7889
1627319729122000,1,11.47053391,8.7607
1627319730061000,0,31.25000000,8.7811
1627319730061000,0,48.91533239,8.7847
1627319868837000,1,55.50457665,8.7400
1627319900540000,1,4.25792507,8.7205
1627319900879000,1,8.64985273,8.7205
1627319900879000,1,4.33618175,8.7205
1627319900879000,1,145.41172458,8.7161
1627319900879000,1,12.96611879,8.7152
1627319900879000,1,12.24253015,8.7152
1627319900879000,1,13.25446598,8.7130
1627319900879000,1,93.66365696,8.7120
1627319949095000,0,12.95632335,8.7663
1627319949095000,0,13.76149533,8.7688
1627319974149000,0,11.44883914,8.7345
1627320166980000,1,57.75512885,8.6709
1627320181070000,0,81.94722000,8.7561
1627320181070000,0,85.24790891,8.7577
1627320189512000,0,13.76535456,8.7663
1627320190196000,0,3.52483655,8.7891
1627320192484000,0,41.16619245,8.7824
1627320265162000,0,144.81318089,8.7885
1627320470557000,0,12.15748304,8.7423
1627320470557000,0,9.70462988,8.7435
1627320470557000,0,12.11471934,8.7441
1627320470557000,0,12.05396977,8.7485
1627320470557000,0,18.01892827,8.7490
1627320499264000,1,12.87356846,8.7316
1627320499264000,1,12.36108621,8.7284
1627320499264000,1,12.06242076,8.7283
1627320499264000,1,5.00030905,8.7273
1627320588966000,0,12.07563500,8.7269
1627320588966000,0,145.80002919,8.7282
1627320588966000,0,12.24660098,8.7291
1627320588966000,0,8.21157825,8.7302
1627320588966000,0,255.42600000,8.7320
1627320588966000,0,45.00000000,8.7359
1627320588966000,0,139.00586343,8.7365
1627320588966000,0,291.73152253,8.7365
1627320588966000,0,291.65887393,8.7387
1627320588966000,0,744.09611062,8.7892
1627320588966000,0,36.78980692,8.7892
1627320606969000,1,12.36022405,8.6919
1627320606969000,1,3.66904503,8.6919
1627320630334000,0,31.25000000,8.7269
1627320631342000,0,31.25000000,8.7269
1627320631773000,0,57.35620864,8.7269
1627320703118000,0,2.86915418,8.7203
1627320848148000,1,56.20523548,8.6500
1627320914198000,1,31.25000000,8.6500
1627320915016000,1,74.18869514,8.6500
1627320915022000,1,0.00000001,8.6500
1627320932991000,0,12.17896330,8.6402
1627320932991000,0,81.81489000,8.6445
1627320932991000,0,6.00614670,8.6446
1627320967506000,0,12.55326538,8.6493
1627320967506000,0,10.56744883,8.6514
1627321044240000,1,3.18907651,8.6195
1627321187244000,1,3.00000000,8.6076
1627321216428000,1,31.25000000,8.6269
1627321216821000,1,18.75000000,8.6269
1627321407067000,0,31.25000000,8.6911
1627321416140000,0,18.75000000,8.6911
1627321531905000,0,12.38623845,8.6581
1627321531905000,0,12.53197704,8.6614
1627321531905000,0,146.95310454,8.6624
1627321531905000,0,59.00462034,8.6645
1627321617117000,1,64.39120370,8.6400
1627322074096000,0,12.78884919,8.6294
1627322074096000,0,12.77833288,8.6312
1627322074096000,0,147.42309413,8.6319
1627322074096000,0,12.15716352,8.6351
1627322074096000,0,63.51274394,8.6357
1627322447105000,0,6.22622251,8.6216
1627322682892000,0,20.44116845,8.6257
1627322784803000,0,31.25000000,8.6483
1627323188273000,1,48.29332093,8.6015
1627323200144000,1,4.15617978,8.5980
1627323208321000,1,18.99476135,8.5900
1627323422879000,0,31.25000000,8.5977
1627323497142000,0,12.36479715,8.6251
1627323497142000,0,17.63520285,8.6257
1627323638310000,1,12.17288778,8.5895
1627323638374000,0,31.25000000,8.5883
1627323638378000,0,12.74918789,8.5883
1627323638565000,0,127.83900000,8.5883
1627323639577000,0,31.25000000,8.5883
1627323639636000,0,82.80780898,8.5883
1627323649183000,0,31.25000000,8.5883
1627323649463000,0,139.61499693,8.5883
1627323754518000,0,5.80647933,8.6111
1627324065320000,1,9.45755853,8.5657
1627324065863000,1,60.11851851,8.5658
1627324197869000,0,12.43528403,8.6044
1627324197869000,0,12.78990639,8.6049
1627324197869000,0,77.72798195,8.6087
1627324529255000,1,10.00000000,8.5092
1627324529829000,1,100.00000000,8.5114
1627324896312000,1,148.13972408,8.5682
1627324896312000,1,148.17991652,8.5652
1627324896312000,1,133.85509760,8.5575
1627325345156000,1,31.25000000,8.5838
1627325476493000,0,12.59734602,8.5354
1627325476493000,0,102.28340050,8.5397
1627325589166000,1,31.25000000,8.5000
1627325591687000,1,31.25000000,8.5000
1627325594662000,1,199.90884999,8.5000
1627325594662000,1,250.00000000,8.5000
1627325706545000,0,12.32805192,8.4814
1627325706545000,0,187.67194808,8.4830
1627325929376000,1,10.00000000,8.5049
1627326036039000,0,6.91989487,8.5117
1627326049611000,0,12.79152510,8.5195
1627326049611000,0,154.57975505,8.5209
1627326051077000,1,52.78900722,8.5209
1627326051266000,1,0.00000161,8.5209
1627326071277000,0,84.11225000,8.5365
1627326073385000,1,39.50106081,8.5365
1627326075309000,0,92.70987694,8.5366
1627326080392000,0,56.53842155,8.5366
1627326080693000,1,12.99376651,8.5366
1627326089026000,0,149.26962108,8.5401
1627326089094000,1,7.11207334,8.5401
1627326097613000,1,52.12801210,8.5401
1627326104516000,0,149.15934841,8.5436
1627326104582000,1,15.52239470,8.5436
1627326124055000,1,12.81204288,8.5186
1627326142547000,1,12.56549089,8.5186
1627326142547000,1,12.62466926,8.5186
1627326143030000,1,12.56786202,8.5186
1627326359684000,1,12.99742194,8.6025
1627326359747000,0,12.37496556,8.6021
1627326359747000,0,31.25000000,8.6021
1627326359781000,0,43.37761250,8.6021
1627326373568000,1,82.73770000,8.6031
1627326373568000,1,12.76428867,8.6003
1627326373774000,0,4.49801133,8.5998
1627326396595000,1,82.85501000,8.5910
1627326396595000,1,17.14499000,8.5886
1627326404378000,0,100.00000000,8.5910
1627326489971000,0,100.00000000,8.5789
1627326519379000,0,100.00000000,8.5734
1627326549344000,1,12.06383918,8.5760
1627326549344000,1,12.02183532,8.5760
1627326549344000,1,75.91432550,8.5717
1627326597764000,0,127.83900000,8.5899
1627326597773000,0,51.36811442,8.5899
1627326642350000,0,67.28808228,8.6200
1627326899591000,0,12.86571856,8.6957
1627326906151000,0,12.58593909,8.6957
1627326906151000,0,12.90209240,8.6966
1627326906151000,0,85.70586631,8.7000
1627326906446000,0,12.79901384,8.6957
1627326906446000,0,29.73210387,8.7000
1627326907640000,0,31.25000000,8.6957
1627327138981000,0,31.25000000,8.7040
1627327140051000,0,26.46898510,8.7040
1627327157183000,0,57.71898509,8.7078
1627327171915000,0,12.36160903,8.7384
1627327171915000,0,12.83190923,8.7420
1627327171915000,0,17.04640121,8.7428
1627327252785000,0,3.71524936,8.8216
1627327254396000,0,4.00000000,8.8500
1627327529029000,0,12.94577295,8.8371
1627327529029000,0,12.20264199,8.8378
1627327529029000,0,54.85158506,8.8416
1627327713777000,0,31.25000000,8.8139
1627327717616000,0,30.91504592,8.8139
1627327744870000,1,46.62378443,8.8192
1627327752491000,1,34.96783833,8.8186
1627327756982000,0,26.22587874,8.8205
1627327760052000,0,12.68110073,8.8353
1627327760052000,0,12.73644344,8.8364
1627327760052000,0,12.12815702,8.8382
1627327760052000,0,17.33102294,8.8398
1627327770301000,1,12.36745227,8.8278
1627327770301000,1,7.30195679,8.8276
1627327774943000,0,14.75205679,8.8276
1627327779126000,1,11.06404260,8.8259
1627327785180000,0,8.29803195,8.8288
1627327791701000,1,6.22352396,8.8266
1627327796173000,0,4.66764297,8.8266
1627327801804000,1,3.50073223,8.8266
1627327805785000,0,2.62554917,8.8264
1627327833177000,0,7.87664751,8.8205
1627327878158000,1,31.25000000,8.7997
1627327878394000,1,61.75716355,8.7997
1627327906285000,1,10.00000000,8.7733
1627327987048000,0,12.85806501,8.7838
1627327987048000,0,6.87674216,8.7857
1627328395603000,1,12.97484018,8.6445
1627328395603000,1,41.90188395,8.6401
1627328396048000,1,12.13816862,8.6460
1627328396048000,1,12.62514767,8.6445
1627328396048000,1,15.99846080,8.6417
1627328445476000,0,11.56820963,8.6444
1627328509531000,0,12.24554985,8.6558
1627328509531000,0,12.14247666,8.6590
1627328509531000,0,147.05027815,8.6601
1627328509531000,0,12.91198772,8.6621
1627328509531000,0,146.99696681,8.6633
1627328509531000,0,115.47319815,8.6683
1627328509531000,0,151.60197063,8.6683
1627328509531000,0,245.09857525,8.6683
1627328509531000,0,45.00000000,8.6746
1627328509531000,0,294.24009717,8.6751
1627328509531000,0,133.11768112,8.6795
1627328514711000,1,2.79845133,8.6316
1627328613907000,1,12.00814599,8.6643
1627328613907000,1,0.41990585,8.6600
1627328743620000,0,12.61185052,8.5957
1627328743620000,0,12.12401624,8.5979
1627328743676000,1,31.25000000,8.6000
1627328743695000,1,12.78430997,8.6000
1627328743735000,1,81.22982327,8.6000
1627328752893000,0,31.25000000,8.6000
1627328757185000,0,7.42213256,8.6000
1627328831845000,1,3.00000000,8.6253
1627328904090000,1,31.25000000,8.6100
1627328913823000,1,118.75000000,8.6100
1627328913823000,1,17.20601414,8.6100
1627328959138000,1,82.79398586,8.6100
1627328973724000,1,3.65830764,8.5800
1627329060380000,0,31.25000000,8.5473
1627329064252000,0,31.25000000,8.5473
1627329064369000,0,103.61929824,8.5473
1627329064474000,0,20.88911156,8.5473
1627329078634000,1,12.39082556,8.5592
1627329078634000,1,12.46300121,8.5592
1627329078634000,1,12.00314202,8.5560
1627329078634000,1,12.87005166,8.5560
1627329078699000,0,31.25000000,8.5560
1627329078761000,0,12.77290000,8.5560
1627329078801000,0,0.00007955,8.5560
1627329083268000,1,31.25000000,8.5778
1627329088618000,1,31.25000000,8.5778
1627329111452000,0,12.67916804,8.5903
1627329111452000,0,9.35833333,8.5919
1627329111503000,1,31.25000000,8.5919
1627329137137000,1,23.51083366,8.6139
1627329150294000,0,12.76587973,8.6248
1627329150294000,0,12.57428980,8.6273
1627329150294000,0,81.32474409,8.6291
1627329191369000,1,12.05986596,8.6191
1627329191369000,1,12.30112986,8.6190
1627329191434000,0,31.25000000,8.6190
1627329191563000,0,83.68730000,8.6190
1627329191570000,0,0.00003921,8.6190
1627329401254000,0,12.77825521,8.6123
1627329401330000,1,31.25000000,8.6123
1627329411740000,1,31.25000000,8.6123
1627329412418000,1,68.65705412,8.6123
1627329412620000,1,37.46558141,8.6123
1627329413054000,1,18.75000000,8.6123
1627329413188000,1,12.40627934,8.6123
1627329419592000,0,12.25332437,8.6127
1627329419592000,0,42.38281954,8.6138
1627329431277000,1,12.81473460,8.5915
1627329431277000,1,12.18121813,8.5915
1627329431277000,1,12.31646193,8.5894
1627329431277000,1,59.91637470,8.5872
1627329431897000,1,12.69451640,8.5917
1627329431897000,1,12.87703127,8.5915
1627329431897000,1,4.10750709,8.5874
1627329495510000,1,31.25000000,8.5900
1627329498884000,1,46.11059371,8.5900
1627329545972000,1,31.25000000,8.5700
1627329548151000,1,26.90606768,8.5700
1627329562075000,1,7.52072954,8.5299
1627329616464000,1,9.85448828,8.5100
1627329658451000,1,77.99451289,8.5100
1627329668302000,1,12.11725539,8.4750
1627329668302000,1,12.40058003,8.4722
1627329668302000,1,30.11830849,8.4708
1627329670723000,1,31.25000000,8.4976
1627329671332000,1,56.72691575,8.4976
1627329760186000,1,16.72588007,8.4632
1627329760220000,1,67.33705993,8.4632
1627329768394000,1,12.57979688,8.4007
1627329768394000,1,12.81891148,8.3979
1627329768470000,0,31.25000000,8.3979
1627329768571000,0,454.14758153,8.3979
1627329778712000,1,12.03602009,8.3969
1627329778712000,1,12.05143808,8.3934
1627329778712000,1,151.17795526,8.3897
1627329778712000,1,301.80170390,8.3850
1627329778712000,1,147.67940242,8.3776
1627329778712000,1,302.07086168,8.3776
1627329778712000,1,302.28639461,8.3746
1627329781461000,1,31.25000000,8.3934
1627329784934000,1,21.83992102,8.3767
1627329785955000,1,31.25000000,8.3731
1627329789319000,0,152.34559941,8.3594
1627329789591000,1,82.38152000,8.3627
1627329789598000,1,126.53576299,8.3627
1627329795830000,1,12.62088517,8.2692
1627329795830000,1,12.84830829,8.2671
1627329795830000,1,153.19396832,8.2651
1627329795830000,1,306.02449188,8.2615
1627329795830000,1,153.29734931,8.2604
1627329795830000,1,128.10657401,8.2584
1627329804006000,0,12.34596792,8.2652
1627329804008000,0,31.25000000,8.2652
1627329865628000,1,19.73480717,8.3374
1627329890524000,1,12.28650797,8.3355
1627329890524000,1,12.39404900,8.3355
1627329890524000,1,12.88505226,8.3320
1627329890524000,1,77.31513729,8.3313
1627329892507000,1,31.25000000,8.3396
1627329982504000,0,12.47391488,8.4114
1627330031699000,0,151.89979061,8.3767
1627330031699000,0,12.08483049,8.3814
1627330031766000,1,4.85407749,8.3823
1627330036198000,0,12.59931223,8.3679
1627330036198000,0,12.51396804,8.3706
1627330036198000,0,152.04321682,8.3710
1627330036198000,0,12.96537880,8.3739
1627330036198000,0,63.18323190,8.3748
1627330040626000,0,12.36353452,8.3668
1627330040626000,0,12.56982974,8.3684
1627330040626000,0,12.37831581,8.3708
1627330040626000,0,26.12759576,8.3710
1627330056756000,0,12.40375374,8.3623
1627330056756000,0,12.18025671,8.3633
1627330056756000,0,79.52489263,8.3665
1627330107220000,1,78.46568065,8.3271
1627330128111000,1,12.14355857,8.3019
1627330128111000,1,12.22182468,8.2998
1627330128111000,1,12.77465251,8.2977
1627330128111000,1,5.09988371,8.2959
1627330130139000,0,12.11243933,8.3113
1627330130139000,0,153.11193046,8.3118
1627330130139000,0,153.05073638,8.3150
1627330130139000,0,12.36426697,8.3154
1627330130139000,0,12.05310095,8.3194
1627330130139000,0,88.98367793,8.3194
1627330159474000,0,12.89865925,8.3060
1627330165505000,1,235.83602636,8.3116
1627330310494000,0,12.50671103,8.3924
1627330310494000,0,12.25406719,8.3948
1627330310494000,0,255.42600000,8.3954
1627330310494000,0,151.59729549,8.3954
1627330310494000,0,12.21408922,8.3968
1627330310494000,0,6.02655047,8.3989
1627330310494000,0,12.81101855,8.3989
1627330310494000,0,303.50838131,8.4033
1627330310494000,0,45.00000000,8.4070
1627330310494000,0,303.25697318,8.4099
1627330310494000,0,118.97880836,8.4105
1627330310494000,0,297.50509337,8.4105
1627330310494000,0,149.70126408,8.4105
1627330310494000,0,80.99033462,8.4105
1627330334198000,1,1011.91256235,8.3850
1627330334715000,1,754.08259092,8.3850
1627330349763000,1,12.17753017,8.3256
1627330349763000,1,13.25794164,8.3235
1627330349763000,1,86.05693027,8.3214
1627330354195000,1,26.81467477,8.3365
1627330394776000,1,536.33528411,8.2822
1627330432559000,0,154.13726094,8.2615
1627330432559000,0,12.17932819,8.2636
1627330432559000,0,255.42600000,8.2650
1627330432559000,0,25.12223596,8.2650
1627330446757000,0,154.44718710,8.2450
1627330446757000,0,154.43073619,8.2490
1627330446757000,0,201.30957840,8.2529
1627330446757000,0,257.26979434,8.2578
1627330446757000,0,25.20410628,8.2613
1627330527872000,0,31.25000000,8.2409
1627330529093000,0,31.25000000,8.2409
1627330529531000,0,58.94025017,8.2409
1627330607837000,0,12.34450093,8.3217
1627330607837000,0,11.90187414,8.3238
1627330607837000,0,103.82442920,8.3259
1627330616148000,1,11.44883914,8.3136
1627330825195000,1,12.41354360,8.2823
1627330825195000,1,2.58645640,8.2822
1627330917415000,0,31.25000000,8.2962
1627330981470000,1,50.00000000,8.2786
1627331027886000,1,12.37909701,8.2612
1627331027886000,1,12.62090299,8.2581
1627331197521000,1,8.57279176,8.1673
1627331211025000,1,12.38103009,8.1845
1627331211025000,1,42.61896991,8.1804
1627331226369000,1,12.25926045,8.1844
1627331226369000,1,151.68178877,8.1832
1627331226369000,1,12.43799549,8.1828
1627331226369000,1,155.00095832,8.1820
1627331226369000,1,44.36479009,8.1804
1627331226369000,1,12.60529700,8.1803
1627331226369000,1,122.20330988,8.1782
1627331226369000,1,155.07465366,8.1782
1627331226369000,1,258.31519625,8.1757
1627331226369000,1,179.63500000,8.1741
1627331226369000,1,258.49571302,8.1741
1627331226369000,1,310.01319188,8.1694
1627331226369000,1,258.99786000,8.1597
1627331226369000,1,45.00000000,8.1596
1627331226369000,1,5.95700604,8.1488
1627331393297000,1,102.95317237,8.1106
1627331404155000,1,31.25000000,8.1378
1627331416494000,0,12.04180457,8.1730
1627331416494000,0,0.39882203,8.1770
1627331422752000,0,12.44060000,8.1770
1627331424887000,0,0.00002522,8.1770
1627331443018000,1,12.81508696,8.1624
1627331443018000,1,33.83577972,8.1621
1627331461824000,1,39.27040765,8.1006
1627331530337000,0,12.65170486,8.1547
1627331530337000,0,12.30211714,8.1563
1627331530337000,0,156.01132652,8.1568
1627331530337000,0,12.37800925,8.1584
1627331530337000,0,69.44104524,8.1604
1627331609930000,0,3.31862049,8.1992
1627331631340000,1,12.48104029,8.1969
1627331631340000,1,12.73029889,8.1963
1627331631340000,1,2.28866082,8.1946
1627331741721000,0,27.43437025,8.2539
1627331898410000,1,12.16972749,8.2116
1627331898410000,1,12.16154309,8.2097
1627331898410000,1,12.20695028,8.2077
1627331898410000,1,12.25207439,8.2041
1627331898410000,1,255.42600000,8.2011
1627331898410000,1,127.45985677,8.2011
1627331911167000,0,12.00422873,8.2165
1627331911216000,1,31.25000000,8.2221
1627331911262000,1,12.01158291,8.2221
1627331911305000,1,129.73418836,8.2221
1627331927896000,1,12.95176070,8.1941
1627331932027000,1,12.11388871,8.1897
1627331985868000,0,12.89993724,8.1712
1627331985868000,0,12.05210897,8.1750
1627331985868000,0,155.67641309,8.1753
1627331985868000,0,13.06236975,8.1770
1627331985868000,0,155.62994610,8.1783
1627331985868000,0,83.66939824,8.1790
1627332026700000,1,12.76693669,8.1992
1627332026700000,1,7.23306331,8.1992
1627332056241000,0,31.25000000,8.2224
1627332155406000,0,24.01580921,8.2301
1627332238986000,0,121.72183632,8.2297
1627332259461000,0,15.00000000,8.2494
1627332388518000,0,31.25000000,8.2803
1627332643170000,1,154.49912369,8.2114
1627332643170000,1,154.53617232,8.2092
1627332643170000,1,308.69267249,8.2061
1627332643170000,1,255.42600000,8.2045
1627332643170000,1,156.38358669,8.2029
1627332643170000,1,308.81255917,8.2029
1627332643170000,1,309.11933768,8.1953
1627332643170000,1,45.00000000,8.1915
1627332643170000,1,38.53687110,8.1702
1627332685631000,1,27.43437025,8.1846
1627332717091000,1,31.25000000,8.1915
1627332717206000,1,60.77359996,8.1915
1627332736494000,1,8.57279177,8.1655
1627332740311000,1,12.60237580,8.1612
1627332740311000,1,13.13523653,8.1591
1627332740311000,1,155.47068964,8.1582
1627332740311000,1,155.54286141,8.1548
1627332740311000,1,96.23901001,8.1532
1627332741567000,1,87.28424000,8.1536
1627332741567000,1,112.71576000,8.1532
1627332745480000,1,155.47068964,8.1582
1627332745480000,1,155.54286141,8.1548
1627332745480000,1,40.98329510,8.1532
1627332750862000,1,155.68379753,8.1475
1627332750862000,1,151.12920046,8.1436
1627332750862000,1,45.18384816,8.1405
1627332867132000,1,13.01798583,8.0943
1627332867205000,1,50.00000000,8.0943
1627332877774000,1,157.07185608,8.0726
1627332877774000,1,313.88029606,8.0685
1627332877774000,1,123.61164246,8.0613
1627332877774000,1,151.64629128,8.0613
1627332877774000,1,314.14371215,8.0604
1627332877774000,1,179.63500000,8.0602
1627332877774000,1,45.00000000,8.0409
1627332877774000,1,309.86941891,8.0323
1627332877774000,1,309.37761733,8.0323
1627332877774000,1,1570.00000000,8.0323
1627332877774000,1,53.53590587,8.0000
1627332895415000,1,15.00000000,8.0000
1627332895415000,1,2.50000000,8.0000
1627332895709000,1,19.49675086,7.9778
1627332908892000,1,124.71652937,7.9924
1627332908892000,1,158.49518604,7.9924
1627332908892000,1,263.92948916,7.9902
1627332908892000,1,245.52019774,7.9885
1627332916555000,1,158.54890623,7.9921
1627332916555000,1,158.62197084,7.9882
1627332916555000,1,124.93222482,7.9858
1627332916555000,1,94.23218222,7.9858
1627332922545000,1,158.63245775,7.9877
1627332922545000,1,125.01890775,7.9877
1627332922545000,1,163.21345959,7.9833
1627332925831000,1,152.00000000,7.9916
1627332933173000,1,152.00000000,7.9844
1627332943546000,0,45.00000000,8.0001
1627332958177000,0,15.48501299,8.0220
1627332959435000,1,152.00000000,8.0111
1627332965461000,1,9.61904000,8.0144
1627332968086000,0,45.00000000,8.0298
1627333055465000,0,45.00000000,8.0686
1627333114512000,0,45.00000000,8.0617
1627333117675000,0,45.00000000,8.0711
1627333134187000,0,13.03467914,8.0838
1627333177216000,0,45.00000000,8.1106
1627333177216000,0,12.79337748,8.1146
1627333177216000,0,42.20662252,8.1152
1627333197205000,0,45.00000000,8.1152
1627333197205000,0,12.84534025,8.1239
1627333197205000,0,42.15465975,8.1274
1627333221810000,0,12.29094031,8.0740
1627333221810000,0,87.70905969,8.0781
1627333239943000,0,12.38052155,8.0642
1627333239943000,0,12.82750162,8.0662
1627333239943000,0,12.05880966,8.0678
1627333239943000,0,62.73316717,8.0683
1627333252701000,0,12.94942686,8.0398
1627333252701000,0,87.05057314,8.0418
1627333258161000,0,12.28602115,8.0396
1627333258161000,0,12.47281427,8.0421
1627333258161000,0,75.24116458,8.0436
1627333286430000,1,12.09492694,8.0080
1627333286430000,1,12.91246884,8.0080
1627333288326000,0,60.00000000,8.0348
1627333296174000,0,31.25000000,8.0410
1627333306259000,0,31.25000000,8.0497
1627333309156000,0,31.25000000,8.0561
1627333335599000,0,12.66123108,8.0643
1627333335599000,0,12.51278542,8.0665
1627333335599000,0,45.00000000,8.0675
1627333335599000,0,12.05591299,8.0715
1627333335599000,0,17.77007051,8.0718
1627333340824000,0,12.31370356,8.0634
1627333340824000,0,12.65316578,8.0635
1627333340824000,0,255.42600000,8.0675
1627333340824000,0,94.03490851,8.0675
1627333346651000,0,12.32247366,8.0594
1627333346651000,0,12.33630072,8.0614
1627333346651000,0,13.58720952,8.0634
1627333355353000,0,12.17254583,8.0528
1627333355353000,0,45.21136266,8.0558
1627333379739000,0,12.37461135,8.0437
1627333379739000,0,45.14686314,8.0445
1627333405622000,0,31.25000000,8.0461
1627333406947000,0,31.25000000,8.0507
1627333554643000,1,12.64793129,8.0242
1627333554643000,1,12.44708353,8.0213
1627333554643000,1,7.84671208,8.0213
1627333555103000,1,20.29379561,8.0278
1627333604546000,0,118.36130000,8.0634
1627333604717000,0,0.00006766,8.0634
1627333605499000,1,9.23801858,8.0579
1627333617779000,1,31.25000000,8.0808
1627333621084000,1,31.25000000,8.0808
1627333623428000,1,31.25000000,8.0808
1627333624189000,1,6.25000000,8.0808
1627333655725000,0,31.25000000,8.0812
1627333683147000,0,31.25000000,8.0963
1627333825561000,0,12.14607488,8.1471
1627333825561000,0,12.84903192,8.1488
1627333825561000,0,45.00000000,8.1499
1627333825561000,0,12.41091073,8.1544
1627333825561000,0,12.23259709,8.1544
1627333825561000,0,156.03432211,8.1545
1627333825561000,0,12.05310095,8.1563
1627333825619000,1,31.25000000,8.1569
1627333825669000,1,12.17668326,8.1569
1627333825686000,1,61.60889321,8.1569
1627333863207000,0,31.25000000,8.1569
1627333984275000,0,31.25000000,8.1515
1627333985118000,0,70.10270000,8.1569
1627333985286000,0,0.00008202,8.1569
1627334000055000,0,12.75609315,8.1796
1627334000055000,0,12.28810501,8.1817
1627334000055000,0,87.69182000,8.1829
1627334000055000,0,27.57056853,8.1837
1627334047072000,0,12.49131542,8.1537
1627334047072000,0,30.50083658,8.1542
1627334118322000,0,3.09208874,8.1580
1627334298132000,1,12.10465554,8.0749
1627334298199000,0,31.25000000,8.0748
1627334298231000,0,12.77729551,8.0748
1627334299201000,0,31.25000000,8.0748
1627334304951000,0,18.00000000,8.0748
1627334324640000,0,11.59264086,8.0784
1627334327010000,0,26.42408352,8.0784
1627334684830000,0,11.66988714,8.1406
1627334880614000,0,12.77088736,8.0776
1627334880614000,0,12.98255123,8.0776
1627334880614000,0,12.40142302,8.0776
1627334880614000,0,147.57707759,8.0816
1627334880614000,0,12.50378569,8.0818
1627334880614000,0,131.02134673,8.0824
1627335374554000,1,159.22455745,7.9616
1627335374830000,1,125.46009167,7.9360
1627335374830000,1,45.00000000,7.9103
1627335374830000,1,197.30152248,7.8999
1627335380403000,1,159.98102808,7.9184
1627335391202000,1,12.46081549,7.9273
1627335391202000,1,12.53861736,7.9271
1627335391202000,1,160.02164578,7.9234
1627335391202000,1,2.82857563,7.9231
1627335408567000,1,12.60182858,7.9391
1627335408567000,1,12.42863974,7.9369
1627335408567000,1,74.96953168,7.9363
1627335412326000,0,42.83693122,7.9482
1627335504210000,0,3.90026396,7.9476
1627335865970000,0,75.00000000,7.8680
1627335882480000,0,45.00000000,7.8822
1627336026477000,1,42.99215200,7.9503
1627336071690000,0,12.30406573,7.9847
1627336071690000,0,12.27798086,7.9851
1627336071742000,1,31.25000000,7.9879
1627336071743000,1,12.23438124,7.9879
1627336071838000,1,31.93357217,7.9879
1627336129245000,0,31.25000000,7.9821
1627336134053000,1,12.17246464,7.9863
1627336134053000,1,12.18210494,7.9842
1627336134053000,1,158.87950674,7.9837
1627336134053000,1,12.79430299,7.9818
1627336134053000,1,158.95616787,7.9807
1627336134053000,1,12.70582982,7.9801
1627336134053000,1,255.42600000,7.9795
1627336134053000,1,16.88362300,7.9761
1627336147477000,0,12.07247612,7.9951
1627336147525000,1,31.25000000,7.9951
1627336148836000,1,31.25000000,7.9951
1627336154728000,1,31.25000000,7.9951
1627336160115000,1,31.25000000,7.9951
1627336165452000,1,49.16104028,7.9951
1627336195122000,0,31.25000000,8.0070
1627336216044000,0,12.90002601,8.0105
1627336216044000,0,37.09997399,8.0138
1627336520969000,0,31.25000000,8.0519
1627336697662000,1,12.91092915,8.0324
1627336697662000,1,12.18099591,8.0295
1627336697662000,1,92.77201553,8.0284
1627336700214000,0,36.80678989,8.0459
1627336792737000,1,31.25000000,8.0100
1627336803214000,1,31.25000000,8.0100
1627336811611000,1,127.71300000,8.0100
1627336813005000,1,9.78700000,8.0100
1627336813777000,1,294.51914889,8.0093
1627336816095000,1,200.92932529,8.0026
1627336892284000,0,31.25000000,8.0620
1627336960543000,0,31.25000000,8.0894
1627337004042000,0,18.75000000,8.0894
1627337091233000,1,12.60763521,8.1037
1627337091233000,1,3.08202710,8.1037
1627337175465000,0,7.48253600,8.1163
1627337424014000,0,12.63263001,8.0447
1627337424014000,0,158.23144078,8.0488
1627337424014000,0,12.11869132,8.0494
1627337424014000,0,158.14579485,8.0534
1627337424014000,0,94.68913720,8.0555
1627337424325000,1,12.17847247,8.0229
1627337424325000,1,13.09498232,8.0208
1627337424325000,1,70.72654521,8.0189
1627337593558000,0,12.52160947,7.9919
1627337593558000,0,12.11663633,7.9939
1627337593558000,0,142.96551409,7.9959
1627337593558000,0,3.12105749,7.9971
1627337712248000,1,31.25000000,8.0174
1627337713271000,1,31.25000000,8.0174
1627337713585000,1,55.96196883,8.0174
1627337863710000,0,133.82097240,7.9827
1627337881570000,1,256.31721106,7.9600
1627337917213000,1,12.10050139,7.9184
1627337917213000,1,12.60507168,7.9151
1627337917213000,1,34.52541135,7.9145
1627338510598000,1,12.83998027,8.0051
1627338510633000,1,23.99483690,8.0051
1627338530975000,1,12.30852368,7.9720
1627338531033000,0,24.52629349,7.9720
1627338706250000,1,196.04669346,8.0148
1627338706252000,1,59.37930654,8.0148
1627338706252000,1,136.66738692,8.0148
1627338706253000,1,21.68733300,8.0148
1627338706253000,1,43.19407566,8.0065
1627338706694000,0,31.24999393,8.0108
1627338714450000,1,12.65132356,7.9540
1627338714450000,1,89.53442000,7.9501
1627338714450000,1,12.61808792,7.9494
1627338714450000,1,12.72737114,7.9472
1627338714450000,1,103.65522865,7.9432
1627338728263000,0,88.65659794,7.9788
1627338835138000,1,31.25000000,7.9838
1627338836449000,1,31.25000000,7.9838
1627338837468000,1,85.07973000,7.9838
1627339041726000,0,31.25000000,7.9924
1627339042762000,0,31.25000000,7.9930
1627339043139000,0,116.32973000,7.9930
1627339057209000,1,12.38801417,7.9907
1627339057209000,1,12.57682309,7.9907
1627339057267000,0,31.25000000,7.9907
1627339057387000,0,31.14757143,7.9907
1627339182638000,0,12.17564485,8.0213
1627339182687000,1,24.58906103,8.0213
1627339327146000,1,31.25000000,7.9630
1627339328157000,1,31.25000000,7.9630
1627339338741000,1,48.60134371,7.9630
1627339431889000,0,31.25000000,7.9128
1627339432122000,0,56.11240869,7.9128
1627339757401000,0,31.25000000,7.9960
1627339759851000,0,31.25000000,7.9960
1627339760114000,0,85.36604959,7.9960
1627339806649000,1,31.25000000,8.0000
1627339807700000,1,31.25000000,8.0000
1627339808719000,1,31.25000000,8.0000
1627339809914000,1,6.25000000,8.0000
1627340036222000,1,12.40203830,7.9681
1627340036680000,1,17.80129618,7.9701
1627340036680000,1,4.99443729,7.9664
1627340105765000,0,31.25000000,8.0200
1627340105993000,0,18.75000000,8.0200
1627340123821000,1,12.56751361,8.0573
1627340123821000,1,37.43248639,8.0542
1627340129043000,1,31.25000000,8.0707
1627340131140000,1,31.25000000,8.0707
1627340132163000,1,31.25000000,8.0707
1627340140406000,0,12.77754813,8.0742
1627340140406000,0,12.66148121,8.0761
1627340140406000,0,12.83496266,8.0768
1627340140406000,0,14.39756916,8.0772
1627340152691000,0,45.00000000,8.0763
1627340152691000,0,55.00000000,8.0772
1627340225238000,0,31.25000000,8.0606
1627340473420000,0,31.25000000,8.0872
1627340476592000,0,31.25000000,8.0872
1627340507763000,0,12.66950000,8.0854
1627340507840000,0,0.00005447,8.0854
1627340507840000,0,12.80654125,8.0872
1627340507861000,0,0.00005447,8.0872
1627340507861000,0,37.49994553,8.0872
1627340507900000,0,0.00005447,8.0872
1627340507900000,0,12.34185425,8.0889
1627340507918000,1,12.66955447,8.0854
1627340531302000,1,12.80970896,8.0758
1627340579902000,0,12.27475968,8.0592
1627340579902000,0,87.72524032,8.0633
1627340835077000,0,31.25000000,7.9880
1627340945179000,0,100.00000000,7.9485
1627341006173000,0,45.00000000,7.9778
1627341032860000,1,12.44676082,7.9756
1627341032860000,1,12.47734252,7.9725
1627341032860000,1,159.20893396,7.9716
1627341032860000,1,12.13891746,7.9696
1627341032925000,0,31.25000000,7.9696
1627341032966000,0,159.15160903,7.9696
1627341032975000,0,129.74334817,7.9696
1627341574847000,0,146.42156116,8.1000
1627342065313000,0,11.52370979,8.0694
1627343141280000,0,12.33586032,8.0085
1627343141280000,0,12.26047486,8.0085
1627343141280000,0,12.52154202,8.0104
1627343141280000,0,86.62296015,8.0125
1627343186946000,1,12.33757911,7.9827
1627343186946000,1,12.66232908,7.9796
1627343186946000,1,98.74092916,7.9787
1627343346209000,0,12.81479058,7.9534
1627343346209000,0,12.76894958,7.9554
1627343346209000,0,74.41625984,7.9573
1627344428152000,0,31.25000000,7.9985
1627344432173000,0,68.75000000,7.9985
1627344867118000,1,31.25000000,7.8536
1627344867751000,1,13.87881304,7.8536
1627344867751000,1,12.84829792,7.8486
1627344867751000,1,12.05293250,7.8457
1627344867751000,1,12.24138807,7.8408
1627344867751000,1,161.72327076,7.8397
1627344867751000,1,144.02645541,7.8372
1627344867751000,1,52.25950768,7.8366
1627345190886000,0,12.29717110,7.9113
1627345190886000,0,12.62858736,7.9131
1627345190886000,0,18.43300393,7.9153
1627345191402000,0,12.74370221,7.9113
1627345191402000,0,12.23970318,7.9131
1627345191900000,0,12.94066084,7.9113
1627345192360000,0,10.34869939,7.9118
1627348123946000,1,31.25000000,7.8300
1627348124451000,1,11.60048406,7.8300
1627348154591000,1,127.71300000,7.8300
1627348154861000,1,329.43651594,7.8300
1627348344386000,1,18.75000000,7.8000
1627348346993000,1,18.75000000,7.8000
1627348347166000,1,127.71300000,7.8000
1627348348770000,1,334.78700000,7.8000
1627348348770000,1,22.71987179,7.8000
1627348464795000,1,22.86580645,7.7500
1627348468406000,0,3.74193548,7.7482
1627348698284000,1,120.00000000,7.7200
1627348934181000,0,31.25000000,7.6698
1627349042770000,0,12.76135514,7.6377
1627349042770000,0,12.96272795,7.6401
1627349042770000,0,74.27591691,7.6413
1627349299774000,1,12.79113491,7.6635
1627349299837000,0,31.25000000,7.6635
1627349299985000,0,55.95886509,7.6635
1627350295152000,1,31.25000000,7.5555
1627350305933000,0,3.44121088,7.5513
1627350999144000,1,20.00000000,7.5910
1627353638925000,1,2.70000000,7.5000
1627353638925000,1,700.00000000,7.5000
1627353638925000,1,5.18134715,7.5000
1627353639181000,1,4.44514695,7.4969
1627353794262000,1,332.94840209,7.4904
1627354302087000,0,12.89332538,7.5590
1627354302087000,0,168.36913350,7.5628
1627354302087000,0,12.77136588,7.5633
1627354302087000,0,12.52087988,7.5652
1627354302087000,0,168.16269348,7.5671
1627354874957000,1,15.00000000,7.4700
1627357195409000,1,100.00000000,7.6058
1627357514516000,1,12.93866460,7.6250
1627357514516000,1,12.09790115,7.6250
1627357514581000,0,31.25000000,7.6233
1627357514583000,0,12.93279979,7.6233
1627357514776000,0,30.78063446,7.6233
1627357559158000,0,12.20359434,7.6413
1627357559158000,0,0.71737002,7.6434
1627358089367000,0,12.48409221,7.6285
1627358089367000,0,12.01542891,7.6310
1627358089416000,1,31.25000000,7.6310
1627358101763000,1,207.76157513,7.6310
1627358829024000,0,31.25000000,7.5976
1627359210396000,0,12.50550000,7.6736
1627359281227000,0,31.25000000,7.6659
1627359281297000,0,60.77359996,7.6659
1627359671549000,1,5.43620610,7.6358
1627359671549000,1,12.17392874,7.6281
1627359671549000,1,2.38986516,7.6263
1627359823477000,0,12.19727727,7.6319
1627359823477000,0,0.86650639,7.6330
1627360812307000,1,31.25000000,7.5988
1627360812607000,1,153.00000000,7.5988
1627360818445000,1,31.25000000,7.5988
1627360818574000,1,93.55268560,7.5988
1627361097294000,0,31.25000000,7.6010
1627362875307000,1,12.84991083,7.5636
1627362875307000,1,12.50111502,7.5635
1627362875307000,1,12.91145525,7.5635
1627362875307000,1,21.38803731,7.5598
1627363192693000,1,12.98051012,7.6626
1627363192693000,1,31.75737868,7.6588
1627363204028000,0,3.54291339,7.6801
1627363232538000,0,31.25000000,7.6804
1627363232577000,0,2.30341660,7.6804
1627363241408000,0,12.74294223,7.7160
1627363310018000,0,12.56116535,7.7086
1627363310018000,0,12.97458559,7.7092
1627363310018000,0,0.16285443,7.7112
1627363328592000,0,12.66099714,7.7361
1627363328592000,0,2.85017247,7.7380
1627363347934000,0,3.44121088,7.7383
1627363409277000,1,12.11021184,7.7186
1627363409277000,1,12.54536563,7.7186
1627363409277000,1,12.06471737,7.7179
1627363409277000,1,12.63654398,7.7160
1627363409277000,1,255.42600000,7.7141
1627363409277000,1,131.03485534,7.7141
1627363688969000,0,12.27097650,7.7585
1627363688969000,0,164.04132046,7.7624
1627363688969000,0,12.06618652,7.7647
1627363688969000,0,163.98240511,7.7652
1627363688969000,0,45.00000000,7.7686
1627363688969000,0,35.63241778,7.7709
1627363690331000,0,22.06183395,7.7624
1627363782933000,0,12.40575060,7.7530
1627363782933000,0,12.26127219,7.7554
1627363832204000,1,31.25000000,7.7111
1627363834056000,1,42.37753222,7.7111
1627364423286000,1,12.54945729,7.6569
1627364423286000,1,12.25407240,7.6568
1627364423286000,1,12.92096241,7.6549
1627364423365000,0,12.60560000,7.6547
1627364423378000,0,0.00003281,7.6547
1627364427249000,0,12.28884820,7.6670
1627365698078000,1,12.42835494,7.6924
1627365698078000,1,12.66661504,7.6899
1627365698078000,1,12.60172575,7.6899
1627365698078000,1,255.42600000,7.6886
1627365698078000,1,12.28397792,7.6885
1627365698078000,1,127.58663272,7.6881
1627365827206000,0,12.52547207,7.6639
1627365827206000,0,13.69981493,7.6677
1627365866285000,0,12.30775837,7.6785
1627365866693000,0,31.25000000,7.6777
1627365866693000,0,12.05182998,7.6785
1627365866693000,0,12.05531251,7.6818
1627365866693000,0,12.37903262,7.6818
1627365923406000,1,12.53502070,7.6430
1627365923406000,1,12.34668332,7.6430
1627365923406000,1,12.58821026,7.6430
1627365923500000,0,12.86021063,7.6420
1627366024977000,0,14.00000000,7.6818
1627366459478000,0,12.88290852,7.6770
1627366459478000,0,3.76839755,7.6790
1627366597699000,0,14.00000000,7.6541
1627366807991000,0,12.12990678,7.6828
1627366807991000,0,52.94972139,7.6829
1627366854861000,0,13.00275138,7.6907
1627366922669000,0,31.25000000,7.7133
1627366923911000,0,31.25000000,7.7133
1627366926855000,0,11.12753222,7.7133
1627366926855000,0,12.70863972,7.7157
1627367796970000,0,10.01438194,7.7389
1627368197051000,1,31.25000000,7.7280
1627368344583000,1,30.00000000,7.7200
1627368701445000,0,45.00000000,7.6635
1627368711893000,0,12.26715820,7.6426
1627368711893000,0,11.81281286,7.6444
1627369961637000,1,10.00000000,7.6633
1627370462586000,1,12.80118701,7.6843
1627370462586000,1,92.84212000,7.6805
1627370462586000,1,11.55637140,7.6805
1627370462586000,1,106.69381960,7.6786
1627370471322000,0,12.93333425,7.6989
1627370471322000,0,5.43620610,7.7020
1627370471322000,0,12.97462467,7.7027
1627370471322000,0,77.02915258,7.7065
1627375441378000,0,31.25000000,7.7500
1627375561878000,0,97.48928611,7.7500
1627375566129000,0,31.25000000,7.7500
1627375567311000,0,31.25000000,7.7500
1627375575703000,0,31.25000000,7.7500
1627375575780000,0,251.87280258,7.7500
1627375740652000,0,12.56911105,7.7829
1627375740652000,0,12.01687382,7.7829
1627375741630000,0,12.01751698,7.7829
1627375789496000,0,12.32240783,7.7890
1627375789496000,0,12.38390095,7.7898
1627375789496000,0,12.57387870,7.7899
1627375789548000,1,31.25000000,7.7900
1627375789562000,1,12.87361091,7.7900
1627375792721000,1,311.57951354,7.7900
1627375893582000,1,3.48994943,7.7708
1627376117067000,0,12.15568787,7.7914
1627376117067000,0,165.84431213,7.7935
1627376206586000,0,31.25000000,7.8000
1627376208237000,0,31.25000000,7.8000
1627376223167000,0,57.50000000,7.8000
1627376223167000,0,12.34955392,7.8006
1627376223167000,0,12.36952896,7.8030
1627376223167000,0,12.84728822,7.8047
1627376223167000,0,26.89507454,7.8066
1627376847622000,1,149.56302450,7.8277
1627377019649000,0,12.50208278,7.8358
1627377671503000,0,164.99430246,7.7356
1627377671503000,0,8.28650690,7.7359
1627377671503000,0,12.46633482,7.7393
1627377671556000,1,12.93064412,7.7401
1627377671561000,1,26.20102432,7.7401
1627378588615000,0,2.71471101,7.7348
1627379126753000,1,11.92797288,7.7546
1627379307572000,0,31.25000000,7.7622
1627379557174000,0,3.10307437,7.8228
1627380277144000,0,12.21328355,7.7575
1627380277144000,0,91.49828000,7.7590
1627380277144000,0,12.96645357,7.7591
1627380277144000,0,12.20303361,7.7610
1627380534163000,1,12.54853783,7.7491
1627380538544000,0,9.27406707,7.7474
1627381536458000,0,63.46083573,7.7719
1627384649947000,0,31.25000000,7.8429
1627384784043000,1,30.00000000,7.8500
1627384865086000,0,63.88061989,7.8271
1627385860688000,1,12.73791536,7.8499
1627385860688000,1,12.31148379,7.8499
1627385860773000,0,63.40200000,7.8478
1627385860774000,0,0.00001978,7.8478
1627386061366000,0,5.18134714,7.8750
1627386155985000,0,11.15099942,7.8971
1627386519759000,1,31.25000000,7.8865
1627386665893000,0,161.10572730,7.9038
1627386665893000,0,12.33897062,7.9042
1627386665893000,0,161.13824646,7.9065
1627386665893000,0,12.68499275,7.9082
1627386665893000,0,255.42600000,7.9109
1627386665893000,0,45.00000000,7.9109
1627386665893000,0,153.10387180,7.9153
1627386685736000,0,68.17550083,7.9147
1627386732172000,0,3.10307437,7.9156
1627386739014000,0,255.42600000,7.9288
1627386739014000,0,112.42164475,7.9289
1627386739014000,0,12.44449359,7.9318
1627386739014000,0,69.76730191,7.9320
1627386816862000,0,27.79892530,7.9205
1627386982134000,1,30.00000000,7.9150
1627387057739000,1,1021.00972369,7.8921
1627387106511000,0,107.56974632,7.9018
1627387777004000,0,3.00000000,7.8243
1627388976298000,0,12.65676678,7.8115
1627389564575000,0,31.25000000,7.8850
1627389564769000,0,118.31302450,7.8850
1627389618376000,0,3.74193548,7.9368
1627389618622000,0,31.25000000,7.9512
1627389618675000,0,64.94309766,7.9512
1627389618813000,0,18.89900000,7.9729
1627389624411000,0,12.91412906,7.9729
1627389624411000,0,12.25660944,7.9748
1627389625399000,0,12.09408230,7.9729
1627389625399000,0,63.84853067,7.9768
1627389723473000,0,63.73025867,7.9815
1627389723473000,0,63.75118675,7.9842
1627389725909000,0,54.87721547,7.9815
1627389903881000,0,31.79937053,7.9993
1627389903881000,0,2.70000000,8.0000
1627389903881000,0,5.92687947,8.0000
1627389905245000,0,9.72146347,7.9993
1627390032535000,1,3.25068784,7.9795
1627390062898000,0,4.07312053,8.0000
1627390220225000,1,31.25000000,8.0397
1627390553271000,0,31.44328917,8.0913
1627390553271000,0,31.46070927,8.0913
1627390553271000,0,53.81641599,8.0956
1627390638054000,0,31.25000000,8.0913
1627390638117000,0,22.11972675,8.0913
1627390754478000,0,12.85343542,8.1357
1627390754478000,0,12.96677322,8.1373
1627390755525000,0,3.90026396,8.1397
1627390755525000,0,15.62664855,8.1436
1627390756411000,0,15.62664855,8.1436
1627390798174000,0,31.25069926,8.1353
1627390824143000,0,31.24381245,8.1442
1627390824143000,0,31.23091788,8.1475
1627390824143000,0,450.05944025,8.1500
1627390824143000,0,27.46582942,8.1500
1627390894648000,0,31.25000000,8.1500
1627390895677000,0,14.16687116,8.1500
1627390898855000,0,31.25000000,8.1500
1627390899264000,0,696.66510835,8.1500
1627390899264000,0,68.17550083,8.1500
1627390926129000,0,12.60143811,8.1834
1627390927143000,0,12.98408630,8.1834
1627391102773000,0,55.50457665,8.2550
1627391133494000,0,14.99999999,8.3000
1627391133513000,0,0.00000001,8.3000
1627391134538000,0,12.34509871,8.3467
1627391134538000,0,12.72144500,8.3488
1627391139054000,0,12.06477109,8.3167
1627391139054000,0,12.80060336,8.3167
1627391153594000,0,86.27497000,8.3154
1627391153594000,0,2.51274432,8.3166
1627391284883000,0,74.74099204,8.2208
1627391285261000,1,12.03695145,8.1982
1627391285261000,1,7.96304855,8.1953
1627391367022000,1,9.64184814,8.2189
1627391470302000,0,62.40462361,8.1509
1627391470302000,1,82.27930241,8.1509
1627391608638000,1,10.00000000,8.1221
1627391679973000,0,10.04257865,8.0886
1627391823655000,1,63.46083573,8.0029
1627392390372000,1,4.87603177,8.0904
1627392410460000,1,238.11372064,8.0900
1627392551820000,1,12.54928009,8.0607
1627392551820000,1,255.42600000,8.0591
1627392551820000,1,153.74034581,8.0591
1627392551820000,1,12.23757586,8.0575
1627392551820000,1,179.63500000,8.0549
1627392551820000,1,157.28104169,8.0549
1627392551820000,1,157.34029914,8.0518
1627392551820000,1,92.80018110,8.0476
1627392655656000,1,9.27406707,8.0485
1627392745761000,0,12.87651474,8.0726
1627392746234000,0,12.47720280,8.0747
1627392877495000,0,12.12308567,8.1081
1627392877561000,1,242.87691433,8.1100
1627392989742000,1,58.02561884,8.1261
1627393025162000,1,333.25980392,8.1600
1627393108468000,0,141.54871755,8.1797
1627393108468000,0,87.29993000,8.1798
1627393108468000,0,103.59634022,8.1798
1627393113192000,1,10.00000000,8.1579
1627393536065000,1,100.00000000,8.1840
1627393643891000,1,500.00000000,8.1700
1627394001034000,1,12.73687112,8.1141
1627394001034000,1,13.25388269,8.1129
1627394001034000,1,255.42600000,8.1100
1627394001034000,1,151.17782319,8.1100
1627394001034000,1,156.36854920,8.1069
1627394001034000,1,76.74166549,8.1044
1627394038720000,1,6.86153388,8.1196
1627394295702000,1,31.25000000,8.1172
1627394338766000,1,68.75000000,8.1172
1627394384521000,0,62.72173329,8.1106
1627394692044000,1,125.08522961,7.9874
1627394692367000,1,12.01043578,7.9694
1627394692367000,1,13.28540700,7.9674
1627394692367000,1,89.23762000,7.9671
1627394692367000,1,75.83312421,7.9654
1627394705533000,0,5.39831397,7.9484
1627394735318000,1,12.05544411,7.9371
1627394735318000,1,19.19455589,7.9332
1627395270631000,1,12.44319010,7.8367
1627395270631000,1,12.14879394,7.8366
1627395270631000,1,12.95539167,7.8338
1627395270631000,1,79.17303872,7.8327
1627395276356000,1,12.29449099,7.8251
1627395276356000,1,162.07920673,7.8244
1627395276356000,1,13.03694186,7.8232
1627395276356000,1,16.79632485,7.8218
1627395276357000,1,145.33733345,7.8218
1627395276357000,1,58.86963098,7.8212
1627395290063000,1,25.45712317,7.7900
1627395290064000,1,31.25000000,7.7900
1627395290680000,1,117.60096412,7.7900
1627395290680000,1,12.17754218,7.7764
1627395290680000,1,12.22787874,7.7728
1627395290680000,1,12.46181365,7.7693
1627395290680000,1,154.59843432,7.7656
1627395290680000,1,65.36114484,7.7512
1627395308394000,1,12.94790589,7.7518
1627395427187000,1,31.25000000,7.8490
1627395427201000,1,204.02901498,7.8490
1627395509370000,1,12.21557885,7.8499
1627395509370000,1,12.29548520,7.8483
1627395509370000,1,83.86225355,7.8472
1627395754343000,1,144.68392602,7.8565
1627396403306000,0,12.43863021,7.9826
1627396403306000,0,12.88549574,7.9846
1627396403306000,0,15.95466851,7.9866
1627396403306000,0,255.42600000,7.9945
1627396403306000,0,125.36776778,7.9946
1627396403306000,0,109.87901888,7.9946
1627396403306000,0,26.59111419,7.9946
1627396403306000,0,66.90021952,7.9986
1627396689249000,0,31.25000000,7.9179
1627396846464000,0,12.06009116,7.9263
1627396846947000,1,12.06008406,7.9263
1627396986683000,1,12.84177345,7.8314
1627396986683000,1,187.15822655,7.8288
1627397260556000,1,4.87603177,7.8839
1627397648033000,1,31.25000000,7.9200
1627397655646000,1,31.25000000,7.9200
1627397655877000,1,66.50000000,7.9200
1627397699759000,1,9.64184814,7.9122
1627398093888000,0,74.83092926,7.9097
1627398093951000,0,31.25000000,7.9097
1627399122204000,0,9.03982571,7.9702
1627399122270000,0,22.21017429,7.9702
1627399122270000,0,1.91553686,7.9716
1627399149615000,1,12.00651809,7.9565
1627399149674000,0,31.25000000,7.9565
1627399149765000,0,33.99999894,7.9565
1627399149768000,0,122.74348297,7.9565
1627399165185000,0,31.25000000,7.9541
1627399176623000,1,12.22542750,7.9440
1627399176623000,1,12.46320751,7.9428
1627399176623000,1,175.31136499,7.9401
1627399184701000,0,12.37212862,7.9675
1627399184701000,0,125.58651300,7.9715
1627399184772000,0,12.14525111,7.9635
1627399184772000,0,0.22687751,7.9635
1627399184803000,0,21.65327315,7.9635
1627399184921000,0,9.36984933,7.9635
1627399184921000,0,0.00000001,7.9635
1627400222626000,1,31.25000000,7.8700
1627400223014000,1,7.47617534,7.8700
1627400505473000,0,16.18744809,7.8514
1627400537342000,1,2.73049706,7.8109
1627400537659000,1,88.21378294,7.8109
1627400537659000,1,149.04146070,7.8077
1627400537659000,1,44.64612324,7.8038
1627400778088000,1,127.71300000,7.8000
1627400779162000,1,119.53246056,7.8000
1627400779281000,1,7.77358602,7.8000
1627400779288000,1,45.33168791,7.8000
1627400779621000,1,68.05775811,7.8000
1627400780420000,1,34.02550100,7.8000
1627400780454000,1,86.61500542,7.8000
1627400780587000,1,56.95117208,7.8000
1627400785475000,1,34.02550100,7.8000
1627400785666000,1,16.02346695,7.8000
1627400786416000,1,34.02550100,7.8000
1627400786523000,1,69.99702465,7.8000
1627401264521000,1,81.89692504,7.8000
1627401931642000,0,11.46160164,7.7799
1627401946285000,0,4.49877826,7.7747
1627402207561000,1,12.89000000,7.7590
1627402794295000,0,3.80848047,7.6684
1627403577389000,1,12.47638572,7.5906
1627403577389000,1,12.67414646,7.5906
1627403577389000,1,103.80971588,7.5869
1627403739103000,0,10.00000000,7.5948
1627403826963000,0,12.24513886,7.6044
1627403826963000,0,93.63000000,7.6082
1627403826963000,0,12.68475588,7.6090
1627403826963000,0,12.42389645,7.6090
1627403826963000,0,12.63534066,7.6095
1627403826963000,0,47.00000000,7.6099
1627403826963000,0,6.02655048,7.6128
1627403826963000,0,66.17682952,7.6128
1627403892956000,1,119.37643694,7.6360
1627404419994000,0,73.25601171,7.5848
1627404429068000,1,100.00000000,7.5848
1627404437972000,1,127.71300000,7.5601
1627404451956000,1,113.76428400,7.5601
1627404454474000,1,24.00600000,7.5590
1627404466957000,1,127.71300000,7.5590
1627404467186000,1,24.00599283,7.5590
1627404480312000,1,34.02550100,7.5591
1627404480510000,1,59.55086244,7.5591
1627404481955000,1,127.71300000,7.5591
1627404496942000,1,127.71300000,7.5591
1627404500966000,1,34.02550100,7.5591
1627404501103000,1,98.55435362,7.5591
1627404503234000,1,34.02550100,7.5591
1627404503390000,1,98.57449504,7.5591
1627404512154000,1,127.71300000,7.5591
1627404519055000,1,34.02550100,7.5591
1627404519239000,1,166.75874700,7.5591
1627404519330000,1,76.95597995,7.5591
1627404520144000,1,34.02550100,7.5591
1627404520337000,1,98.46733871,7.5591
1627404524244000,1,2.65074102,7.5591
1627404553017000,1,121.46187900,7.5591
1627404553154000,1,11.16038125,7.5591
1627404553335000,1,2.41688195,7.5591
1627404553335000,1,119.04499705,7.5590
1627404553560000,1,217.47902224,7.5590
1627404554370000,1,121.46187613,7.5590
1627404557587000,1,27.94720589,7.5590
1627404565017000,0,4.23334180,7.5571
1627404848817000,1,2.70000000,7.5000
1627404848817000,1,39.44620299,7.5000
1627404850404000,1,34.04658900,7.5000
1627404850688000,1,188.27424000,7.5000
1627404850809000,1,18.75000000,7.5000
1627404850959000,1,468.27653500,7.5000
1627404850959000,1,324.85989867,7.5000
1627404851032000,1,75.77879600,7.5000
1627404851364000,1,70.43907167,7.5000
1627404851364000,1,13.35000000,7.5000
1627404877571000,1,15.00000000,7.4700
1627404966837000,1,68.13486656,7.4652
1627404977983000,0,50.98420000,7.4773
1627404978087000,0,0.00002363,7.4773
1627404979265000,0,25.87060000,7.4798
1627405032592000,1,50.53870313,7.4699
1627405073896000,0,127.83900000,7.4531
1627405081967000,0,127.83900000,7.4559
1627405103045000,0,34.02230000,7.4658
1627405130634000,0,34.04240000,7.4612
1627405149970000,0,34.03080000,7.4630
1627405150709000,0,0.00001113,7.4630
1627405320138000,0,127.83900000,7.5000
1627405389398000,0,127.83900000,7.5000
1627405389476000,0,31.25000000,7.5000
1627405389648000,0,196.39743933,7.5000
1627405390063000,0,26.64821778,7.5000
1627405390411000,0,165.32711556,7.5000
1627406068287000,0,169.48544694,7.4955
1627406068287000,0,47.00000000,7.4975
1627406068287000,0,169.40301232,7.4983
1627406068287000,0,61.57437660,7.4984
1627406106464000,0,103.16823254,7.4838
1627406106493000,0,31.25000000,7.4838
1627406166844000,0,12.47918478,7.5279
1627406166844000,0,12.97233881,7.5316
1627406166844000,0,168.60818259,7.5317
1627406166976000,1,5.94029382,7.5328
1627406179330000,0,31.25000000,7.5328
1627406183869000,0,12.73885551,7.5301
1627406183869000,0,12.06968769,7.5317
1627406183869000,0,107.99707128,7.5328
1627406201014000,0,12.13619359,7.5363
1627406201014000,0,94.00030966,7.5371
1627406221948000,0,128.94913482,7.5384
1627406240669000,1,168.36003564,7.5449
1627406241820000,1,24.89531165,7.5449
1627406242900000,1,168.47543015,7.5384
1627406251725000,1,24.94794045,7.5384
1627406369103000,1,94.24163000,7.5313
1627406369103000,1,12.58079074,7.5292
1627406369103000,1,12.00343545,7.5267
1627406369103000,1,12.33841965,7.5243
1627406369103000,1,18.83572416,7.5205
1627406460320000,1,12.16513998,7.5080
1627406460320000,1,47.52307849,7.5063
1627406829168000,0,12.23119422,7.5226
1627406829168000,0,3.52250888,7.5252
1627407248811000,1,12.91381045,7.5412
1627407368990000,0,12.61053395,7.5374
1627407488981000,1,12.40654001,7.5183
1627407718936000,1,12.75586006,7.5306
1627407719002000,0,31.25000000,7.5300
1627407734475000,0,12.82002599,7.5300
1627407734475000,0,18.42997401,7.5300
1627407735150000,0,20.41884329,7.5300
1627407739812000,0,32.00297742,7.5300
1627407742893000,0,63.14234522,7.5300
1627407849314000,1,27.99279353,7.5503
1627407909582000,0,12.50535458,7.5778
1627407909582000,0,121.26296182,7.5789
1627407909927000,0,31.25000000,7.5770
1627407909927000,0,12.95943488,7.5783
1627407909927000,0,31.38302788,7.5789
1627407910419000,0,12.50939315,7.5789
1627408753622000,0,12.88632262,7.5718
1627408753622000,0,12.53263806,7.5742
1627408753622000,0,12.58153673,7.5746
1627408753622000,0,31.91128689,7.5756
1627409059588000,1,5.32887837,7.5000
1627409059591000,1,0.00000001,7.5000
1627409159670000,1,12.86563268,7.4533
1627409159670000,1,12.94301174,7.4533
1627409159670000,1,33.87957405,7.4496
1627409179303000,1,14.49270467,7.4461
1627409244963000,1,12.84140616,7.4688
1627409244963000,1,12.54235586,7.4688
1627409244963000,1,12.36284954,7.4667
1627409244963000,1,12.07217605,7.4667
1627409244963000,1,213.69230864,7.4650
1627409436836000,0,9.42054931,7.5510
1627410032606000,0,12.41587353,7.5121
1627410032606000,0,13.24259797,7.5141
1627410032606000,0,169.04380581,7.5157
1627410032606000,0,162.11072438,7.5169
1627410032606000,0,11.83766615,7.5171
1627410044064000,0,12.58566765,7.5103
1627410044064000,0,12.06841029,7.5129
1627410044064000,0,12.43093478,7.5133
1627410044064000,0,168.98061439,7.5141
1627410044064000,0,12.87142445,7.5159
1627410047049000,0,168.92505413,7.5205
1627410518843000,0,132.31083519,7.5580
1627410866330000,0,166.56254755,7.6301
1627410866330000,0,69.43750481,7.6327
1627412418754000,0,63.95570653,7.6273
1627412867824000,0,31.71900452,7.6402
1627413250909000,0,7.28510509,7.6421
1627413487245000,1,93.48656000,7.6011
1627413487245000,1,6.51344000,7.6011
1627413488526000,0,54.88397724,7.6213
1627413521516000,1,12.42363346,7.6111
1627413521516000,1,12.63688089,7.6092
1627413521516000,1,153.92135511,7.6073
1627413547435000,0,44.66889042,7.6181
1627413605632000,1,12.47616422,7.6042
1627413605632000,1,12.90861356,7.6042
1627413605711000,0,31.25000000,7.6042
1627413605769000,0,127.83900000,7.6042
1627413606935000,0,20.59047006,7.6042
1627413607016000,0,0.00000001,7.6042
1627413616183000,1,153.79818589,7.6019
1627413620952000,1,12.22809224,7.6022
1627413620952000,1,37.77190776,7.6019
1627413625855000,1,13.00147347,7.5957
1627413625855000,1,36.99852653,7.5956
1627413631968000,0,90.34860000,7.5956
1627413632090000,0,0.00003941,7.5956
1627413658754000,1,33.88073978,7.5891
1627413663825000,1,50.82110968,7.5891
1627413666877000,1,38.11583225,7.5855
1627413670557000,1,3.17631935,7.5903
1627413671467000,0,127.83900000,7.5929
1627413679256000,1,8.60645859,7.5927
1627413682259000,1,8.60645860,7.5953
1627413920965000,0,50.00000000,7.6101
1627414189932000,0,12.23916821,7.6093
1627414189932000,0,12.72241278,7.6093
1627414307091000,0,12.94943128,7.6525
1627414309580000,0,12.26170804,7.6540
1627414309580000,0,13.17161356,7.6544
1627414319343000,0,12.51697929,7.6517
1627414319343000,0,12.32896830,7.6537
1627414319343000,0,166.01474901,7.6556
1627414319343000,0,93.27633000,7.6575
1627414319343000,0,12.95873997,7.6577
1627414319343000,0,128.15389668,7.6585
1627414575684000,0,100.00000000,7.6463
1627415032402000,1,12.04165031,7.6442
1627415032482000,0,31.25000000,7.6432
1627415032488000,0,12.78928163,7.6432
1627415032891000,0,75.33031605,7.6432
1627415033144000,0,0.00000793,7.6432
1627415054947000,1,12.29141300,7.6546
1627415054947000,1,12.01313841,7.6546
1627415054947000,1,12.06458623,7.6535
1627415054947000,1,29.33649032,7.6508
1627415077483000,1,65.70562797,7.6386
1627415358034000,0,100.00000000,7.6563
1627415529595000,0,12.35587781,7.6607
1627415529595000,0,12.03234315,7.6625
1627415537829000,0,12.39717901,7.6644
1627415538291000,0,9.30694224,7.6644
1627415551368000,0,12.02061565,7.6593
1627415551368000,0,12.79414853,7.6605
1627415553903000,0,12.79414853,7.6580
1627415553903000,0,12.16802428,7.6593
1627415851153000,0,97.97082415,7.6508
1627415866208000,0,104.33925919,7.6543
1627416165721000,0,75.46470412,7.6912
1627416185602000,0,12.11313492,7.6933
1627416961602000,1,12.41448650,7.6827
1627416961602000,1,12.75254106,7.6827
1627416961602000,1,12.10232915,7.6819
1627416961602000,1,26.68634982,7.6816
1627417368934000,0,12.34794591,7.6840
1627417368934000,0,12.08319777,7.6868
1627417489587000,0,12.13314390,7.6780
1627417489587000,0,45.95259200,7.6798
1627418344423000,0,12.63724282,7.7332
1627418344423000,0,164.32114060,7.7344
1627418344423000,0,12.72974855,7.7350
1627418344423000,0,11.93221656,7.7385
1627418344423000,0,48.14625309,7.7389
1627418434093000,1,88.00129617,7.7150
1627419082473000,0,92.36310348,7.7159
1627419138235000,0,11.00000000,7.7280
1627419138235000,0,9.00000000,7.7289
1627419146045000,0,6.36840062,7.7350
1627419563789000,1,12.93372493,7.7206
1627419563789000,1,12.39402991,7.7177
1627419563789000,1,255.42600000,7.7167
1627419563789000,1,164.30551290,7.7167
1627419563789000,1,2.40356812,7.7166
1627419849733000,0,7.57290723,7.7410
1627419935380000,0,1.42709277,7.7410
1627419935380000,0,4.23334180,7.7412
1627419935380000,0,12.00000000,7.7425
1627420132042000,0,31.25000000,7.7500
1627420133051000,0,8.19620299,7.7500
1627420133051000,0,23.05379701,7.7500
1627420219725000,0,10.99279199,7.7500
1627420219725000,0,20.25720801,7.7500
1627420219913000,0,127.83900000,7.7500
1627420226863000,0,4.89434047,7.7500
1627420227474000,0,4.92666078,7.7500
1627420227842000,0,30.35703074,7.7500
1627420227842000,0,18.75000000,7.7500
1627420227842000,0,114.44120686,7.7500
1627420228071000,0,4.15472185,7.7500
1627420228208000,0,163.56315106,7.7500
1627420228438000,0,163.52508109,7.7500
1627420228508000,0,22.59237414,7.7500
1627420228508000,0,324.85989867,7.7500
1627420228508000,0,75.77879600,7.7500
1627420228508000,0,70.43907167,7.7500
1627420228508000,0,26.23999452,7.7500
1627420228774000,0,0.00000548,7.7500
1627420231231000,0,12.27405391,7.7706
1627420231231000,0,12.01582832,7.7714
1627420231231000,0,13.18067936,7.7736
1627420231231000,0,163.60667596,7.7745
1627420231231000,0,147.01098245,7.7775
1627420231231000,0,95.97625630,7.7775
1627420264758000,1,3.89542391,7.7580
1627420280174000,0,12.00000000,7.7750
1627420304337000,1,8.00000000,7.7825
1627420501674000,0,12.47458099,7.8016
1627420501674000,0,12.72405870,7.8044
1627420501674000,0,6.24230930,7.8055
1627421335615000,0,8.00000000,7.8336
1627421366013000,1,31.25000000,7.8401
1627421370168000,1,31.25000000,7.8401
1627421382668000,1,27.50000000,7.8401
1627421594183000,0,10.00000000,7.8336
1627421695023000,0,4.00000000,7.8360
1627421737430000,0,12.30769069,7.8465
1627421737430000,0,0.51520822,7.8467
1627421925309000,1,162.19919807,7.8400
1627421930092000,1,162.19740511,7.8400
1627421955386000,0,162.11578984,7.8438
1627421955386000,0,4.00000000,7.8438
1627421955386000,0,162.12582867,7.8480
1627421955386000,0,270.31100628,7.8485
1627421956824000,1,270.31100628,7.8500
1627421956824000,1,162.11977717,7.8500
1627421956824000,1,162.11977717,7.8500
1627421956910000,1,127.71300000,7.8500
1627421957374000,1,127.71300000,7.8500
1627421958195000,1,98.00000000,7.8500
1627421958368000,1,76.45579700,7.8500
1627421958375000,1,457.54658800,7.8500
1627421958448000,1,73.96317200,7.8500
1627421958663000,1,162.11977717,7.8500
1627421958668000,1,17.29175200,7.8500
1627421958727000,1,159.65177600,7.8500
1627421960830000,1,162.11506451,7.8500
1627421962821000,1,162.11506451,7.8500
1627421964059000,1,7.51601000,7.8500
1627421964821000,1,162.11506451,7.8500
1627421966826000,1,162.11506451,7.8500
1627421968624000,1,32.42527043,7.8500
1627421969824000,1,32.42527043,7.8500
1627421971821000,1,32.42527043,7.8500
1627421973821000,1,32.42527043,7.8500
1627421975829000,1,32.42527043,7.8500
1627421977822000,1,32.42527043,7.8500
1627422004413000,0,90.65889000,7.8504
1627422004413000,0,47.00000000,7.8514
1627422004413000,0,7.00000000,7.8521
1627422004553000,1,127.71300000,7.8600
1627422004665000,1,7.51066725,7.8600
1627422004716000,1,7.79180481,7.8600
1627422004773000,1,18.75000000,7.8600
1627422004823000,1,7.31605085,7.8600
1627422004881000,1,6.82714915,7.8600
1627422005303000,1,164.64517000,7.8600
1627422005352000,1,102.33899100,7.8600
1627422005421000,1,127.43511452,7.8600
1627422005441000,1,556.04392800,7.8600
1627422005478000,1,270.29311000,7.8600
1627422005530000,1,127.45798500,7.8600
1627422005624000,1,218.09145499,7.8600
1627422005665000,1,52.00104400,7.8600
