timestamp ms,type,amount,price
1628467343866000,0,0.00130854,43926.1800
1628467616940000,1,0.00449036,43655.0000
1628467618440000,1,0.00009164,43655.0000
1628468028065000,1,0.00460000,43479.0000
1628468032058000,1,0.00009236,43304.0000
1628468125348000,1,0.00500000,43220.0000
1628468400049000,0,0.00009236,43478.0000
1628468426791000,0,0.01300000,43498.8300
1628468427073000,0,0.01300000,43503.6500
1628468721413000,0,0.01299999,43441.9200
1628468721421000,0,0.00000001,43441.9200
1628468773914000,1,0.01334952,43441.9500
1628468773914000,1,0.02532001,43441.9300
1628468774565000,1,0.04159074,43441.9300
1628468774646000,1,0.00084879,43441.9300
1628468786059000,1,0.01300000,43409.3000
1628468920627000,0,0.11500517,43475.6600
1628468920627000,0,0.09074783,43475.6600
1628469008802000,0,0.00174273,43420.3600
1628469082184000,0,0.00411506,43488.3500
1628469191358000,1,0.00904731,43369.9200
1628469371563000,1,0.09967549,43288.0600
1628469371564000,1,0.01576497,43288.0600
1628469742315000,1,0.09942111,43182.7400
1628469742315000,1,0.11577432,43166.3600
1628469742315000,1,0.23147732,43157.1500
1628469742315000,1,0.04628233,43150.1500
1628469742315000,1,0.02728336,43137.1500
1628469742315000,1,0.00058518,43137.1200
1628469844920000,1,0.00059502,43130.0000
1628469845225000,1,0.00404298,43130.0000
1628469857021000,0,0.01324596,43210.3800
1628470082462000,0,0.02731165,43143.1900
1628470165945000,1,0.03200000,43099.4900
1628470199517000,1,0.00666900,43170.4300
1628470265620000,1,0.03920000,43155.8600
1628470265743000,1,0.00735218,43155.8600
1628470362052000,0,0.03200000,43254.1200
1628470362166000,0,0.00677073,43254.1200
1628470362213000,0,0.04620512,43254.9400
1628470362433000,0,0.00842724,43268.3600
1628470362498000,0,0.00519604,43268.3600
1628470366376000,0,0.08175915,43302.9900
1628470366376000,0,0.00059502,43303.0000
1628470366376000,0,0.00404298,43303.0000
1628470396755000,1,0.00452564,43304.0000
1628470400331000,1,0.00009236,43304.0000
1628470606234000,1,0.11542540,43298.7900
1628470606293000,1,0.04664871,43293.5900
1628470606314000,1,0.00000022,43293.5900
1628470606314000,1,0.02719001,43284.6700
1628470606420000,1,0.00000037,43284.6700
1628470606442000,0,0.06694063,43284.6600
1628470977164000,1,0.02729315,43124.5200
1628470977164000,1,0.01176685,43124.5200
1628470977423000,1,0.00964040,43124.5200
1628470977724000,1,0.07811384,43124.5200
1628470977835000,1,0.07790017,43124.5200
1628471205292000,0,0.00139900,43055.6100
1628471240019000,1,0.00465600,42957.0000
1628471378327000,0,0.00696300,43029.2400
1628471709057000,1,0.02700000,42826.8400
1628471709143000,1,0.00047669,42826.8400
1628471709546000,1,0.11676840,42790.5500
1628471709546000,1,0.00467400,42784.0000
1628471709546000,1,0.09625899,42775.1800
1628471709546000,1,0.23358799,42751.6600
1628471709546000,1,0.00824918,42750.0100
1628471764768000,0,0.00467400,42956.0000
1628471791777000,0,0.00463800,43070.0100
1628471896236000,0,0.01300000,43030.1600
1628472121163000,0,0.00400000,43129.0000
1628472121226000,0,0.00065600,43129.0000
1628472369088000,1,0.11577458,43169.9000
1628472369088000,1,0.01000000,43168.5700
1628472369088000,1,0.02422542,43150.0300
1628472491872000,1,0.00898471,43085.7600
1628472729092000,0,0.00439100,43113.0000
1628472750986000,0,0.01300000,43107.8600
1628472750986000,0,0.01248000,43107.8700
1628472821542000,0,0.00454524,43303.0000
1628472829046000,0,0.00009276,43303.0000
1628473127368000,0,0.00487200,43383.1500
1628473311854000,1,0.00463800,43130.0000
1628473390835000,1,0.02732581,43140.7500
1628474437400000,1,0.00412186,43067.9700
1628474658989000,1,0.00100000,43248.3900
1628474709324000,1,0.00046100,43248.3900
1628475254186000,0,0.00400000,43303.0000
1628475683553000,0,0.00062524,43303.0000
1628475719342000,0,0.00001276,43303.0000
1628477283631000,0,0.00452564,43478.0000
1628477284054000,0,0.00009236,43478.0000
1628479103401000,0,0.01274000,43397.1900
1628479103498000,0,0.00026000,43397.1900
1628482433329000,1,0.00923600,43370.3400
1628482847548000,1,0.00400000,43304.0000
1628482848492000,1,0.00061800,43304.0000
1628483277851000,1,0.00294200,43391.9600
1628483477677000,0,0.00400000,43478.0000
1628483478243000,0,0.00061800,43478.0000
1628485244371000,0,0.00400000,43654.0000
1628485244836000,0,0.00060000,43654.0000
1628485652708000,1,0.00229200,43711.1100
1628485889156000,1,0.00149900,43684.2300
1628485954961000,0,0.00238932,43723.6700
1628488061489000,1,0.00400000,43479.0000
1628488061767000,1,0.00060000,43479.0000
1628488883714000,0,0.00400000,43654.0000
1628488883714000,0,0.00060000,43654.0000
1628489175133000,0,0.01403253,43500.0000
1628489175152000,0,0.06148413,43500.0000
1628489175219000,0,0.00700000,43500.0000
1628489175391000,0,0.11488312,43500.0000
1628489175467000,0,0.08007806,43500.0000
1628489175878000,0,0.12933678,43500.0000
1628489176016000,0,0.09318538,43500.0000
1628489220638000,1,0.00400000,43479.0000
1628489221190000,1,0.00060000,43479.0000
1628489383309000,0,0.01300000,43422.2900
1628489383309000,0,0.01300000,43422.3000
1628489919365000,1,0.00200000,43321.7900
1628489920654000,1,0.00400000,43321.8000
1628489920805000,1,0.00020000,43321.7900
1628490078438000,1,0.00400000,43304.0000
1628490214708000,1,0.11521879,43376.5200
1628491048325000,0,0.00400000,43478.0000
1628491409694000,0,0.00200000,43471.4000
1628491409775000,0,0.00020000,43471.4000
1628491763147000,0,0.00800000,43400.0000
1628491763635000,0,0.11514221,43400.0000
1628491764657000,0,0.07039486,43400.0000
1628491766116000,0,0.11513672,43400.0000
1628491767580000,0,0.11513425,43400.0000
1628491767776000,0,0.07619196,43400.0000
1628492505895000,0,0.04160947,43588.0500
1628493460319000,1,0.01283822,43498.6300
1628493460963000,1,0.05880000,43498.6300
1628493461406000,1,0.02058160,43498.6300
1628494074548000,0,0.00299900,43480.1400
1628494941871000,0,0.03285332,43653.4000
1628494950324000,0,0.00400000,43654.0000
1628494950324000,0,0.00060000,43654.0000
1628495488802000,1,0.00133800,43599.3000
1628495747582000,0,0.01300000,43752.2900
1628495747720000,1,0.03200000,43752.4900
1628495747746000,1,0.08311793,43752.4900
1628495747952000,1,0.11432715,43752.4900
1628495748298000,1,0.04922369,43752.4900
1628495749332000,1,0.11432844,43752.4900
1628495749834000,1,0.09291854,43752.4900
1628495750854000,1,0.08674075,43752.4900
1628495751925000,1,0.04183654,43752.4900
1628495752322000,1,0.04350366,43752.4900
1628495762403000,1,0.01478584,43752.4900
1628495812176000,0,0.11432877,43764.2700
1628495812279000,1,0.11432877,43764.2700
1628495812478000,1,0.04312000,43764.2700
1628495812679000,1,0.02185792,43764.2700
1628495815867000,1,0.01007927,43764.2700
1628495819460000,1,0.01148700,43764.2700
1628495936986000,0,0.00096458,43764.2700
1628495940463000,0,0.00001969,43764.2700
1628495992317000,0,0.00400000,43830.0000
1628495992557000,0,0.00049036,43830.0000
1628495992557000,0,0.00009164,43830.0000
1628496918534000,0,0.00740800,43741.2500
1628497289495000,1,0.01000000,43680.8600
1628497289495000,1,0.04570000,43680.8500
1628497289495000,1,0.00090208,43655.0000
1628497414524000,1,0.00360632,43655.0000
1628497417863000,1,0.00007360,43655.0000
1628498325750000,0,0.00090208,43830.0000
1628498325750000,0,0.00209792,43830.0000
1628498339886000,0,0.00150840,43830.0000
1628498339886000,0,0.00007360,43830.0000
1628498718920000,0,0.00334200,43796.2200
1628498983717000,0,0.00495400,43837.5600
1628499345535000,0,0.04580147,43832.6400
1628499345535000,0,0.11413742,43832.6500
1628499345535000,0,0.01300000,43846.6100
1628499345535000,0,0.01300000,43846.6200
1628499345535000,0,0.22827153,43855.3300
1628499345535000,0,0.02685865,43860.0400
1628499345535000,0,0.04561325,43860.0500
1628499345535000,0,0.06713253,43881.5900
1628499345535000,0,0.17459161,43881.5900
1628499345535000,0,0.09467051,43881.6000
1628499345535000,0,0.04602033,43885.8900
1628499345535000,0,0.04526336,43892.3400
1628499345535000,0,0.14325250,43907.0700
1628500302614000,0,0.04458296,43918.1700
1628500302720000,0,0.00090986,43918.1700
1628500304150000,0,0.01000000,43953.5600
1628500376311000,0,0.00400000,44007.0000
1628500376725000,0,0.00056200,44007.0000
1628500382517000,1,0.01107083,44072.5900
1628500382668000,1,0.01000000,44072.5900
1628500382669000,1,0.01300000,44072.5900
1628500389709000,0,0.00400000,44185.0000
1628500401163000,0,0.00054400,44185.0000
1628500601144000,0,0.00443548,44364.0000
1628500601144000,0,0.00009052,44364.0000
1628500636913000,0,0.11251413,44470.8300
1628500636913000,0,0.01125414,44474.6500
1628500636913000,0,0.02648366,44491.4400
1628500636913000,0,0.22509104,44491.4500
1628500636913000,0,0.15465703,44506.2900
1628500721039000,0,0.00481800,44375.8100
1628500779534000,1,0.00100000,44466.8200
1628500779748000,1,0.00098500,44466.8200
1628500847938000,0,0.00800000,44425.7100
1628500946499000,0,0.02277305,44472.8400
1628500946743000,0,0.02180696,44472.8400
1628500979430000,0,0.00441784,44543.0000
1628500980977000,0,0.00009016,44543.0000
1628501036056000,0,0.00440020,44723.0000
1628501038105000,0,0.00008980,44723.0000
1628501537654000,1,0.00400000,44544.0000
1628501551104000,1,0.00049000,44544.0000
1628501639128000,1,0.01000000,44566.5400
1628501639128000,1,0.09000000,44552.5600
1628501695180000,1,0.00084442,44477.5900
1628501865059000,0,0.00400000,44688.4900
1628501865167000,0,0.04088397,44688.4900
1628501865919000,0,0.01300000,44704.9800
1628501866636000,0,0.00400000,44723.0000
1628501866636000,0,0.00049000,44723.0000
1628501874521000,1,0.27930000,44677.2200
1628501874605000,1,0.00570000,44677.2200
1628501951395000,1,0.01000000,44659.7400
1628501963241000,1,0.02200000,44626.0300
1628502016843000,1,0.00259500,44656.8000
1628502196446000,0,0.00447800,44707.6300
1628502453572000,1,0.00155100,44641.1000
1628502475320000,1,0.00452500,44654.5400
1628502544799000,0,0.00435295,44880.0000
1628502545036000,0,0.01651073,44880.0000
1628502546308000,0,0.01227388,44880.0000
1628502546643000,0,0.00025049,44880.0000
1628502549068000,0,0.00447200,44903.0000
1628503014113000,0,0.00146600,44900.9000
1628503123445000,1,0.01000000,44900.3200
1628503123445000,1,0.00688704,44900.3100
1628503271870000,0,0.00490000,45020.0000
1628503271911000,0,0.00010000,45020.0000
1628503418403000,0,0.00400000,45085.0000
1628503418403000,0,0.00036492,45085.0000
1628503418445000,0,0.00008908,45085.0000
1628503480961000,0,0.00434728,45267.0000
1628503659683000,0,0.10864759,45121.2800
1628503988172000,1,0.01000000,45175.4500
1628504515746000,1,0.00436492,44904.0000
1628504527576000,1,0.00008908,44904.0000
1628504871038000,1,0.00189238,44950.4300
1628504871526000,1,0.00003862,44950.4300
1628504948103000,1,0.00263900,44980.7500
1628504948305000,1,0.00218000,44980.7500
1628505081529000,0,0.00097614,45070.3400
1628505083155000,0,0.00048951,45084.9900
1628505083155000,0,0.00436492,45085.0000
1628505083155000,0,0.00008908,45085.0000
1628505293887000,0,0.11044808,45161.6700
1628505685537000,0,0.00008872,45267.0000
1628505715215000,0,0.00441800,45449.0000
1628505748542000,0,0.02000000,45601.2000
1628505764358000,0,0.00440000,45633.0000
1628505928604000,1,0.02578714,45589.7400
1628505928604000,1,0.07386993,45551.2200
1628505928633000,1,0.03582456,45551.2200
1628506230740000,1,0.00693200,45480.3500
1628506444850000,1,0.00095256,45536.4500
1628506445094000,1,0.00098784,45536.4500
1628506445645000,1,0.00118933,45536.4500
1628506446289000,1,0.00002427,45536.4500
1628506719427000,0,0.00483300,45623.5100
1628506720238000,0,0.10481778,45623.5100
1628506720340000,1,0.10965078,45623.8300
1628506721375000,1,0.00290725,45623.8300
1628506824399000,0,0.00429436,45817.0000
1628506863445000,0,0.00008764,45817.0000
1628507017186000,1,0.00438200,45634.0000
1628507224993000,1,0.00172088,45545.4700
1628507226158000,1,0.00064288,45545.4700
1628507226562000,1,0.00102704,45545.4700
1628507705926000,1,0.00466700,45779.8400
1628507868072000,1,0.10939781,45729.5700
1628507868121000,1,0.03185557,45729.5700
1628507868567000,1,0.54702920,45729.5700
1628507869109000,1,0.01261742,45729.5700
1628507887298000,1,0.00547538,45671.8400
1628507935448000,1,0.00747600,45723.1500
1628508090226000,0,0.00315000,45645.4600
1628508473489000,0,0.04356144,45797.6100
1628508503966000,0,0.04335487,45775.9400
1628508553340000,0,0.00438200,45817.0000
1628508553340000,0,0.05175554,45818.4700
1628508690630000,0,0.00142100,45673.0800
1628508736547000,1,0.00429436,45634.0000
1628508736560000,1,0.00008764,45634.0000
1628508886912000,0,0.00152800,45533.0800
1628509327774000,1,0.00547614,45628.2500
1628509358396000,0,0.00277144,45643.1300
1628509367166000,0,0.00005656,45643.1300
1628509838831000,0,0.00429436,45817.0000
1628509838831000,0,0.00008764,45817.0000
1628510080262000,0,0.00200000,46000.0000
1628510084513000,0,0.00436600,46002.0000
1628510086039000,0,0.01000000,46006.0000
1628510090548000,0,0.01300000,46048.8600
1628510138553000,1,0.01000000,45884.0500
1628510156823000,0,0.00800000,45900.6100
1628510156989000,0,0.00067400,45900.6100
1628510168413000,1,0.00543957,45818.0200
1628510175605000,1,0.08665364,45818.0200
1628510178187000,1,0.00436600,45818.0000
1628510288536000,1,0.00545465,45839.4400
1628510404714000,0,0.00400000,46002.0000
1628510405079000,0,0.00036600,46002.0000
1628510485120000,1,0.00436600,45818.0000
1628510877806000,1,0.01500000,45703.7500
1628510878276000,1,0.01073701,45703.7500
1628510938583000,1,0.02526611,45688.5500
1628510938857000,1,0.00051563,45688.5500
1628510946336000,0,0.00294555,45705.3800
1628510987650000,1,0.02577660,45647.4600
1628510987650000,1,0.01782110,45639.9100
1628510988804000,1,0.04212655,45639.9100
1628511008031000,1,0.00429436,45634.0000
1628511008387000,1,0.00008764,45634.0000
1628511025790000,0,0.01528897,45673.3000
1628511026876000,0,0.01051168,45673.3000
1628511110913000,0,0.01382140,45735.1000
1628511119256000,0,0.03200000,45735.1000
1628511125936000,0,0.00328200,45735.1000
1628511130449000,1,0.03200000,45695.5400
1628511130454000,1,0.01428079,45695.5400
1628511130731000,1,0.01001253,45695.5400
1628511130992000,1,0.02194346,45695.5400
1628511130994000,1,0.00392000,45695.5400
1628511131018000,1,0.28384322,45695.5400
1628511229686000,0,0.01300000,45734.7000
1628511309170000,1,0.00800000,45732.0500
1628511315033000,1,0.00004972,45732.0500
1628511612658000,0,0.01300000,45629.8400
1628511751717000,1,0.00148000,45726.4800
1628511830601000,0,0.01300000,45772.4800
1628511830601000,0,0.01300000,45772.4900
1628511830601000,0,0.10929327,45772.6200
1628511830660000,1,0.01800000,45780.0000
1628511830712000,1,0.10929327,45780.0000
1628511830742000,1,0.17064602,45780.0000
1628511831011000,1,0.52896744,45780.0000
1628512021048000,0,0.00429436,45817.0000
1628512021048000,0,0.00008764,45817.0000
1628512088760000,0,0.03200000,45811.7100
1628513220587000,0,0.10019966,45718.0700
1628513220589000,0,0.00923193,45718.0700
1628513441996000,0,0.01300000,45704.9500
1628513441996000,0,0.10944718,45704.9700
1628513441996000,0,0.04424263,45711.5500
1628513441996000,0,0.02578921,45729.0500
1628513441996000,0,0.04391517,45729.0600
1628513441996000,0,0.06447783,45735.6100
1628513441996000,0,0.12722158,45735.6200
1628514142133000,0,0.00346100,45811.5800
1628514184023000,1,0.00631100,45803.6300
1628514698835000,0,0.00783981,45714.4000
1628514700819000,0,0.00178808,45714.4000
1628514703633000,0,0.00330467,45714.4000
1628514703657000,0,0.00006744,45714.4000
1628515140626000,0,0.01882816,45719.9100
1628515141876000,0,0.01890736,45719.9100
1628515194795000,0,0.10931411,45719.9100
1628515195086000,0,0.54651006,45719.9100
1628515195595000,0,0.01604031,45719.9100
1628515262920000,0,0.00179268,45766.4400
1628515263131000,0,0.01120732,45766.4400
1628515392411000,0,0.00304900,45838.3600
1628515393070000,1,0.00484800,45838.5500
1628515571931000,1,0.00545721,45759.0000
1628515588744000,0,0.00534566,45838.8900
1628515661171000,0,0.00010910,45838.8900
1628515661171000,0,0.01273782,45848.7300
1628515718979000,0,0.00026218,45848.7300
1628517108345000,1,0.00240601,45687.2500
1628517108348000,1,0.00771362,45688.6200
1628517110525000,1,0.00438200,45634.0000
1628517211476000,1,0.00200000,45509.3100
1628517211624000,1,0.00010000,45509.3100
1628517215849000,1,0.00440000,45450.0000
1628517318086000,0,0.02589307,45451.3400
1628517318086000,0,0.00379414,45451.3400
1628517318117000,0,0.00060586,45451.3400
1628517380810000,1,0.00200000,45318.4500
1628517381086000,1,0.00200000,45268.0000
1628517500825000,0,0.00200000,45449.0000
1628517548710000,1,0.02813279,45405.0000
1628517548797000,1,0.02800000,45405.0000
1628517548967000,1,0.09960702,45405.0000
1628517548998000,1,0.09960702,45405.0000
1628517549001000,1,0.09960702,45405.0000
1628517549469000,1,0.00206253,45405.0000
1628517549490000,1,0.03303185,45405.0000
1628517549513000,1,0.03595177,45405.0000
1628517782767000,0,0.00400000,45491.7300
1628517782960000,0,0.00002300,45491.7300
1628517912849000,1,0.09359079,45442.2300
1628517912906000,1,0.00191002,45442.2300
1628517977369000,0,0.02585459,45537.7400
1628517977584000,0,0.06462312,45551.0400
1628517977584000,0,0.16801836,45560.0600
1628517977584000,0,0.04445558,45560.0700
1628517977961000,1,0.02427097,45575.0700
1628517978116000,0,0.01344409,45578.8100
1628517978159000,0,0.00164512,45578.8100
1628517978940000,0,0.00439999,45633.0000
1628517979005000,0,0.00000001,45633.0000
1628517979309000,0,0.02800000,45682.3100
1628517981531000,1,0.24350902,45799.2400
1628517985122000,0,0.00438200,45817.0000
1628518009434000,0,0.00436600,46002.0000
1628518017312000,0,0.00434800,46188.0000
1628518017351000,0,0.07042471,46190.0000
1628518017399000,0,0.02957529,46190.0000
1628518273605000,0,0.01300000,46167.0700
1628518344949000,1,0.00100000,46091.3600
1628518346104000,1,0.00051744,46091.3600
1628518349513000,1,0.00020956,46091.3600
1628518357412000,1,0.03100000,46043.1200
1628518366205000,1,0.00426104,46003.0000
1628518367077000,1,0.00008696,46003.0000
1628518383716000,1,0.04823894,45940.6000
1628518384248000,1,0.04019911,45940.6000
1628518393070000,1,0.01071224,45940.6000
1628518393202000,1,0.00833574,45940.6000
1628518393308000,1,0.05877160,45940.6000
1628518790174000,0,0.01300000,46008.1500
1628518930928000,1,0.00430800,46008.8100
1628518954691000,0,0.00298300,46042.7500
1628519103756000,1,0.00280574,46000.1600
1628519106464000,1,0.00005726,46000.1600
1628519458299000,1,0.00400000,45818.0000
1628519459636000,1,0.00036600,45818.0000
1628519713087000,1,0.00400000,45634.0000
1628519714675000,1,0.00038200,45634.0000
1628520210555000,0,0.00200000,45801.6000
1628520213407000,0,0.00010000,45801.6000
1628520214530000,0,0.00400000,45817.0000
1628520309773000,0,0.02100000,45755.3700
1628520310294000,0,0.00463940,45755.3700
1628520310435000,0,0.00009468,45755.3700
1628520310868000,0,0.00335959,45763.2900
1628520310943000,0,0.02237449,45763.2900
1628520605911000,1,0.09051736,45599.5500
1628520605981000,1,0.03075467,45599.5500
1628520606095000,1,0.67034373,45599.5500
1628521186402000,0,0.00437400,45667.3600
1628521206137000,0,0.10024171,45697.3300
1628521206139000,0,0.00922736,45697.3300
1628521872587000,0,0.01300000,45816.2500
1628521872587000,0,0.00038200,45817.0000
1628522775941000,0,0.01300000,45972.7500
1628522775941000,0,0.01300000,45972.7600
1628522776103000,1,0.02198970,45972.9000
1628522776229000,1,0.03200000,45972.9000
1628522776423000,1,0.00660520,45972.9000
1628522776770000,1,0.03042296,45972.9000
1628522776794000,1,0.16151628,45972.9000
1628522776831000,1,0.23823821,45972.9000
1628522776869000,1,0.00322765,45972.9000
1628522792007000,0,0.00195569,45943.6900
1628522976323000,0,0.04979946,45960.0000
1628522976370000,0,0.01763807,45960.0000
1628522976582000,0,0.00161099,45960.0000
1628523320997000,0,0.00400000,46002.0000
1628523320997000,0,0.00027868,46002.0000
1628523406473000,0,0.00008732,46002.0000
1628523497574000,0,0.01300000,46027.0500
1628523497574000,0,0.01300000,46027.0600
1628523497574000,0,0.04290800,46027.0900
1628523504261000,1,0.03450628,45994.3300
1628523504753000,1,0.03009882,45994.3300
1628523505781000,1,0.00435225,45994.3300
1628523527549000,1,0.00270300,45952.7900
1628524169572000,1,0.00700000,45949.5200
1628524546107000,0,0.01296628,46000.0000
1628524547118000,0,0.01699483,46000.0000
1628524547353000,0,0.00983917,46000.0000
1628524548122000,0,0.01566877,46000.0000
1628524549141000,0,0.02761744,46000.0000
1628524550141000,0,0.02020911,46000.0000
1628524569700000,0,0.11249424,46000.0000
1628524570085000,0,0.09431720,46000.0000
1628524570538000,0,0.01959808,46000.0000
1628524570728000,0,0.06663808,46000.0000
1628524571068000,0,0.04371392,46000.0000
1628524571274000,0,0.03200000,46000.0000
1628524572985000,0,0.10863679,46000.0000
1628524577661000,0,0.00835069,46000.0000
1628524577853000,0,0.09015808,46000.0000
1628524578346000,0,0.00207960,46000.0000
1628524815402000,0,0.53693064,45950.0000
1628524815551000,0,0.01790267,45950.0000
1628524815625000,0,0.53688276,45950.0000
1628524815783000,0,0.00700000,45950.0000
1628524815820000,0,0.04600000,45950.0000
1628524815824000,0,0.54383186,45950.0000
1628524815826000,0,0.53683137,45950.0000
1628524815856000,0,0.02897000,45950.0000
1628524815897000,0,0.03965934,45950.0000
1628524815956000,0,0.32104846,45950.0000
1628524816373000,0,0.54376210,45950.0000
1628524816394000,0,0.04326195,45950.0000
1628524816409000,0,0.04300000,45950.0000
1628524816423000,0,0.05400000,45950.0000
1628524816529000,0,0.00320000,45950.0000
1628524816763000,0,0.00320000,45950.0000
1628524816896000,0,0.54376990,45950.0000
1628524817455000,0,0.54375726,45950.0000
1628524818269000,0,0.54378143,45950.0000
1628524818751000,0,0.55393670,45950.0000
1628524818863000,0,0.08937407,45950.0000
1628524819517000,0,0.01111127,45950.0000
1628524831390000,0,0.50858789,45950.0000
1628524831404000,0,3.20020033,45950.0000
1628525288017000,0,0.00253574,46166.8000
1628525288270000,0,0.00761443,46166.8000
1628525501066000,1,0.00400000,45818.0000
1628525501275000,1,0.00036600,45818.0000
1628525604372000,1,0.10913998,45787.1600
1628525604372000,1,0.02567809,45772.0700
1628525604372000,1,0.21823994,45772.0600
1628525604372000,1,0.06419915,45758.2800
1628525604372000,1,0.64035600,45758.2700
1628525640741000,0,0.00279700,45825.7700
1628526286901000,1,0.02800000,45832.7500
1628526287000000,1,0.01898590,45832.7500
1628526287613000,1,0.01754571,45832.7500
1628527777924000,0,0.00159202,45906.6100
1628527777924000,0,0.01300000,45906.6300
1628527777924000,0,0.09535133,45906.6400
1628528667022000,0,0.00400000,46002.0000
1628528670926000,0,0.00036600,46002.0000
1628528771084000,1,0.00400000,45956.9800
1628528771191000,1,0.01909106,45956.9800
1628528771340000,1,0.00357896,45956.9800
1628528771590000,1,0.00425712,45956.9800
1628528771781000,1,0.00407286,45956.9800
1628529231804000,1,0.00427868,45818.0000
1628529231876000,1,0.00008732,45818.0000
1628529413843000,0,0.01300000,45838.7800
1628529413843000,0,0.00328212,45838.7900
1628530299813000,0,0.00837618,45869.3200
1628530739445000,0,0.00400000,45881.4400
1628530739469000,0,0.00088700,45881.4400
1628531038553000,1,0.00400000,45900.1600
1628531039177000,1,0.01145335,45900.1600
1628531039238000,1,0.03392460,45900.1600
1628531039320000,1,0.02737023,45900.1600
1628531039911000,1,0.13195182,45900.1600
1628531163304000,0,0.00209132,45799.8100
1628531163306000,0,0.00004268,45799.8100
1628531217389000,0,0.00200000,45828.9600
1628531217799000,0,0.00020400,45828.9600
1628532080127000,0,0.01300000,45922.4200
1628532080127000,0,0.01300000,45922.4300
1628532080127000,0,0.10893274,45922.5000
1628532080127000,0,0.01712733,45937.8700
1628532284769000,0,0.00200000,46000.0000
1628532285227000,0,0.00004332,46000.0000
1628532285227000,0,0.00427868,46002.0000
1628532285227000,0,0.00008732,46002.0000
1628533478484000,0,0.00323200,46026.6000
1628534099330000,0,0.00400000,46188.0000
1628534103614000,0,0.00026104,46188.0000
1628534103614000,0,0.00008696,46188.0000
1628534336513000,0,0.00210000,46203.9500
1628534366891000,0,0.00424340,46374.0000
1628534368453000,0,0.00008660,46374.0000
1628534417862000,1,0.00944000,46380.7500
1628534426971000,0,0.02542067,46361.5400
1628534426971000,0,0.01300000,46361.5500
1628534426971000,0,0.01300000,46361.5600
1628534426971000,0,0.10793749,46361.6100
1628534426971000,0,0.14515000,46384.3300
1628534426971000,0,0.06353687,46384.4500
1628534426971000,0,0.16521010,46408.4800
1628534426971000,0,0.17735126,46408.4900
1628534546914000,0,0.00709800,46432.0400
1628534635622000,1,0.00200000,46448.9700
1628534721864000,0,0.00862000,46344.6400
1628534873070000,1,0.01000000,46413.8500
1628534873070000,1,0.00599418,46413.8400
1628535050938000,0,0.00700100,46337.9500
1628535386691000,1,0.09972474,46218.5800
1628535389324000,1,0.00433000,46189.0000
1628535389324000,1,0.00167000,46189.0000
1628535694839000,0,0.00191500,46180.8300
1628536075385000,0,0.01300000,46276.8300
1628536075953000,0,0.01300000,46284.8500
1628536081394000,0,0.00433000,46374.0000
1628536428548000,0,0.00500000,46374.3000
1628536428836000,0,0.00030000,46374.3000
1628537240770000,0,0.01300000,46336.9000
1628537240770000,0,0.01300000,46336.9100
1628537240770000,0,0.08635682,46336.9700
1628537255427000,0,0.02820208,46385.9200
1628537262545000,0,0.00702115,46388.2900
1628537269414000,0,0.00175462,46388.2900
1628537278841000,0,0.00043867,46388.2900
1628537339972000,1,0.01000000,46351.5100
1628537339972000,1,0.10783102,46351.5000
1628537339972000,1,0.02536955,46328.2400
1628537339972000,1,0.06342333,46319.3300
1628537339972000,1,0.03801630,46319.3200
1628537339972000,1,0.09445975,46319.3100
1628537339972000,1,0.21567197,46319.2900
1628537339972000,1,0.04300501,46315.5300
1628537339972000,1,0.11282946,46301.4500
1628537887798000,1,0.00424340,46189.0000
1628537887798000,1,0.00008660,46189.0000
1628538526679000,0,0.00870200,46192.4600
1628538639386000,1,0.01126791,46143.6200
1628538692075000,0,0.00312200,46130.8600
1628538871350000,1,0.00400000,46003.0000
1628538871384000,1,0.00034800,46003.0000
1628538874494000,0,0.04337835,45972.2300
1628538874494000,0,0.06207763,45972.2400
1628539315827000,0,0.00400000,46188.0000
1628539316053000,0,0.00034800,46188.0000
1628539341374000,1,0.00826900,46164.8700
1628539621013000,0,0.00066868,46239.9700
1628539837448000,1,0.00458900,46272.8700
1628540120247000,0,0.01300000,46277.5700
1628540195625000,0,0.00424340,46374.0000
1628540195625000,0,0.00008660,46374.0000
1628540368127000,1,0.02800000,46372.8000
1628540985191000,1,0.01000000,46268.5500
1628540985191000,1,0.00343864,46268.5400
1628541007195000,1,0.00300000,46268.5400
1628541007456000,1,0.04275986,46263.0100
1628541007539000,1,0.01000000,46255.4700
1628541007539000,1,0.04360684,46254.9100
1628541007578000,0,0.00313463,46261.1100
1628541008289000,1,0.03225912,46240.2000
1628541008456000,1,0.00312434,46240.2000
1628541008494000,1,0.02092128,46240.2000
1628541008579000,1,0.17232874,46240.2000
1628541008812000,1,0.00431243,46240.2000
1628541008866000,1,0.02999988,46240.2000
1628541008905000,1,0.44167756,46240.2000
1628541008932000,1,0.21653993,46240.2000
1628541008981000,1,0.06707600,46240.2000
1628541009050000,1,0.03000000,46240.2000
1628541009056000,1,0.05041848,46240.2000
1628541009106000,1,0.05264182,46240.2000
1628541009117000,1,0.05031845,46240.2000
1628541009222000,1,0.09707600,46240.2000
1628541009264000,1,0.54157567,46240.2000
1628541009354000,1,0.23873030,46240.2000
1628541009429000,1,0.00433000,46189.0000
1628541009429000,1,0.00392000,46117.1400
1628541009771000,1,0.02268845,46182.5900
1628541045643000,1,0.00426104,46003.0000
1628541045877000,1,0.00008696,46003.0000
1628541047597000,1,0.01000000,45951.8500
1628541079025000,1,0.00427868,45818.0000
1628541079054000,1,0.00008732,45818.0000
1628541080770000,1,0.00210000,45788.3400
1628541147606000,1,0.00438200,45634.0000
1628541260231000,1,0.00440000,45450.0000
1628541289488000,0,0.00440000,45633.0000
1628541415199000,1,0.00216700,45680.3500
1628541428455000,1,0.00275200,45674.0100
1628541452825000,1,0.00319700,45715.2500
1628541503548000,0,0.00400000,45817.0000
1628541509102000,0,0.00038200,45817.0000
1628541609046000,0,0.02800000,45806.3000
1628541650752000,0,0.00773667,45920.9700
1628541665483000,0,0.00427868,46002.0000
1628541665483000,0,0.00008732,46002.0000
1628541804626000,0,0.00200000,45881.6300
1628541850325000,1,0.00980000,45855.4500
1628541870235000,1,0.01000000,45818.0100
1628541870235000,1,0.00407868,45818.0000
1628541870750000,1,0.00028732,45818.0000
1628541987748000,1,0.00100000,45772.2600
1628541988001000,1,0.00070300,45772.2600
1628542114810000,1,0.00429436,45634.0000
1628542115229000,1,0.00008764,45634.0000
1628542130268000,0,0.00100000,45611.2600
1628542285969000,1,0.00980000,45679.0400
1628542365663000,0,0.00151800,45692.5200
1628542418473000,0,0.00277500,45587.0900
1628542443969000,0,0.10000000,45650.0000
1628542595904000,0,0.00598700,45655.0900
1628542660665000,1,0.03200000,45531.1400
1628542662591000,1,0.00094441,45531.1400
1628542665509000,1,0.00077616,45531.1400
1628542679115000,1,0.04338998,45496.7700
1628542679894000,1,0.00068466,45496.7700
1628542679915000,1,0.00001397,45496.7700
1628542748526000,1,0.00431200,45450.0000
1628542748760000,1,0.00008800,45450.0000
1628542871126000,0,0.00400000,45633.0000
1628542872586000,0,0.00031200,45633.0000
1628542872586000,0,0.00008800,45633.0000
1628542907303000,1,0.00550637,45589.2600
1628542954681000,1,0.00598029,45657.7200
1628542954681000,1,0.02508301,45657.7100
1628542956572000,1,0.00063395,45657.7100
1628542956654000,1,0.00400000,45643.0300
1628542964137000,1,0.00388770,45643.0300
1628542964374000,1,0.05641764,45643.0300
1628542964374000,1,0.16720807,45643.0300
1628542964834000,1,0.00980000,45637.6800
1628542965108000,1,0.00020000,45637.6800
1628543266732000,1,0.00184100,45633.6100
1628543596452000,1,0.00440000,45450.0000
1628543653946000,1,0.01167974,45320.5600
1628543653946000,1,0.01300000,45320.5500
1628543654368000,1,0.00970237,45319.3000
1628543664689000,1,0.09524238,45276.8000
1628543670501000,1,0.00241800,45268.0000
1628543671009000,1,0.04379170,45235.5300
1628543696182000,1,0.00434728,45086.0000
1628543696313000,1,0.00008872,45086.0000
1628543696860000,1,0.14924000,45027.1900
1628543696860000,1,0.09925201,45021.6200
1628543696860000,1,0.11087424,45021.6100
1628543696860000,1,0.02613198,44963.9000
1628543696860000,1,0.04259537,44963.9000
1628543793060000,1,0.00999999,45031.2700
1628543841929000,1,0.00726100,45025.2100
1628543846825000,1,0.01000000,44916.1900
1628543922536000,0,0.04435085,45068.6200
1628543929473000,0,0.11093071,45092.7500
1628543946432000,0,0.02600000,45163.1100
1628543946668000,0,0.00003686,45163.1100
1628543973930000,0,0.01601519,45229.5400
1628543974278000,0,0.00600000,45183.9600
1628543974460000,0,0.04379171,45228.6600
1628543974852000,0,0.02861139,45229.5400
1628543977894000,0,0.10452933,45228.6600
1628543983687000,0,0.00259194,45267.0000
1628543983784000,0,0.00175534,45267.0000
1628543983784000,0,0.00008872,45267.0000
1628543985267000,0,0.03086433,45265.7600
1628543985279000,0,0.01292736,45265.7600
1628544248118000,1,0.01568000,45089.7500
1628544249698000,1,0.00159544,45089.7500
1628544249903000,1,0.00165816,45089.7500
1628544250402000,1,0.00147784,45089.7500
1628544260230000,1,0.00434728,45086.0000
1628544260293000,1,0.00008872,45086.0000
1628544265734000,1,0.01987892,45035.7500
1628544475961000,0,0.00434728,45267.0000
1628544475961000,0,0.00008872,45267.0000
1628544976531000,1,0.04302288,45278.7500
1628544999982000,0,0.01300000,45248.8400
1628545008426000,0,0.00241800,45449.0000
1628545078535000,1,0.04317555,45573.1000
1628545100295000,0,0.00440000,45633.0000
1628545205989000,0,0.00429436,45817.0000
1628545205989000,0,0.00008764,45817.0000
1628545233597000,0,0.00407868,46002.0000
1628545233597000,0,0.00028732,46002.0000
1628545451000000,0,0.01126607,45904.5400
1628545451165000,0,0.03699321,45904.5400
1628545452006000,0,0.04965724,45904.5400
1628545452532000,0,0.03471000,45904.5400
1628545452563000,0,0.05887348,45904.5400
1628545614476000,1,0.00427868,45818.0000
1628545614528000,1,0.00008732,45818.0000
1628546452652000,0,0.04364140,45805.2600
1628546487099000,0,0.00427868,46002.0000
1628546487099000,0,0.00008732,46002.0000
1628546663954000,1,0.00400000,45818.0000
1628546664199000,1,0.00036600,45818.0000
1628546753595000,0,0.01386427,45727.8400
1628546753665000,0,0.03058296,45727.8400
1628546753996000,0,0.04118887,45727.8400
1628546756210000,0,0.01566390,45727.8400
1628546982498000,1,0.02800000,45779.8100
1628547122755000,0,0.10251589,45758.6700
1628547122919000,0,0.02579163,45758.6700
1628547122939000,0,0.09826464,45758.6700
1628547123004000,0,0.02140807,45758.6700
1628547123016000,0,0.03200000,45758.6700
1628547123025000,0,0.22197166,45758.6700
1628547123039000,0,0.03726800,45758.6700
1628547123046000,0,0.04006489,45758.6700
1628547123248000,0,0.02997079,45758.6700
1628547123520000,0,0.10154443,45758.6700
1628547619602000,0,0.02297971,45883.8500
1628547624171000,0,0.00267120,45883.8500
1628547631180000,0,0.01966827,45895.7100
1628547631365000,0,0.00596575,45895.7100
1628547631410000,0,0.04395612,45901.4900
1628547650638000,0,0.02563402,45901.4900
1628548058859000,0,0.00205898,45781.7800
1628548058942000,0,0.00004202,45781.7800
1628549039739000,0,0.00400000,46002.0000
1628549039739000,0,0.00036600,46002.0000
1628549182609000,0,0.01300000,46114.4300
1628549208042000,1,0.01000000,46096.3500
1628549340178000,0,0.00426104,46188.0000
1628549340178000,0,0.00008696,46188.0000
1628549497931000,0,0.01300000,46241.3600
1628550181929000,1,0.00993200,46174.5100
1628550538205000,0,0.10828677,46198.8900
1628550538205000,0,0.21665434,46204.6700
1628550538205000,0,0.03528660,46207.3900
1628550719648000,0,0.00424340,46374.0000
1628550719669000,0,0.00008660,46374.0000
1628550975822000,0,0.00210000,46398.1500
1628551964993000,1,0.00400000,46189.0000
1628552280108000,1,0.00033000,46189.0000
1628552615835000,1,0.00205800,46217.5800
1628552616145000,1,0.00004200,46217.5800
1628553493194000,0,0.00400000,46374.0000
