timestamp ms,type,amount,price
1626393676817000,0,0.00303800,31901.1500
1626393679180000,0,0.00006200,31901.1500
1626393737440000,1,0.03720285,31775.3300
1626393740432000,1,0.01000000,31756.3800
1626393740432000,1,0.01838274,31747.2200
1626393768810000,0,0.00428317,31819.8500
1626393860720000,1,0.00617596,31739.0000
1626393860736000,1,0.00012604,31739.0000
1626394869086000,1,0.00980000,31695.5100
1626395650396000,1,0.00619948,31611.0000
1626395651548000,1,0.00012652,31611.0000
1626395652474000,1,0.00980000,31598.9400
1626396089828000,1,0.01000000,31594.3700
1626396089828000,1,0.15814741,31594.3600
1626396089828000,1,0.31621095,31589.1600
1626396089828000,1,0.03738042,31586.5900
1626396089828000,1,0.06244423,31586.5800
1626396089828000,1,0.02762806,31576.9000
1626396206849000,1,0.00310000,31612.3000
1626397582375000,0,0.00619948,31738.0000
1626397587593000,0,0.00012652,31738.0000
1626398137885000,1,0.00250500,31685.1900
1626398140875000,1,0.01000000,31686.0800
1626398140875000,1,0.02303137,31686.0700
1626398809210000,1,0.01434639,31846.5100
1626398809684000,1,0.01655988,31846.5100
1626398846446000,1,0.00033796,31846.5100
1626398881801000,1,0.00980000,31836.7300
1626398881840000,1,0.00020000,31836.7300
1626398951381000,0,0.00274900,31818.0000
1626400378774000,0,0.00617596,31867.0000
1626400381778000,0,0.00012604,31867.0000
1626400431186000,1,0.00178200,31855.6700
1626401443424000,0,0.00615048,31996.0000
1626401451196000,0,0.00012552,31996.0000
1626401739430000,1,0.02519644,31972.0700
1626401743374000,1,0.01287781,31972.0700
1626401745644000,1,0.01437042,31972.0700
1626401747361000,1,0.00035533,31972.0700
1626402722227000,1,0.01000000,31898.6200
1626402722227000,1,0.08978245,31898.6100
1626402722228000,1,0.04168248,31898.6100
1626402728748000,1,0.00627600,31868.0000
1626404002867000,1,0.00980000,31928.1200
1626404002984000,1,0.00020000,31928.1200
1626405211578000,0,0.00615048,31996.0000
1626405211849000,0,0.00012552,31996.0000
1626406591559000,1,0.01626238,31990.5600
1626406592512000,1,0.24093762,31990.5600
1626407103656000,0,0.01094072,31935.0000
1626407103809000,0,0.02556988,31935.0000
1626407112959000,0,0.01374426,31935.0000
1626407113979000,0,0.01374426,31935.0000
1626407115982000,0,0.08514704,31935.0000
1626409023047000,1,0.06203191,31913.5100
1626409023076000,1,0.03306281,31913.5100
1626409023087000,1,0.02178448,31913.5100
1626409023090000,1,0.00425200,31913.5100
1626409023194000,1,0.02480000,31913.5100
1626409023313000,1,0.01526880,31913.5100
1626409668473000,1,0.00615048,31868.0000
1626409902780000,0,0.00187900,31894.7300
1626412563820000,1,0.00012552,31868.0000
1626412791450000,1,0.01000000,31793.3300
1626412791450000,1,0.00960000,31793.3200
1626412791603000,1,0.00040000,31793.3200
1626416213687000,1,0.00617596,31739.0000
1626416213705000,1,0.00012604,31739.0000
1626416275574000,0,0.01000000,31745.9600
1626416275574000,0,0.00099856,31745.9700
1626416368349000,1,0.11770000,31680.9400
1626416369082000,1,0.06299865,31647.2300
1626416369082000,1,0.13700135,31611.0100
1626417544109000,1,0.00886332,31611.0900
1626417544114000,1,0.03518166,31611.0900
1626417544930000,1,0.68425502,31611.0900
1626417544930000,1,0.00632600,31611.0000
1626417737402000,0,0.00288700,31641.2700
1626420087515000,1,0.00835100,31685.1600
1626420193309000,1,0.00417600,31708.8300
1626420710947000,1,0.01000000,31602.4600
1626421556048000,0,0.03727060,31699.4400
1626421556048000,0,0.01000000,31699.4500
1626421556048000,0,0.12545571,31699.4600
1626422398154000,0,0.00619948,31738.0000
1626422398277000,0,0.00012652,31738.0000
1626422424556000,1,0.09791993,31752.3200
1626422676218000,0,0.00420800,31667.6200
1626422967152000,1,0.00619948,31611.0000
1626422967176000,1,0.00012652,31611.0000
1626423258874000,1,0.01000000,31590.4700
1626423258874000,1,0.11790000,31590.4600
1626423258874000,1,0.15817209,31590.2400
1626423258874000,1,0.03676091,31579.2600
1626424047644000,0,0.00125000,31641.4900
1626424482687000,0,0.01000000,31626.8700
1626424482687000,0,0.02146121,31626.8800
1626424898466000,1,0.00781735,31489.3500
1626424899278000,1,0.00218265,31489.3500
1626424899278000,1,0.00618131,31484.0000
1626424901320000,1,0.00017069,31484.0000
1626426659129000,1,0.04500234,31400.0000
1626426659161000,1,0.00499766,31400.0000
1626426690114000,1,0.09416209,31357.0100
1626426690114000,1,0.00436720,31357.0000
1626426690469000,1,0.00201080,31357.0000
1626426975173000,1,0.01386659,31350.5900
1626426976222000,1,0.00633341,31350.5900
1626427156516000,0,0.00343600,31356.4000
1626427181431000,1,0.00256662,31368.7400
1626427181457000,1,0.00005238,31368.7400
1626427438077000,1,0.00980000,31399.4900
1626427438278000,1,0.00020000,31399.4900
1626427661313000,0,0.00106200,31410.6600
1626427942152000,0,0.03758521,31466.7600
1626427942152000,0,0.06386563,31466.7700
1626428195243000,1,0.00973292,31409.9200
1626428558424000,0,0.00426200,31437.9800
1626429196859000,1,0.00239700,31442.0100
1626429599332000,1,0.00190500,31389.0500
1626429662931000,1,0.00270800,31402.3600
1626430054536000,1,0.05830000,31424.4900
1626430188368000,0,0.01000000,31415.8500
1626430188368000,0,0.14877394,31415.8600
1626430197144000,0,0.00273028,31392.3000
1626430197337000,0,0.00005572,31392.3000
1626430879956000,1,0.00100000,31356.9700
1626430880121000,1,0.00059200,31356.9700
1626431006466000,0,0.10262458,31310.7600
1626431007118000,0,0.19953415,31310.7600
1626431237114000,1,0.00012808,31231.0000
1626431960732000,1,0.00414700,31218.5100
1626432110799000,0,0.00318548,31235.4600
1626432298232000,0,0.00012808,31356.0000
1626432692285000,0,0.00282200,31264.4400
1626432717372000,0,0.00122513,31317.6900
1626432720535000,0,0.14381590,31317.6800
1626432723990000,0,0.02348735,31322.8500
1626432723998000,0,0.13608784,31322.8500
1626432724535000,0,0.00293502,31322.8500
1626432725931000,0,0.00999978,31330.3800
1626432995490000,1,0.00178279,31299.5900
1626432995674000,1,0.00183221,31299.5900
1626433338854000,1,0.00627592,31231.0000
1626433338917000,1,0.00012808,31231.0000
1626433422700000,1,0.02483960,31209.6700
1626433422807000,1,0.06569004,31209.6700
1626433436215000,0,0.00265700,31233.8100
1626435636932000,0,0.01000000,31204.9100
1626435636932000,0,0.03782789,31204.9200
1626435636932000,0,0.09955649,31204.9300
1626435636932000,0,0.09455578,31206.9000
1626435636932000,0,0.06438958,31206.9100
1626435636932000,0,0.16033666,31210.0200
1626435636932000,0,0.24583853,31213.5900
1626435636932000,0,0.11970000,31213.6000
1626435636932000,0,0.06471697,31215.9200
1626435636932000,0,0.32072360,31223.1300
1626435636932000,0,0.05711617,31228.5100
1626435709053000,1,0.00630140,31105.0000
1626435709389000,1,0.00012860,31105.0000
1626435709459000,1,0.04000000,31100.0000
1626435709797000,1,0.01000000,31093.1500
1626435709797000,1,0.01000000,31093.0600
1626435709932000,1,0.01000000,31088.0800
1626435709932000,1,0.12010000,31066.8300
1626435709932000,1,0.09409367,31054.0900
1626435709932000,1,0.32152593,31054.0800
1626435709932000,1,0.03792104,31046.3000
1626435709932000,1,0.36118950,31046.2900
1626435709932000,1,0.06409583,31044.7500
1626435709932000,1,0.09485017,31024.1300
1626435709932000,1,0.09480687,31024.1300
1626435709932000,1,1.07600000,31024.1200
1626435709932000,1,0.28600000,30990.1400
1626435709932000,1,0.00645600,30979.0000
1626435709932000,1,0.46371212,30951.3400
1626435713597000,0,0.00645600,31104.0000
1626437291954000,0,0.00630140,31230.0000
1626437291971000,0,0.00012860,31230.0000
1626437414679000,1,0.00212500,31245.4400
1626437951752000,0,0.01000000,31351.0000
1626437951979000,0,0.00627592,31356.0000
1626437951979000,0,0.00012808,31356.0000
1626437983815000,1,0.03158819,31399.2200
1626438010402000,0,0.00980000,31456.9100
1626438010759000,0,0.00020000,31456.9100
1626438013439000,0,0.00436720,31483.0000
1626438013439000,0,0.00188324,31483.0000
1626438013642000,0,0.00012756,31483.0000
1626438015705000,0,0.00320000,31497.7500
1626438341710000,1,0.04239578,31371.2200
1626438341925000,1,0.00555191,31371.2200
1626438342153000,1,0.00205231,31371.2200
1626438360888000,1,0.00637800,31357.0000
1626438360888000,1,0.15940104,31350.7500
1626438360888000,1,0.03766183,31337.8400
1626438360888000,1,0.09415459,31333.7200
1626438360888000,1,0.09182569,31333.7100
1626438360888000,1,0.31879973,31333.6800
1626438360888000,1,0.06412441,31332.8400
1626438360888000,1,0.06296189,31322.3100
1626438360888000,1,0.75200000,31313.9500
1626438360888000,1,0.24484453,31308.1900
1626438360888000,1,0.06349157,31308.1800
1626438360888000,1,0.34962675,31299.1800
1626438360888000,1,0.37700000,31287.5300
1626438360888000,1,0.34377705,31233.1400
1626438360888000,1,0.00640400,31231.0000
1626438360888000,1,0.92200000,31190.1500
1626438360888000,1,0.70230284,31146.7700
1626438361196000,1,0.00640400,31357.1000
1626439088722000,1,0.00122100,31326.4800
1626439160928000,0,0.00122700,31315.0500
1626439169266000,0,0.00122500,31326.3100
1626439234684000,0,0.00847200,31315.2200
1626439406040000,1,0.00313600,31287.3600
1626439406323000,1,0.00006400,31287.3600
1626439423082000,1,0.15662495,31272.5900
1626439480722000,1,0.00627592,31231.0000
1626439480911000,1,0.00012808,31231.0000
1626439999164000,0,0.00627592,31356.0000
1626439999624000,0,0.00012808,31356.0000
1626440015497000,0,0.00637800,31483.0000
1626440204039000,0,0.00618131,31610.0000
1626440204039000,0,0.00017069,31610.0000
1626440284045000,0,0.00619948,31738.0000
1626440284108000,0,0.00012652,31738.0000
1626440440445000,0,0.00617596,31867.0000
1626440440445000,0,0.00012604,31867.0000
1626440440871000,0,0.09590328,31883.1100
1626440440871000,0,0.06337494,31914.8200
1626440440871000,0,0.01000000,31917.6300
1626440440871000,0,0.03068164,31923.6200
1626440638415000,0,0.00100000,31882.9900
1626441284281000,1,0.00453900,31781.7300
1626441455699000,1,0.00630200,31739.0000
1626441584400000,0,0.00630200,31867.0000
1626441644770000,1,0.01000000,31797.6800
1626441644770000,1,0.11760000,31797.6700
1626441644926000,0,0.10545228,31797.6700
1626441645223000,0,0.03115156,31797.6700
1626441645440000,0,0.00698152,31797.6700
1626441645533000,0,0.32881464,31797.6700
1626441675175000,1,0.01000000,31797.6200
1626441675175000,1,0.01897701,31797.6100
1626441687606000,1,0.11750000,31790.3300
1626441687819000,0,0.11730000,31790.3200
1626441688935000,0,0.00098000,31790.3200
1626441689850000,0,0.35693560,31790.3200
1626441690205000,0,0.00713871,31790.3200
1626441746140000,1,0.02928425,31772.8100
1626442200739000,0,0.11356262,31857.7500
1626442201407000,0,0.00289990,31857.7500
1626442201969000,0,0.01327366,31857.7500
1626442201978000,0,0.02058220,31857.7500
1626442201978000,0,0.22143169,31857.7500
1626442202417000,0,0.02952762,31857.7500
1626442224803000,1,0.11700000,31873.6700
1626442224803000,1,0.10940043,31873.5800
1626442252966000,1,0.01000000,31886.2100
1626442252966000,1,0.15672717,31886.2000
1626442253094000,0,0.15672717,31886.2000
1626442253172000,0,0.02194210,31886.2000
1626442253300000,0,0.01000000,31886.2000
1626442253423000,0,0.04696650,31886.2000
1626442253731000,0,0.06566000,31886.2000
1626442253916000,0,0.13197706,31886.2000
1626442259573000,1,0.02723008,31886.4200
1626442386340000,0,0.02450000,31925.0000
1626442386474000,0,0.00050000,31925.0000
1626442419171000,1,0.11690000,31894.1700
1626442419438000,0,0.01045634,31894.1600
1626442419632000,0,0.01468334,31894.1600
1626442419885000,0,0.03282987,31894.1600
1626442419898000,0,0.00716562,31894.1600
1626442420003000,0,0.41796483,31894.1600
1626442446563000,1,0.01000000,31889.4400
1626442446563000,1,0.01707792,31889.4300
1626442517564000,1,0.11730000,31889.6400
1626442517794000,0,0.07820916,31889.6300
1626442518095000,0,0.06142968,31889.6300
1626442518712000,0,0.00098000,31889.6300
1626442518817000,0,0.02744029,31889.6300
1626442543613000,0,0.01000000,31918.9300
1626442543613000,0,0.00179410,31918.9400
1626442575778000,1,0.11720000,31874.2400
1626442576976000,0,0.08722000,31874.2300
1626442577013000,0,0.39558000,31874.2300
1626442585224000,1,0.02747601,31864.1500
1626442664788000,1,0.11750000,31862.5900
1626442665408000,0,0.07056000,31862.5800
1626442665921000,0,0.00097412,31862.5800
1626442666351000,0,0.01176000,31862.5800
1626442666414000,0,0.02284244,31862.5800
1626442666725000,0,0.02450000,31862.5800
1626442667121000,0,0.01176000,31862.5800
1626442667778000,0,0.00980000,31862.5800
1626442683515000,1,0.15684958,31861.7100
1626442683747000,0,0.04295417,31861.7000
1626442683867000,0,0.08036000,31861.7000
1626442684063000,0,0.01176000,31861.7000
1626442684286000,0,0.04900000,31861.7000
1626442684591000,0,0.00232064,31861.7000
1626442684807000,0,0.01476213,31861.7000
1626442685568000,0,0.00980000,31875.6200
1626442788770000,1,0.15691423,31849.3200
1626442788885000,0,0.15691423,31849.3100
1626442789335000,0,0.00197862,31849.3100
1626442789815000,0,0.15516058,31849.3100
1626442789815000,0,0.00863584,31862.8100
1626442859429000,1,0.00203682,31814.0900
1626442859429000,1,0.01000000,31814.0800
1626442861570000,0,0.07866115,31814.0800
1626442861754000,0,0.02113429,31814.0800
1626442861778000,0,0.12676797,31814.0800
1626442861960000,0,0.36139977,31814.0800
1626442865499000,1,0.02865109,31817.2800
1626442885256000,0,0.00383900,31851.0500
1626442928976000,0,0.15000000,31839.5600
1626443560362000,0,0.00980000,31801.2500
1626443560547000,0,0.00020000,31801.2500
1626443583798000,1,0.15727482,31771.7800
1626443583892000,0,0.11655308,31771.7700
1626443900809000,1,0.11710000,31796.3400
1626443909780000,1,0.11790000,31769.9400
1626443910459000,0,0.10665225,31769.9300
1626443910491000,0,0.04900000,31769.9300
1626443940395000,1,0.00630200,31739.0000
1626443940912000,0,0.23270679,31738.9900
1626443986896000,1,0.15738758,31748.4400
1626443987029000,0,0.15738758,31748.4300
1626443987121000,0,0.11790000,31748.4300
1626443987151000,0,0.16732484,31748.4300
1626443987820000,1,0.00145900,31788.4000
1626443993094000,1,0.02995167,31751.1500
1626444122267000,1,0.11780000,31802.0200
1626444235496000,1,0.01000000,31748.9900
1626444235496000,1,0.15737894,31748.9800
1626444235740000,0,0.34456490,31748.9800
1626444721698000,1,0.05574999,31810.4300
1626444749601000,1,0.15712078,31800.7400
1626444749721000,0,0.15712078,31800.7300
1626444750331000,0,0.17150000,31800.7300
1626444750802000,0,0.08740862,31800.7300
1626444839557000,0,0.11710000,31803.9900
1626444841830000,0,0.00515480,31803.9900
1626444842033000,0,0.47324200,31803.9900
1626444845765000,1,0.01000000,31803.5200
1626444845765000,1,0.02335479,31803.5100
1626444898600000,1,0.03827523,31830.6600
1626444898600000,1,0.15697543,31830.6500
1626444898703000,0,0.15697543,31830.6500
1626444898962000,0,0.08274620,31830.6500
1626444899101000,0,0.16170000,31830.6500
1626444899397000,0,0.00332771,31830.6500
1626444904620000,1,0.02832490,31830.6500
1626444914439000,0,0.00629800,31867.0000
1626444914529000,0,0.00000400,31867.0000
1626445100120000,1,0.06112917,31864.4600
1626445100188000,1,0.00124753,31864.4600
1626445762093000,1,0.15656115,31916.6000
1626445762340000,0,0.44343885,31916.5900
1626445780375000,1,0.02662653,31923.0400
1626445789500000,1,0.11680000,31911.6100
1626445789812000,0,0.27841800,31911.6000
1626445789995000,0,0.20478200,31911.6000
1626445807948000,1,0.02674093,31902.4000
1626445863162000,1,0.11710000,31865.5800
1626445865973000,0,0.30184000,31865.5700
1626445866014000,0,0.18045282,31865.5700
1626445866014000,0,0.01000000,31872.4800
1626445978000000,1,0.11700000,31841.1800
1626445978331000,0,0.11690000,31841.1700
1626445978911000,0,0.16954000,31841.1700
1626445978924000,0,0.15697500,31841.1700
1626445978925000,0,0.03958500,31841.1700
1626445984184000,1,0.02810421,31856.4300
1626446164362000,1,0.11760000,31837.8700
1626446164669000,0,0.11720000,31837.8600
1626446176764000,1,0.01000000,31835.2600
1626446176764000,1,0.17680000,31835.2500
1626446176936000,0,0.02035875,31835.2500
1626446177165000,0,0.18625722,31835.2500
1626446415942000,0,0.00098000,31887.8800
1626446431898000,1,0.11750000,31875.8100
1626446432142000,0,0.48250000,31875.8000
1626446438101000,1,0.02645208,31876.5000
1626446454971000,1,0.11750000,31865.7500
1626446455477000,0,0.00100771,31865.7400
1626446456102000,0,0.00110348,31865.7400
1626446456123000,0,0.25030169,31865.7400
1626446456127000,0,0.23008712,31865.7400
1626446461167000,1,0.02763430,31866.1900
1626446512401000,1,0.11690000,31879.7800
1626446512682000,0,0.11750000,31879.7700
1626446513658000,0,0.01176000,31879.7700
1626446513695000,0,0.21873800,31879.7700
1626446514106000,0,0.00588000,31879.7700
1626446515027000,0,0.12663756,31879.7700
1626446518702000,1,0.01360000,31879.6800
1626446518702000,1,0.01634070,31879.6700
1626446568374000,1,0.11690000,31879.3000
1626446569077000,0,0.00196000,31879.2900
1626446569136000,0,0.16646880,31879.2900
1626446569304000,0,0.31467120,31879.2900
1626446574996000,1,0.02736580,31879.2000
1626446641043000,0,0.58800000,31900.5300
1626446641090000,0,0.01200000,31900.5300
1626446642107000,0,0.00980000,31903.1600
1626446646099000,1,0.02560000,31901.1300
1626446646099000,1,0.00134888,31901.1200
1626446665398000,1,0.11670000,31888.6100
1626446666252000,0,0.00921564,31888.6000
1626446666776000,0,0.00451915,31888.6000
1626446667018000,0,0.00294000,31888.6000
1626446667426000,0,0.46662521,31888.6000
1626446667426000,0,0.00777746,31890.2000
1626446717903000,1,0.11710000,31874.5200
1626446718098000,0,0.11710000,31874.5100
1626446720808000,0,0.01000000,31874.5000
1626446720808000,0,0.02511536,31874.5100
1626446779966000,1,0.11700000,31866.3500
1626446787539000,0,0.01000000,31850.0300
1626446788274000,0,0.40826155,31850.0300
1626446788289000,0,0.08952431,31850.0300
1626446898303000,1,0.22740000,31836.7100
1626446898303000,1,0.15698588,31836.7000
1626446898536000,0,0.21561412,31836.6900
1626446904668000,0,0.02820160,31838.6000
1626447114066000,1,0.03700471,31868.7400
1626447114066000,1,0.15679648,31868.7300
1626447114144000,0,0.40619881,31868.7300
1626447120294000,1,0.02757522,31869.1900
1626447418433000,1,0.27680000,31877.7400
1626447418433000,1,0.01000000,31877.7300
1626447418541000,0,0.29354245,31877.7200
1626447592565000,1,0.01569627,31854.7000
1626447610114000,0,0.00409600,31884.8900
1626447610979000,1,0.01000000,31855.3600
1626447610979000,1,0.15689114,31855.3500
1626447611096000,0,0.15689114,31855.3500
1626447611130000,0,0.27621772,31855.3500
1626447617371000,1,0.01214079,31859.5300
1626447685105000,1,0.15639597,31952.2100
1626447685193000,0,0.15639597,31952.2000
1626447687085000,0,0.00392000,31952.2000
1626447687613000,0,0.01226345,31952.2000
1626447703574000,1,0.15639223,31948.8900
1626447703695000,0,0.14059774,31948.8800
1626447786777000,1,0.15634650,31964.2900
1626447786866000,0,0.14711714,31964.2800
1626447788381000,0,0.00980000,31983.6300
1626447798895000,0,0.00779775,31983.5600
1626447832297000,1,0.03702428,31878.5200
1626447832297000,1,0.09081688,31878.5100
1626447832354000,0,0.00800000,31878.5100
1626447832449000,0,0.11370300,31878.5100
1626447832539000,0,0.35045584,31878.5100
1626447838379000,1,0.02737595,31885.6500
1626447844565000,1,0.11700000,31887.4300
1626447850564000,1,0.03300000,31873.5600
1626447850564000,1,0.15679772,31873.5500
1626447850667000,0,0.15679772,31873.5500
1626447850748000,0,0.25340456,31873.5500
1626447856797000,1,0.02650825,31876.8600
1626447954703000,1,0.15676032,31878.1000
1626447955200000,0,0.07840000,31878.0900
1626447955582000,0,0.00979194,31878.0900
1626447955679000,0,0.06981128,31878.0900
1626447955805000,0,0.15676032,31878.0900
1626447956251000,0,0.01078000,31878.0900
1626447956721000,0,0.01815352,31878.0900
1626447957444000,0,0.01229075,31878.0900
1626447960929000,1,0.11464296,31878.1000
1626447970244000,1,0.04211736,31878.1000
1626447970731000,0,0.07572460,31878.0900
1626447971008000,0,0.01078000,31878.0900
1626447971444000,0,0.09114000,31878.0900
1626447971808000,0,0.15676032,31878.0900
1626447972084000,0,0.02842000,31878.0900
1626447976378000,1,0.10638024,31878.1000
1626447982529000,1,0.05038008,31878.1000
1626447983056000,0,0.15364644,31878.0900
1626447983754000,0,0.01969604,31878.0900
1626447983802000,0,0.15676032,31878.0900
1626447984154000,0,0.00980000,31878.0900
1626447984780000,0,0.05830118,31878.0900
1626447985459000,0,0.14838762,31878.0900
1626447988928000,1,0.03041900,31878.1000
1626448020920000,0,0.00980000,31877.9700
1626448111500000,1,0.15704346,31816.7500
1626448111611000,0,0.15704346,31816.7400
1626448112506000,0,0.06566000,31816.7400
1626448112801000,0,0.15704346,31816.7400
1626448112849000,0,0.00490000,31816.7400
1626448113453000,0,0.02969008,31816.7400
1626448117754000,1,0.05721828,31816.7500
1626448205497000,1,0.15715969,31791.9100
1626448205810000,0,0.15715969,31791.9000
1626448206362000,0,0.00071540,31791.9000
1626448206888000,0,0.28496522,31791.9000
1626448206888000,0,0.00410070,31796.0800
1626448214578000,1,0.02909192,31792.3300
1626448387098000,1,0.03701365,31881.0700
1626448387098000,1,0.11981922,31881.0600
1626448505631000,1,0.15683071,31858.5600
1626448505803000,0,0.15683071,31858.5500
1626448506091000,0,0.15716965,31858.5500
1626448522359000,1,0.00154252,31883.2300
1626448523485000,1,0.00003148,31883.2300
1626448712687000,1,0.15673530,31879.9900
1626448712946000,0,0.44326470,31879.9800
1626448743193000,1,0.03701361,31879.4200
1626448743193000,1,0.15672767,31879.4100
1626448743296000,0,0.15672767,31879.4100
1626448743643000,0,0.24953105,31879.4100
1626448767782000,1,0.02649739,31867.2800
1626448780323000,1,0.00313801,31867.2800
1626448824141000,1,0.00104600,31906.9900
1626448891972000,1,0.12715451,31867.2800
1626448892079000,0,0.15678991,31867.2700
1626448892424000,0,0.06076000,31867.2700
1626448892593000,0,0.25529558,31867.2700
1626448915131000,1,0.02760189,31867.3800
1626449204188000,1,0.00117700,31952.3900
1626449207973000,1,0.15645102,31941.7300
1626449208463000,0,0.06710550,31941.7200
1626449208487000,0,0.32371480,31941.7200
1626449208810000,0,0.05272868,31941.7200
1626449220262000,1,0.02613666,31947.4500
1626449410599000,1,0.00341600,31949.5200
1626449541753000,0,0.00615048,31996.0000
1626449542107000,0,0.00012552,31996.0000
1626449575645000,0,0.01000000,32014.4100
1626449583913000,1,0.11670000,32005.8700
1626449583913000,1,0.06245765,32005.6800
1626449583913000,1,0.15602630,32005.6700
1626449584037000,0,0.15602630,31999.3700
1626449609426000,0,0.28455556,32075.0600
1626449609495000,0,0.19244444,32075.0600
1626449708692000,1,0.11670000,32069.7800
1626449709312000,0,0.00073794,32069.7600
1626449709332000,0,0.00926206,32069.7600
1626449709332000,0,0.33986094,32069.7700
1626449709551000,0,0.00382200,32069.7700
1626449710717000,0,0.01000000,32069.7600
1626449710717000,0,0.00685600,32069.7700
1626449745895000,1,0.11650000,32023.2600
1626449746086000,0,0.11630000,32023.2500
1626449746718000,0,0.00153107,32023.2500
1626449747076000,0,0.09800000,32023.2500
1626449747575000,0,0.00098000,32023.2500
1626449748212000,0,0.00196000,32023.2500
1626449748891000,0,0.01862000,32023.2500
1626449749521000,0,0.00980000,32026.7800
1626449750103000,0,0.00020000,32026.7800
1626449846776000,1,0.11630000,32037.8900
1626449846943000,0,0.15160153,32037.8800
1626450133382000,1,0.15589831,32061.0100
1626450133487000,0,0.15589831,32061.0000
1626450133541000,0,0.28820338,32061.0000
1626450139504000,1,0.02380991,32062.2700
1626450272572000,1,0.01000000,32087.0100
1626450272572000,1,0.07970000,32087.0000
1626450272745000,0,0.51030000,32087.0000
1626450282240000,0,0.02330103,32092.9900
1626450288000000,1,0.02182085,32079.4000
1626450362996000,1,0.20480000,32076.5900
1626450362996000,1,0.15579965,32076.5800
1626450363109000,0,0.15579965,32076.5800
1626450363288000,0,0.08360070,32076.5800
1626450377706000,1,0.02350617,32076.6800
1626450390748000,1,0.11660000,32074.1400
1626450406008000,1,0.11610000,32065.1700
1626450407904000,0,0.09524162,32065.1600
1626450407908000,0,0.38865838,32065.1600
1626450412370000,1,0.02247344,32082.3100
1626450431775000,1,0.11630000,32082.4100
1626450431951000,0,0.48370000,32082.4000
1626450437902000,1,0.02339498,32100.8900
1626450453176000,0,0.00612500,32125.0000
1626450453176000,0,0.00012500,32125.0000
1626450542301000,1,0.11590000,32106.3600
1626450543505000,0,0.00294000,32106.3500
1626450543644000,0,0.48116000,32106.3500
1626450548399000,1,0.02292380,32106.3600
1626450587702000,1,0.11610000,32106.3600
1626450588202000,0,0.48390000,32106.3500
1626450594024000,1,0.02292195,32108.9600
1626450649738000,0,0.58800000,32117.4700
1626450655099000,1,0.03472695,32107.6200
1626450664498000,1,0.11650000,32107.6200
1626450664946000,0,0.01862000,32107.6100
1626450664975000,0,0.21308963,32107.6100
1626450665133000,0,0.00809074,32107.6100
1626450665163000,0,0.18090405,32107.6100
1626450665549000,0,0.04832636,32107.6100
1626450714333000,0,0.06209198,32107.5100
1626450714403000,0,0.04706196,32107.5100
1626450714612000,0,0.49084606,32107.5100
1626450720262000,1,0.02289366,32104.9500
1626450773093000,1,0.11620000,32105.3500
1626450773766000,0,0.38542060,32105.3400
1626450773910000,0,0.09837940,32105.3400
1626450779310000,1,0.02295567,32105.3500
1626450850700000,1,0.15539106,32155.8000
1626450850818000,0,0.15539106,32155.7900
1626450850941000,0,0.28921788,32155.7900
1626450858170000,1,0.02199701,32140.7400
1626450870576000,1,0.11660000,32126.3400
1626450870738000,0,0.48340000,32126.3300
1626450876894000,1,0.02253608,32126.2500
1626450911203000,0,0.15561972,32112.4000
1626450911246000,0,0.14333012,32112.4000
1626450916793000,1,0.14530000,32113.5400
1626450916793000,1,0.01000000,32113.5300
1626450916958000,0,0.03211689,32113.5300
1626450917350000,0,0.00425908,32113.5300
1626450917630000,0,0.00916300,32113.5300
1626450918551000,0,0.05208504,32113.5300
1626450918724000,0,0.01787872,32113.5300
1626450919518000,0,0.01522920,32113.5300
1626450919883000,0,0.00098000,32113.5300
1626450920689000,0,0.01000000,32127.3400
1626450923118000,1,0.15549411,32134.5600
1626450923177000,0,0.11610000,32134.5500
1626450923337000,0,0.06396361,32134.5500
1626450929178000,1,0.11630000,32124.1600
1626450930074000,0,0.00122659,32124.1500
1626450930601000,0,0.00076146,32124.1500
1626450930829000,0,0.48171195,32124.1500
1626450935236000,1,0.02259893,32125.4100
1626450941374000,1,0.11660000,32125.5100
1626450941535000,0,0.48105588,32125.5000
1626451069494000,1,0.15560814,32116.3500
1626451070375000,0,0.06219449,32116.3400
1626451070557000,0,0.01690608,32116.3400
1626451070802000,0,0.15560814,32116.3400
1626451071292000,0,0.12451828,32116.3400
1626451075504000,1,0.10788897,32116.3500
1626451084197000,1,0.15564448,32103.8800
1626451084304000,0,0.15564448,32103.8700
1626451084338000,0,0.20266760,32103.8700
1626451105799000,1,0.15562610,32107.1400
1626451105926000,0,0.15562610,32107.1300
1626451107168000,0,0.15564997,32107.1300
1626451107516000,0,0.13309783,32107.1300
1626451112094000,1,0.02292234,32108.4100
1626451128170000,1,0.13272062,32108.4100
1626451128256000,0,0.15564296,32108.4000
1626451129803000,0,0.15564296,32108.4000
1626451134163000,1,0.15569193,32095.9800
1626451134255000,0,0.15569193,32095.9700
1626451135805000,0,0.15569193,32095.9700
1626451140553000,1,0.15428723,32095.9800
1626451200583000,1,0.15554858,32129.8000
1626451200789000,0,0.44445142,32129.7900
1626451213577000,1,0.02247134,32129.8000
1626451221364000,1,0.15565026,32101.1500
1626451222814000,0,0.15565026,32101.1400
1626451227603000,1,0.15565026,32101.1500
1626451227699000,0,0.15565026,32101.1400
1626451228811000,0,0.00043286,32101.1400
1626451245165000,1,0.15521740,32101.1500
1626451245165000,1,0.06270802,32101.1500
1626451245283000,0,0.03682512,32101.1400
1626451245284000,0,0.09206279,32101.1400
1626451245301000,0,0.15565026,32101.1400
1626451245358000,0,0.09753641,32101.1400
1626451251237000,1,0.02300800,32119.2600
1626451257371000,1,0.13253106,32119.2600
1626451257477000,0,0.15553906,32119.2500
1626451257544000,0,0.30970205,32119.2500
1626451275920000,1,0.15541349,32153.1300
1626451276151000,0,0.44458651,32153.1200
1626451285298000,1,0.09328334,32133.0200
1626451285585000,0,0.01020001,32133.0100
1626451286588000,0,0.03993553,32133.0100
1626451286802000,0,0.09328334,32133.0100
1626451291509000,1,0.03677248,32133.0300
1626451291509000,1,0.09328334,32133.0200
1626451291634000,0,0.09328334,32133.0200
1626451292803000,0,0.09328334,32133.0200
1626451292825000,0,0.06625455,32133.0200
1626451297626000,1,0.09328334,32133.0200
1626451297741000,0,0.09328334,32133.0100
1626451299802000,0,0.09328334,32133.0100
1626451325570000,1,0.03678415,32110.0300
1626451325739000,0,0.54580639,32110.0200
1626451349995000,1,0.03676136,32109.9200
1626451349995000,1,0.00061026,32109.9200
1626451356370000,1,0.06180981,32109.9100
1626451356555000,0,0.53819019,32109.9000
1626451362392000,1,0.02286570,32100.4700
1626451415593000,1,0.11600000,32081.6800
1626451415931000,0,0.01038791,32081.6700
1626451416460000,0,0.00820456,32081.6700
1626451416885000,0,0.02548000,32081.6700
1626451416972000,0,0.43992753,32081.6700
1626451440584000,1,0.02341204,32077.5100
1626451446903000,1,0.03683282,32077.5200
1626451447049000,0,0.11640000,32077.5200
1626451447137000,0,0.07895841,32077.5200
1626451447646000,0,0.06222683,32077.5200
1626451447762000,0,0.00797546,32077.5200
1626451447820000,0,0.29615630,32077.5200
1626451459203000,1,0.11620000,32074.7500
1626451459707000,0,0.05390000,32074.7400
1626451459928000,0,0.00444973,32074.7400
1626451460378000,0,0.22146799,32074.7400
1626451460395000,0,0.00309288,32074.7400
1626451460878000,0,0.20088940,32074.7400
1626451465368000,1,0.02353883,32074.6500
1626451474505000,1,0.11630000,32074.7500
1626451475032000,0,0.00278418,32074.7400
1626451475079000,0,0.04420343,32074.7400
1626451475476000,0,0.08500284,32074.7400
1626451476159000,0,0.06412721,32074.7400
1626451476167000,0,0.00113288,32074.7400
1626451476438000,0,0.06235134,32074.7400
1626451477405000,0,0.21961616,32074.7400
1626451477540000,0,0.00448196,32074.7400
1626451549754000,1,0.00347955,32025.7200
1626451658994000,1,0.06175915,32005.9700
1626451659166000,0,0.11640000,32005.9600
1626451659197000,0,0.28935455,32005.9600
1626451659368000,0,0.10756473,32005.9600
1626451660058000,0,0.02280878,32005.9600
1626451660325000,0,0.00211278,32005.9600
1626451660337000,0,0.00000001,32005.9600
1626451661294000,0,0.00435500,32064.3400
1626451674216000,0,0.00500000,32064.6600
1626451732919000,1,0.02347949,32027.9400
1626451751243000,1,0.11690000,32011.1600
1626451751803000,0,0.15608849,32011.1500
1626451751941000,0,0.01960000,32011.1500
1626451752199000,0,0.02942156,32011.1500
1626451757387000,1,0.11690000,31997.3100
1626451757844000,0,0.02022302,31997.3000
1626451758026000,0,0.16577744,31997.3000
1626451766377000,1,0.11700000,32005.8700
1626451766541000,0,0.48300000,32005.8600
1626451772583000,1,0.02489920,32009.0600
1626451851924000,1,0.11630000,32044.0100
1626451853686000,1,0.00625000,31997.0000
1626451883383000,1,0.11710000,31958.4700
1626451883538000,0,0.48290000,31958.4600
1626451891697000,0,0.00222948,31917.2800
1626451895711000,1,0.15653855,31909.3100
1626451895795000,0,0.15653855,31909.3000
1626451895935000,0,0.28692290,31909.3000
1626451905145000,1,0.02218787,31909.3200
1626451920546000,1,0.11690000,31913.3500
1626451929701000,1,0.11690000,31868.1200
1626451930018000,0,0.39361019,31868.1100
1626451960182000,1,0.11690000,31877.5600
1626451960350000,0,0.15269098,31877.5500
1626451966341000,1,0.00627600,31868.0000
1626451990585000,1,0.11700000,31822.9500
1626451991464000,0,0.00611520,31822.9400
1626451992258000,0,0.46734710,31822.9400
1626451992890000,0,0.00953770,31822.9400
1626451996872000,1,0.02551438,31825.1900
1626451998870000,0,0.00922692,31854.0500
1626452093530000,1,0.11730000,31859.7400
1626452099400000,1,0.15692823,31840.5800
1626452099523000,0,0.15692823,31840.5700
1626452099533000,0,0.19690684,31840.5700
1626452117763000,1,0.15706516,31811.5100
1626452117874000,0,0.15706516,31811.5000
1626452118323000,0,0.04214000,31811.5000
1626452118557000,0,0.24372968,31811.5000
1626452121627000,0,0.01000000,31861.8500
1626452121627000,0,0.06314396,31863.6900
1626452121627000,0,0.15703116,31868.9400
1626452121627000,0,0.03714035,31873.6700
1626452121627000,0,0.06193128,31873.6800
1626452121627000,0,0.03715785,31879.4200
1626452121627000,0,0.11700000,31879.4300
1626452121627000,0,0.06306048,31880.5000
1626452121627000,0,0.09598764,31884.4000
1626452121627000,0,0.24140629,31899.2000
1626452121627000,0,0.31391874,31899.2100
1626452121627000,0,0.00627600,31996.0000
1626452121627000,0,0.01200000,31999.6000
1626452121627000,0,0.39200000,32042.7200
1626452121627000,0,0.88281823,32101.4900
1626452123983000,1,0.11740000,31811.6100
1626452124794000,0,0.47294800,31811.6000
1626452125100000,0,0.00965200,31811.6000
1626452130098000,1,0.02596648,31810.2300
1626452132280000,0,0.00627600,31859.9200
1626452162900000,0,0.00980000,31928.9400
1626452162926000,0,0.00020000,31928.9400
1626452174351000,0,0.00627600,31996.0000
1626452194574000,1,0.11720000,31963.5400
1626452194574000,1,0.09741233,31963.4400
1626452194574000,1,0.01000000,31963.4400
1626452194574000,1,0.15624347,31963.4300
1626452194681000,0,0.15624347,31963.4300
1626452194739000,0,0.06290073,31963.4300
1626452200900000,1,0.02571620,31964.2800
1626452217623000,1,0.03125433,31995.6600
1626452232899000,1,0.15597701,32029.2800
1626452233020000,0,0.15597701,32029.2700
1626452242275000,1,0.11660000,31993.6100
1626452242535000,0,0.48340000,31993.6000
1626452249377000,1,0.02227489,32009.1300
1626452263777000,1,0.11690000,31993.4800
1626452263954000,0,0.48310000,31993.4700
1626452269984000,1,0.02509376,31999.9800
1626452293117000,0,0.03692516,32066.8000
1626452305920000,1,0.11620000,32094.2800
1626452306145000,0,0.48380000,32094.2700
1626452307116000,0,0.00625000,32125.0000
1626452333588000,1,0.02314024,32151.7800
1626452382370000,1,0.15549071,32125.8400
1626452383803000,0,0.15549071,32125.8300
1626452384178000,0,0.28901858,32125.8300
1626452389098000,1,0.02253497,32127.8300
1626452418989000,1,0.15543526,32143.8200
1626452419154000,0,0.44456474,32143.8100
1626452427959000,1,0.02221266,32143.8200
1626452459906000,1,0.13322260,32143.8200
1626452460049000,0,0.15543526,32143.8100
1626452460450000,0,0.30511530,32143.8100
1626452460624000,0,0.00081242,32143.8100
1626452460658000,0,0.00541442,32143.8100
1626452466428000,1,0.02222189,32130.4700
1626452481400000,1,0.15551577,32130.2600
1626452481541000,0,0.44205175,32130.2500
1626452506573000,1,0.15536873,32154.2100
1626452506676000,0,0.15536873,32154.2000
1626452507195000,0,0.01208928,32154.2000
1626452507323000,0,0.22188435,32154.2000
1626452507806000,0,0.05528891,32154.2000
1626452514574000,1,0.02199155,32148.7100
1626452525568000,1,0.09329309,32135.0700
1626452525685000,0,0.09329309,32135.0600
1626452525738000,0,0.41341382,32135.0600
1626452531589000,1,0.01554968,32133.6100
1626452532086000,0,0.00682564,32133.6000
1626452559372000,1,0.01554838,32134.0700
1626452559497000,0,0.01554838,32134.0600
1626452559537000,0,0.56890324,32134.0600
1626452729696000,1,0.02245022,32070.9500
1626452848367000,1,0.11650000,32034.4300
1626452848875000,0,0.03316908,32034.4200
1626452848992000,0,0.13047604,32034.4200
1626452849144000,0,0.00134162,32034.4200
1626452849790000,0,0.00882000,32034.4200
1626452850348000,0,0.12351745,32034.4200
1626452851086000,0,0.00808500,32034.4200
1626452854557000,0,0.60000000,32025.8800
1626452861383000,1,0.02398679,32059.3000
1626452866754000,0,0.09031701,32098.4800
1626452867013000,0,0.00184320,32098.4800
1626452898972000,1,0.15565621,32110.9600
1626452899062000,0,0.15565621,32110.9500
1626452899420000,0,0.00638862,32110.9500
1626452899599000,0,0.01960000,32110.9500
1626452899743000,0,0.20783121,32110.9500
1626452899790000,0,0.01176000,32110.9500
1626452900092000,0,0.01764000,32110.9500
1626452900512000,0,0.00385343,32110.9500
1626452901328000,0,0.00490000,32110.9500
1626452901873000,0,0.00245392,32110.9500
1626452905173000,1,0.03710632,32096.9500
1626452939901000,1,0.11640000,32085.7400
1626452940159000,0,0.48360000,32085.7300
1626452946187000,1,0.02334175,32088.4200
1626452976970000,1,0.03428018,32088.5100
1626453033124000,0,0.03677205,32170.6500
1626453033638000,0,0.09009153,32180.7800
1626453034061000,0,0.00183860,32180.7800
1626453069884000,1,0.11620000,32191.0600
1626453069884000,1,0.03671789,32189.7600
1626453076375000,1,0.11630000,32166.6300
1626453076632000,0,0.00149254,32166.6200
1626453076966000,0,0.00081536,32166.6200
1626453077413000,0,0.00196000,32166.6200
1626453077455000,0,0.47256331,32166.6200
1626453078094000,0,0.00686879,32166.6200
1626453097996000,1,0.02104676,32166.4600
1626453123501000,1,0.11570000,32167.3800
1626453125166000,0,0.02940000,32167.3700
1626453125943000,0,0.45490000,32167.3700
1626453129702000,1,0.02176117,32167.3800
1626453203679000,0,0.11620000,32157.9000
1626453204222000,0,0.00882000,32157.9000
1626453204537000,0,0.00544782,32157.9000
1626453204761000,0,0.00567910,32157.9000
1626453205000000,0,0.06226227,32157.9000
1626453205106000,0,0.00514990,32157.9000
1626453205108000,0,0.15536359,32157.9000
1626453205123000,0,0.24107732,32157.9000
1626453209789000,1,0.02192143,32160.3000
1626453326433000,0,0.11570000,32169.7600
1626453326540000,0,0.48430000,32169.7600
1626453332405000,1,0.02169738,32169.7800
1626453354093000,1,0.03672089,32167.1500
1626453354342000,0,0.56327911,32167.1400
1626453360301000,1,0.02176182,32166.4200
1626453366398000,1,0.15539818,32151.0500
1626453366503000,0,0.15539818,32151.0400
1626453366543000,0,0.28920364,32151.0400
1626453372677000,1,0.00100000,32151.0500
1626453560600000,1,0.15533874,32164.8000
1626453560810000,0,0.01520568,32164.7900
1626453561283000,0,0.01764000,32164.7900
1626453561503000,0,0.07644000,32164.7900
1626453561794000,0,0.07350000,32164.7900
1626453561803000,0,0.15533874,32164.7900
1626453562268000,0,0.10653684,32164.7900
1626453567094000,1,0.02107894,32164.8000
1626453579176000,1,0.15541149,32150.3200
1626453579281000,0,0.09150000,32150.3100
1626453579826000,0,0.10584000,32150.3100
1626453580806000,0,0.15541149,32150.3100
1626453581138000,0,0.02842000,32150.3100
1626453581631000,0,0.00980000,32150.3100
1626453585366000,1,0.05270000,32150.3300
1626453585366000,1,0.02300684,32150.3200
1626453627332000,1,0.03677368,32103.3300
1626453627332000,1,0.15560859,32103.3200
1626453627424000,0,0.00526507,32103.3200
1626453627544000,0,0.40235266,32103.3200
1626453645698000,1,0.02305836,32005.7400
1626453664215000,0,0.37973326,32005.7300
1626453664352000,0,0.22026674,32005.7300
1626453668987000,1,0.00612500,31997.0000
1626453669374000,1,0.00012500,31997.0000
1626453670168000,1,0.11680000,31951.4200
1626453670168000,1,0.03688882,31951.3200
1626453670605000,0,0.09636991,31951.3100
1626453670810000,0,0.34994127,31951.3100
1626453685718000,1,0.02580937,32003.8700
1626453719441000,1,0.15608181,32010.5700
1626453719557000,0,0.15608181,32010.5600
1626453719916000,0,0.12583200,32010.5600
1626453725902000,1,0.03687476,31996.7200
1626453725902000,1,0.09218691,31996.7200
1626453725902000,1,0.05780123,31996.7100
1626453747404000,1,0.15609682,32010.6200
1626453747687000,0,0.00392000,32010.6100
1626453747792000,0,0.22070524,32010.6100
1626453747917000,0,0.21927794,32010.6100
1626453756205000,1,0.02479385,32024.0600
1626453778904000,1,0.11650000,32036.1000
1626453779138000,0,0.48350000,32036.0900
1626453785095000,1,0.02427976,32043.1500
1626453791310000,1,0.15601448,32029.9300
1626453791432000,0,0.15601448,32029.9200
1626453792645000,0,0.01176000,32029.9200
1626453792804000,0,0.15601448,32029.9200
1626453793563000,0,0.00980000,32029.9200
1626453793992000,0,0.11039656,32029.9200
1626453797508000,1,0.02441466,32029.9300
1626453803698000,1,0.15613352,32000.1800
1626453803790000,0,0.15613352,32000.1700
1626453804005000,0,0.12250000,32000.1700
1626453804229000,0,0.03038000,32000.1700
1626453804493000,0,0.13484958,32000.1700
1626453916499000,1,0.11700000,32015.9500
1626453923016000,1,0.11700000,31993.3300
1626453923149000,0,0.48300000,31993.3200
1626453929261000,1,0.02368024,32009.8000
1626453976531000,1,0.15604976,32023.3900
1626453977148000,0,0.02450000,32023.3800
1626453977526000,0,0.00588000,32023.3800
1626453977802000,0,0.15604976,32023.3800
1626453977871000,0,0.25752048,32023.3800
1626453982572000,1,0.02454455,32023.4000
1626453990303000,1,0.11660000,32023.4900
1626453990303000,1,0.15604976,32023.3900
1626453990805000,0,0.15604976,32023.3800
1626453996495000,1,0.03687792,32010.8700
1626453996495000,1,0.15609687,32010.8600
1626453996601000,0,0.00295865,32010.8600
1626454002804000,0,0.00490000,32011.0500
1626454003081000,0,0.01012438,32011.0500
1626454004401000,0,0.00065660,32011.0500
1626454005021000,0,0.00588000,32011.0500
1626454008805000,1,0.18970000,32010.8700
1626454008805000,1,0.15313822,32010.8600
1626454008896000,0,0.15609687,32010.8600
1626454009619000,0,0.09904361,32010.8600
1626454009826000,0,0.00196000,32010.8600
1626454010029000,0,0.00006130,32010.8600
1626454015326000,1,0.00321765,32010.8600
1626454026850000,0,0.11640000,31999.1400
1626454027424000,0,0.42776380,31999.1400
1626454027616000,0,0.00188160,31999.1400
1626454027818000,0,0.05395460,31999.1400
1626454032920000,1,0.15627799,31971.2100
1626454033215000,0,0.44372201,31971.2000
1626454038899000,1,0.02245770,31971.2100
1626454057720000,1,0.11660000,31986.3300
1626454057950000,0,0.48340000,31986.3200
1626454070783000,1,0.00640000,31998.4600
1626454070783000,1,0.01885121,31998.4500
1626454205702000,1,0.05440000,32024.0900
1626454205702000,1,0.15604755,32024.0800
1626454205943000,0,0.38955245,32024.0800
1626454211766000,1,0.11680000,32028.0900
1626454211937000,0,0.48320000,32028.0800
1626454217780000,1,0.15598341,32033.9700
1626454217855000,0,0.15597664,32033.9600
1626454217943000,0,0.28803995,32033.9600
1626454224384000,1,0.15597664,32033.9700
1626454224495000,0,0.15597664,32033.9600
1626454224535000,0,0.28804672,32033.9600
1626454235641000,1,0.15597664,32033.9700
1626454235738000,0,0.44402336,32033.9700
1626454241598000,1,0.15598606,32036.2100
1626454241685000,0,0.15598606,32036.2100
1626454241718000,0,0.04070000,32036.2100
1626454242250000,0,0.02744000,32036.2100
1626454242570000,0,0.21988788,32036.2100
1626454247765000,1,0.01720000,32037.6600
1626454247765000,1,0.15598277,32037.6500
1626454247861000,0,0.15598277,32037.6400
1626454248603000,0,0.00392000,32037.6400
1626454248955000,0,0.26541777,32037.6400
1626454249744000,0,0.00113876,32037.6400
1626454249803000,0,0.00035793,32037.6400
1626454254966000,1,0.15598063,32037.7500
1626454255063000,0,0.15598063,32037.7400
1626454255244000,0,0.00319480,32037.7400
1626454261787000,1,0.15598497,32031.3800
1626454261900000,0,0.15202548,32031.3700
1626454293191000,1,0.15810000,32043.8800
1626454293191000,1,0.15593414,32043.8700
1626454293286000,0,0.15593414,32043.8700
1626454294034000,0,0.00169540,32043.8700
1626454294365000,0,0.00090944,32043.8700
1626454294764000,0,0.12742688,32043.8700
1626454299400000,1,0.02416150,32034.4300
1626454305693000,1,0.11660000,32045.5000
1626454306225000,0,0.15593400,32045.4900
1626454306270000,0,0.32746600,32045.4900
1626454311631000,1,0.11640000,32045.0600
1626454317746000,1,0.15595462,32044.8800
1626454318804000,0,0.15595462,32044.8700
1626454323975000,1,0.11660000,32029.6500
1626454330045000,1,0.11630000,32006.8500
1626454331461000,0,0.47402600,32006.8400
1626454336708000,1,0.11650000,31990.9500
1626454337367000,0,0.48350000,31990.9400
1626454342807000,1,0.02263146,31990.8600
1626454348864000,1,0.15639688,31929.2800
1626454348935000,0,0.44360312,31929.2700
1626454355004000,1,0.00131540,31929.2900
1626454463724000,1,0.15620319,31993.3200
1626454469807000,1,0.11640000,31980.1600
1626454470079000,0,0.35273461,31980.1500
1626454520698000,1,0.15620487,31989.8300
1626454520700000,0,0.11630000,31989.8200
1626454520940000,0,0.32749513,31989.8200
1626454533798000,1,0.02518707,32000.5400
1626454825988000,1,0.09359652,32034.2700
1626454826100000,0,0.09359652,32034.2600
1626454827097000,0,0.00456851,32034.2600
1626454827409000,0,0.06101284,32034.2600
1626454827598000,0,0.00456851,32034.2600
1626454827672000,0,0.22060950,32034.2600
1626454827778000,0,0.00294000,32034.2600
1626454827805000,0,0.09359652,32034.2600
1626454828480000,0,0.02551108,32034.2600
1626454832066000,1,0.02435806,32022.2500
1626454918274000,1,0.15602383,32029.2400
1626454918395000,0,0.15602383,32029.2300
1626454919801000,0,0.15602383,32029.2300
1626454920877000,0,0.00859656,32029.2300
1626454920920000,0,0.12333195,32029.2300
1626454924332000,1,0.02443397,32004.6100
1626455141607000,1,0.15569577,32101.1700
1626455141696000,0,0.00006179,32101.1600
1626455315477000,0,0.00612500,32125.0000
1626455315477000,0,0.00012500,32125.0000
1626455473697000,0,0.00550000,32117.9900
1626455533104000,1,0.00610000,32086.2600
1626455632966000,1,0.15591854,32050.8500
1626455633064000,0,0.15591854,32050.8400
1626455633692000,0,0.04116000,32050.8400
1626455633913000,0,0.01960000,32050.8400
1626455634196000,0,0.00980000,32050.8400
1626455634424000,0,0.00595546,32050.8400
1626455634765000,0,0.03136000,32050.8400
1626455634802000,0,0.15591854,32050.8400
1626455635369000,0,0.01568000,32050.8400
1626455635937000,0,0.00612794,32050.8400
1626455639463000,1,0.00670000,32050.8600
1626455639463000,1,0.01376746,32050.8500
1626455706966000,1,0.11660000,32040.7000
1626455707131000,0,0.48340000,32040.6900
1626455713050000,1,0.02418434,32045.5200
1626455756184000,1,0.11640000,32033.3400
1626455756837000,0,0.00196000,32033.3300
1626455757401000,0,0.00098000,32033.3300
1626455757707000,0,0.02254000,32033.3300
1626455757977000,0,0.01470000,32033.3300
1626455758462000,0,0.00382592,32033.3300
1626455759207000,0,0.03528000,32033.3300
1626455760093000,0,0.00365834,32033.3300
1626455760691000,0,0.00667870,32033.3300
1626455761227000,0,0.38609750,32033.3300
1626455761962000,0,0.00482258,32033.3300
1626455762569000,1,0.02740902,32033.2400
1626455893240000,1,0.02808675,32043.5700
1626455937297000,1,0.15610784,32010.3700
1626455937607000,0,0.04139324,32010.3600
1626455937797000,0,0.01960000,32010.3600
1626455937805000,0,0.15610784,32010.3600
1626455938048000,0,0.02117878,32010.3600
1626455938107000,0,0.19648930,32010.3600
1626455938729000,0,0.00183554,32010.3600
1626455939666000,0,0.00568400,32010.3600
1626455939805000,0,0.00160346,32010.3600
1626455943372000,1,0.02480687,32007.2500
1626455977497000,1,0.15612034,32008.1200
1626455977497000,1,0.09159313,32007.2500
1626455978043000,0,0.04704000,32007.2400
1626455978253000,0,0.30524653,32007.2400
1626455983601000,1,0.02486868,32008.1200
1626456000099000,1,0.10622271,32008.2200
1626456006367000,1,0.01037729,32008.2200
1626456006855000,0,0.00715988,32008.2100
1626456006884000,0,0.01370480,32008.2100
1626456012578000,1,0.09372691,32007.8800
1626456200179000,1,0.15586033,32065.9000
1626456200289000,0,0.15586033,32065.8900
1626456201028000,0,0.00779590,32065.8900
1626456201283000,0,0.00441588,32065.8900
1626456201547000,0,0.19502000,32065.8900
1626456201802000,0,0.08104756,32065.8900
1626456210938000,1,0.02369043,32080.4600
1626456256006000,1,0.11610000,32072.1000
1626456256238000,0,0.11610000,32072.0900
1626456256856000,0,0.04681068,32072.0900
1626456257173000,0,0.00121030,32072.0900
1626456257401000,0,0.01467746,32072.0900
1626456257631000,0,0.07350000,32072.0900
1626456258425000,0,0.00978922,32072.0900
1626456259062000,0,0.00106232,32072.0900
1626456262311000,1,0.15580174,32072.0000
1626456262401000,0,0.08855470,32071.9900
1626456327518000,1,0.11610000,32098.0300
1626456330104000,0,0.00686000,32098.0200
1626456330431000,0,0.00588000,32098.0200
1626456333695000,1,0.15574939,32086.3200
1626456333780000,0,0.15574939,32086.3100
1626456333939000,0,0.18291753,32086.3100
1626456384799000,1,0.11610000,32081.7700
1626456385772000,0,0.37176339,32081.7600
1626456386216000,0,0.10989388,32081.7600
1626456390895000,1,0.02567308,32056.9200
1626456396972000,1,0.15599112,32023.9400
1626456397070000,0,0.15599112,32023.9300
1626456397417000,0,0.06965285,32023.9300
1626456397612000,0,0.00477750,32023.9300
1626456398234000,0,0.03510711,32023.9300
1626456398248000,0,0.03510711,32023.9300
1626456398270000,0,0.13980198,32023.9300
1626456437376000,1,0.00800000,32035.0100
1626456437376000,1,0.15598389,32035.0000
1626456437469000,0,0.15598389,32035.0000
1626456438220000,0,0.02940000,32035.0000
1626456438564000,0,0.00501564,32035.0000
1626456438810000,0,0.02020675,32035.0000
1626456443806000,1,0.06243171,32035.0000
1626456472708000,1,0.15611022,32012.9000
1626456472940000,0,0.44388978,32012.8900
1626456478892000,1,0.02473974,32013.2700
1626456500775000,1,0.13136007,32013.2700
1626456500901000,0,0.15609981,32013.2600
1626456501244000,0,0.02940000,32013.2600
1626456501592000,0,0.01960000,32013.2600
1626456502411000,0,0.02385810,32013.2600
1626456502813000,0,0.15196958,32013.2600
1626456507500000,1,0.00413023,32013.2700
1626456507952000,0,0.02097152,32013.2600
1626456507970000,0,0.00156800,32013.2600
1626456508474000,0,0.00098000,32013.2600
1626456508805000,0,0.08480361,32013.2600
1626456520982000,1,0.07129620,32013.2700
1626456521065000,0,0.02241493,32013.2600
1626456537894000,1,0.15616304,32001.9100
1626456537985000,0,0.15616304,32001.9000
1626456538473000,0,0.11785775,32001.9000
1626456538555000,0,0.10103446,32001.9000
1626456553373000,1,0.11630000,32002.0100
1626456554914000,0,0.17248000,32002.0000
1626456555137000,0,0.31122000,32002.0000
1626456559711000,1,0.02496725,32001.9100
1626456565701000,1,0.00625000,31997.0000
1626456571702000,1,0.15628075,31974.6300
1626456572163000,0,0.42298531,31974.6200
1626456572737000,0,0.02073394,31974.6200
1626456602389000,1,0.02548894,31974.6400
1626456648973000,1,0.15629499,31973.4600
1626456649070000,0,0.15629499,31973.4500
1626456649134000,0,0.28741002,31973.4500
1626456655106000,1,0.02551409,31982.3200
1626456731908000,1,0.15626918,31972.5300
1626456732000000,0,0.15626918,31972.5200
1626456732377000,0,0.03973704,31972.5200
1626456732474000,0,0.11723775,31972.5200
1626456733014000,0,0.13048685,31972.5200
1626456740386000,1,0.02555318,31972.5300
1626456827994000,1,0.15641102,31950.3100
1626456828098000,0,0.15641102,31950.3000
1626456828344000,0,0.00979902,31950.3000
1626456828604000,0,0.27737894,31950.3000
1626456834110000,1,0.02597351,31955.6300
1626456846238000,1,0.11650000,31944.1000
1626456848027000,0,0.01085425,31944.0900
1626456848047000,0,0.12308323,31944.0900
1626456852372000,1,0.11670000,31931.5900
1626456852541000,0,0.25910339,31931.5800
1626456874507000,1,0.15646151,31936.2200
1626456874629000,0,0.15646151,31936.2100
1626456875206000,0,0.01585728,31936.2100
1626456914313000,1,0.15644617,31937.3500
1626456914430000,0,0.15644617,31937.3400
1626456914683000,0,0.00588000,31937.3400
1626456914866000,0,0.20482000,31937.3400
1626456915028000,0,0.07640766,31937.3400
1626456932978000,1,0.02620755,31937.3600
1626457166576000,1,0.15631153,31969.2100
1626457167392000,0,0.07644000,31969.2000
1626457167809000,0,0.15631153,31969.2000
1626457168037000,0,0.00980000,31969.2000
1626457168563000,0,0.20113694,31969.2000
1626457172607000,1,0.02561839,31969.2100
1626457208004000,1,0.15641470,31944.2200
1626457208099000,0,0.15641470,31944.2100
1626457223299000,1,0.14076922,31942.7300
1626457223398000,0,0.14076922,31942.7200
1626457223757000,0,0.00196000,31942.7200
1626457223973000,0,0.02978098,31942.7200
1626457535587000,1,0.04980000,31965.0200
1626457535587000,1,0.15630000,31965.0100
1626457535729000,0,0.15630000,31965.0100
1626457535734000,0,0.23760000,31965.0100
1626457541778000,1,0.02568006,31970.3300
1626457695756000,1,0.11660000,31985.3800
1626457695951000,0,0.48340000,31985.3700
1626457701974000,1,0.02528600,31993.9800
1626457785494000,1,0.15625229,31982.7600
1626457785598000,0,0.15625229,31982.7500
1626457786804000,0,0.15625229,31982.7500
1626457804006000,1,0.15627539,31974.7400
1626457804116000,0,0.15627539,31974.7300
1626457804293000,0,0.11680000,31974.7300
1626457804363000,0,0.04900000,31974.7300
1626457804705000,0,0.12164922,31974.7300
1626457816714000,1,0.02260223,31987.9900
1626457921899000,1,0.15618419,32000.1300
1626457921989000,0,0.15618419,32000.1200
1626457922131000,0,0.26887925,32000.1200
1626457928184000,1,0.00624782,32011.1600
1626458128376000,1,0.15608929,32015.4500
1626458128483000,0,0.15608929,32015.4400
1626458128722000,0,0.04553766,32015.4400
1626458128882000,0,0.24228376,32015.4400
1626458134775000,1,0.02467557,32015.4600
1626458297769000,1,0.15587355,32063.7500
1626458297873000,0,0.15587355,32063.7400
1626458299805000,0,0.15587355,32063.7400
1626458303823000,1,0.11610000,32063.8500
1626458304012000,0,0.04005716,32063.8400
1626458366976000,1,0.11610000,32052.5600
1626458373366000,1,0.11560000,32040.1800
1626458373366000,1,0.15596768,32040.1700
1626458373461000,0,0.15596768,32040.1700
1626458373755000,0,0.08051422,32040.1700
1626458402489000,0,0.00908600,32094.9300
1626458436294000,1,0.11650000,32037.1500
1626458458903000,0,0.49806975,32008.8400
1626458458960000,0,0.00381220,32008.8400
1626458467910000,1,0.01820000,32004.0600
1626458467910000,1,0.10375327,32004.0500
1626458505005000,1,0.11630000,32015.4900
1626458511297000,1,0.15610384,32015.2900
1626458511385000,0,0.04620574,32015.2800
1626458521936000,1,0.11710000,31987.3200
1626458546494000,1,0.15622583,31978.8200
1626458546743000,0,0.35204808,31978.8100
1626458632105000,1,0.11660000,31991.6900
1626458632592000,0,0.47373200,31991.6800
1626458632607000,0,0.00966800,31991.6800
1626458638180000,1,0.02516286,31991.5900
1626458721990000,1,0.11640000,31995.9100
1626458721990000,1,0.15620722,31992.1800
1626458722434000,0,0.01862000,31992.1700
1626458722469000,0,0.21827228,31992.1700
1626458745702000,1,0.00670000,31980.3200
1626458745702000,1,0.15625569,31980.3100
1626458746237000,0,0.01224216,31980.3100
1626458746357000,0,0.30059414,31980.3100
1626458746803000,0,0.12420801,31980.3100
1626458751700000,1,0.02539062,31980.3100
1626458754012000,0,0.04351157,32015.4900
1626458806273000,0,0.11660000,31980.4000
1626458812194000,1,0.00665706,31980.3100
1626458849783000,1,0.15636615,31957.4700
1626458849880000,0,0.15636615,31957.4600
1626458849949000,0,0.28726770,31957.4600
1626458856101000,1,0.01824144,31960.1900
1626458886942000,1,0.01251513,31961.3000
1626458892978000,1,0.15649986,31923.1400
1626458893057000,0,0.15649986,31923.1300
1626458893145000,0,0.28700028,31923.1300
1626458911771000,1,0.01395781,31953.4200
1626459131571000,1,0.11670000,31954.0000
1626459132195000,0,0.01252342,31953.9900
1626459132430000,0,0.01528800,31953.9900
1626459132816000,0,0.18541600,31953.9900
1626459133226000,0,0.27007258,31953.9900
1626459137769000,1,0.02591232,31953.9000
1626459157174000,1,0.11670000,31941.8900
1626459157519000,0,0.44995400,31941.8800
1626459163309000,1,0.00313061,31942.6200
1626459201962000,1,0.11700000,31942.7300
1626459202152000,0,0.11700000,31942.7200
1626459202838000,0,0.00098000,31942.7200
1626459208100000,1,0.15655469,31917.9500
1626459208238000,0,0.15655469,31917.9400
1626459208333000,0,0.07833179,31917.9400
1626459245580000,1,0.15658131,31917.8200
1626459245681000,0,0.15658131,31917.8100
1626459245739000,0,0.27585003,31917.8100
1626459871574000,1,0.11660000,31952.4000
1626459871852000,0,0.11710000,31952.3900
1626459899825000,1,0.15639488,31951.2100
1626459900007000,0,0.00322126,31951.2000
1626459900509000,0,0.00488530,31951.2000
1626459900585000,0,0.15639488,31951.2000
1626459900910000,0,0.00231672,31951.2000
1626459900954000,0,0.06904127,31951.2000
1626460201199000,1,0.11730000,31951.2700
1626460201442000,0,0.11710000,31951.2600
1626460207403000,1,0.15639024,31951.1700
1626460207520000,0,0.15639024,31951.1600
1626460208803000,0,0.07875447,31951.1600
1626460215404000,1,0.00100000,31951.1800
1626460444498000,1,0.11710000,31982.2400
1626460444498000,1,0.11260000,31982.1400
1626460450783000,1,0.15624899,31981.4600
1626460450880000,0,0.15624899,31981.4500
1626460451577000,0,0.00919057,31981.4500
1626460452066000,0,0.01134448,31981.4500
1626460452532000,0,0.00098000,31981.4500
1626460452800000,0,0.04998000,31981.4500
1626460452804000,0,0.01067312,31981.4500
1626460579696000,1,0.02500621,31992.0500
1626460644899000,1,0.01000000,32013.8800
1626460644899000,1,0.41481573,32013.8700
1626460672975000,1,0.11680000,32003.3600
1626460672975000,1,0.15616088,32003.2600
1626460674577000,0,0.03038000,32003.2500
1626460674805000,0,0.15615500,32003.2500
1626460674975000,0,0.00137592,32003.2500
1626460679413000,1,0.15615909,32000.6200
1626460679510000,0,0.00793148,32000.6100
1626460702778000,1,0.14822761,32000.6200
1626460702875000,0,0.15615909,32000.6100
1626460703087000,0,0.15497939,32000.6100
1626460715614000,1,0.60000000,31982.5800
1626460722347000,1,0.01000000,31993.9200
1626460722347000,1,0.01531731,31993.9100
1626460749635000,1,0.00312445,32005.5600
1626460807202000,1,0.11700000,32005.7700
1626460813367000,1,0.15614728,32005.1600
1626460813471000,0,0.15614728,32005.1500
1626460814805000,0,0.15614728,32005.1500
1626460820006000,1,0.03946238,32005.1600
1626460840985000,1,0.11670000,31995.1000
1626460847601000,1,0.15621611,31994.8400
1626460847680000,0,0.15621611,31994.8300
1626460848806000,0,0.15621611,31994.8300
1626460853694000,1,0.03975641,31994.8400
1626460882393000,1,0.15626532,31984.2400
1626460882472000,0,0.15626532,31984.2300
1626460882667000,0,0.02450000,31984.2300
1626460883286000,0,0.00098000,31984.2300
1626460883327000,0,0.25770997,31984.2300
1626460883785000,0,0.00427939,31984.2300
1626460890977000,1,0.02529362,31984.3400
1626460943374000,1,0.03440304,31973.9100
1626460984578000,1,0.04691310,31974.0100
1626460998972000,1,0.00312754,31974.0100
1626461011998000,1,0.11690000,31964.1900
1626461012191000,0,0.11680000,31964.1800
1626461013347000,0,0.00784000,31964.1800
1626461018600000,1,0.15635181,31964.0900
1626461018726000,0,0.15635181,31964.0800
1626461019806000,0,0.07147750,31964.0800
1626461030904000,1,0.11690000,31957.6200
1626461031544000,0,0.00954814,31957.6100
1626461032362000,0,0.11760000,31957.6100
1626461032736000,0,0.02192911,31957.6100
1626461046777000,1,0.00625914,31953.2400
1626461052907000,1,0.06259144,31964.1700
1626461295574000,1,0.01000000,32020.0700
1626461295574000,1,0.15607046,32020.0600
1626461295682000,0,0.15607046,32020.0600
1626461295792000,0,0.05045364,32020.0600
1626461296544000,0,0.07989901,32020.0600
1626461296805000,0,0.00656226,32020.0600
1626461402363000,1,0.06307058,32008.5800
1626461402633000,0,0.11630000,32008.5600
1626461404739000,0,0.02033892,32008.5600
1626461404967000,0,0.04900000,32008.5600
1626461405296000,0,0.00098000,32008.5600
1626461408370000,1,0.15611142,32008.5000
1626461408458000,0,0.15611142,32008.4900
1626461409110000,0,0.02548000,32008.4900
1626461409757000,0,0.00308994,32008.4900
1626461409811000,0,0.03435757,32008.4900
1626461418077000,1,0.15622121,31984.5100
1626461419802000,0,0.15622121,31984.5000
1626461424176000,1,0.15622121,31984.5100
1626461424279000,0,0.15622121,31984.5000
1626461430213000,1,0.00100000,31970.4700
1626461474386000,1,0.15627494,31970.4600
1626461480383000,1,0.15635803,31958.8100
1626461480478000,0,0.15635803,31958.8000
1626461480515000,0,0.01897237,31958.8000
1626461480907000,0,0.13719636,31958.8000
1626461514496000,1,0.15636586,31958.8000
1626461514584000,0,0.15636586,31958.7900
1626461514977000,0,0.04835024,31958.7900
1626461515155000,0,0.10976000,31958.7900
1626461515176000,0,0.07911955,31958.7900
1626461515452000,0,0.03136000,31958.7900
1626461515531000,0,0.01867849,31958.7900
1626461520496000,1,0.02581720,31955.5300
1626461542155000,1,0.11650000,31955.5300
1626461542539000,0,0.00580959,31955.5200
1626461542553000,0,0.08351645,31955.5200
1626461542649000,0,0.04666483,31955.5200
1626461542805000,0,0.00466610,31955.5200
1626461585376000,1,0.01000000,31945.0600
1626461585376000,1,0.11710000,31945.0500
1626461585396000,0,0.07940000,31945.0500
1626461585873000,0,0.15907430,31945.0500
1626461586188000,0,0.00324641,31945.0500
1626461598367000,1,0.15643434,31944.9500
1626461598491000,0,0.15643434,31944.9400
1626461598639000,0,0.00490000,31944.9400
1626461599006000,0,0.00459228,31944.9400
1626461599289000,0,0.00098000,31944.9400
1626461599513000,0,0.00068137,31944.9400
1626461599801000,0,0.15643434,31944.9400
1626461599831000,0,0.05232679,31944.9400
1626461600261000,0,0.00392000,31944.9400
1626461600928000,0,0.00098000,31944.9400
1626461604702000,1,0.08840207,31944.9500
1626461627182000,1,0.11680000,31937.5000
1626461633373000,1,0.11700000,31923.7900
1626461633536000,0,0.39265126,31923.7800
1626461661370000,1,0.15644840,31941.4100
1626461661478000,0,0.15644840,31941.4000
1626461662806000,0,0.15644840,31941.4000
1626461667599000,1,0.01000000,31928.7300
1626461667599000,1,0.14684933,31928.7200
1626461717505000,1,0.11670000,31928.8200
1626461719192000,0,0.06860000,31928.8100
1626461719375000,0,0.00558012,31928.8100
1626461719580000,0,0.00836528,31928.8100
1626461719691000,0,0.40075460,31928.8100
1626461723762000,1,0.00965698,31928.7200
1626461724229000,0,0.01641067,31928.7100
1626461724526000,0,0.00033491,31928.7100
1626461966976000,1,0.15635156,31964.3800
1626461967083000,0,0.15635156,31964.3700
1626461968813000,0,0.15635156,31964.3700
1626461973574000,1,0.01000000,31957.7200
1626461973574000,1,0.14667575,31957.7100
1626461998170000,1,0.15644025,31946.0400
1626461998596000,0,0.09506000,31946.0300
1626461999089000,0,0.00320068,31946.0300
1626461999298000,0,0.02019486,31946.0300
1626461999797000,0,0.01097894,31946.0300
1626461999808000,0,0.15644025,31946.0300
1626462000293000,0,0.00149352,31946.0300
1626462001011000,0,0.15306767,31946.0300
1626462004348000,1,0.02917410,31946.1400
1626462010504000,1,0.11720000,31946.2400
1626462010953000,0,0.10871410,31946.2300
1626462010963000,0,0.03626383,31946.2300
1626462010989000,0,0.13934132,31946.2300
1626462011056000,0,0.19322992,31946.2300
1626462097969000,1,0.15623466,31986.3000
1626462098072000,0,0.15623466,31986.2900
1626462098202000,0,0.11680000,31986.2900
1626462099041000,0,0.01519000,31986.2900
1626462099393000,0,0.15242987,31986.2900
1626462099677000,0,0.00311081,31986.2900
1626462113571000,1,0.15633367,31964.2500
1626462113674000,0,0.15633367,31964.2400
1626462113738000,0,0.28733266,31964.2400
1626462119778000,1,0.02283678,31965.9700
1626462188181000,1,0.11700000,31977.4600
1626462189009000,0,0.05389622,31977.4500
1626462194564000,1,0.00109452,31977.4400
1626462250101000,1,0.11670000,31967.7300
1626462250617000,0,0.08625947,31967.7200
1626462250930000,0,0.00309386,31967.7200
1626462251374000,0,0.03332000,31967.7200
1626462251844000,0,0.03724000,31967.7200
1626462252099000,0,0.00919399,31967.7200
1626462252751000,0,0.30772000,31967.7200
1626462256201000,1,0.03209519,31967.4000
1626462317581000,1,0.15627355,31978.1600
1626462317735000,0,0.44372645,31978.1500
1626462323784000,1,0.01000000,31982.6300
1626462323784000,1,0.01542004,31982.6200
1626462396769000,1,0.15621204,31992.2200
1626462396893000,0,0.15621204,31992.2100
1626462397654000,0,0.02009000,31992.2100
1626462397882000,0,0.05831000,31992.2100
1626462397902000,0,0.20917592,31992.2100
1626462403193000,1,0.15620298,31993.5000
1626462403315000,0,0.15620298,31993.4900
1626462403496000,0,0.07497000,31993.4900
1626462403874000,0,0.00845348,31993.4900
1626462404231000,0,0.06419000,31993.4900
1626462404793000,0,0.13998056,31993.4900
1626462432177000,1,0.11690000,31973.4500
1626462438363000,1,0.01000000,31961.0900
1626462438363000,1,0.15633565,31961.0800
1626462438465000,0,0.15633565,31961.0800
1626462438536000,0,0.18328766,31961.0800
1626462496582000,1,0.11710000,31983.4800
1626462496808000,0,0.11670000,31983.4700
1626462496817000,0,0.08084622,31983.4700
1626462496844000,0,0.15623165,31983.4700
1626462497745000,0,0.02303000,31983.4700
1626462497955000,0,0.02989000,31983.4700
1626462497987000,0,0.02754843,31983.4700
1626462498352000,0,0.04761738,31983.4700
1626462498471000,0,0.00103632,31983.4700
1626462502602000,1,0.15623332,31982.3900
1626462502683000,0,0.15623332,31982.3800
1626462502742000,0,0.28753336,31982.3800
1626462509101000,1,0.15622979,31984.6700
1626462509196000,0,0.15622979,31984.6600
1626462509432000,0,0.05194000,31984.6600
1626462509768000,0,0.03430000,31984.6600
1626462510355000,0,0.20130042,31984.6600
1626462515376000,1,0.15621878,31986.3600
1626462515481000,0,0.15621878,31986.3500
1626462515539000,0,0.28756244,31986.3500
1626462521377000,1,0.15618793,31992.1200
1626462521483000,0,0.15618793,31992.1100
1626462521690000,0,0.00662839,31992.1100
1626462521700000,0,0.05654894,31992.1100
1626462522054000,0,0.04046616,31992.1100
1626462522311000,0,0.02180010,31992.1100
1626462522551000,0,0.03871000,31992.1100
1626462522802000,0,0.12347055,31992.1100
1626462547699000,1,0.02322446,31992.1300
1626462591379000,1,0.15617006,32003.1700
1626462591462000,0,0.15617006,32003.1600
1626462591543000,0,0.28765988,32003.1600
1626462597698000,1,0.15616168,32007.1800
1626462597789000,0,0.15616168,32007.1700
1626462604183000,1,0.15616869,32003.2300
1626462604316000,0,0.15616869,32003.2200
1626462604796000,0,0.03209010,32003.2200
1626462604986000,0,0.00187964,32003.2200
1626462605193000,0,0.00313404,32003.2200
1626462605381000,0,0.04900000,32003.2200
1626462605649000,0,0.06076000,32003.2200
1626462605801000,0,0.14079884,32003.2200
1626462610976000,1,0.15610678,32016.3300
1626462612801000,0,0.15610678,32016.3200
1626462617397000,1,0.15610678,32016.3300
1626462617510000,0,0.15610678,32016.3200
1626462618812000,0,0.15610678,32016.3200
1626462623796000,1,0.15610678,32016.3300
1626462623875000,0,0.15610678,32016.3200
1626462625809000,0,0.15610678,32016.3200
1626462630171000,1,0.15610678,32016.3300
1626462630341000,0,0.44389322,32016.3200
1626462636176000,1,0.11690000,32011.8900
1626462636176000,1,0.01000000,32005.1800
1626462636176000,1,0.15608308,32005.1700
1626462636249000,0,0.01000000,32005.1600
1626462636337000,0,0.30701692,32005.1600
1626462642196000,1,0.01000000,32007.2500
1626462642196000,1,0.01193253,32007.2400
1626462660973000,1,0.15606089,32018.2400
1626462661081000,0,0.15606089,32018.2300
1626462661257000,0,0.08134000,32018.2300
1626462661513000,0,0.00098000,32018.2300
1626462667172000,1,0.15606818,32012.7300
1626462667282000,0,0.07418397,32012.7200
1626462739099000,1,0.11700000,32011.2900
1626462739470000,0,0.14828478,32011.2800
1626462739766000,0,0.15640800,32011.2800
1626462740003000,0,0.05978000,32011.2800
1626462740644000,0,0.00498918,32011.2800
1626462741197000,0,0.07661555,32011.2800
1626462741285000,0,0.03692249,32011.2800
1626462745374000,1,0.02477252,32011.2700
1626462777173000,1,0.11660000,32012.8100
1626462778700000,0,0.01461812,32012.8000
1626462779939000,0,0.05800000,32012.8000
1626462783740000,1,0.15604903,32012.6100
1626462783828000,0,0.15604903,32012.6000
1626462785806000,0,0.12341781,32012.6000
1626462803697000,1,0.11630000,32004.8700
1626462810372000,1,0.07118398,32001.5800
1626462822776000,1,0.58200000,31983.7400
1626462828898000,1,0.06333659,31968.8800
1626462835004000,1,0.11710000,31950.1200
1626462835599000,0,0.03920000,31950.1100
1626462835764000,0,0.40585751,31950.1100
1626462981201000,1,0.01000000,32000.1800
1626462981201000,1,0.11640000,32000.1700
1626462981334000,0,0.47360000,32000.1700
1626462987361000,1,0.02499696,32003.8800
1626463014705000,1,0.11640000,32003.1000
1626463017390000,0,0.15613443,32003.0900
1626463017432000,0,0.06269936,32003.0900
1626463017483000,0,0.26476621,32003.0900
1626463020781000,1,0.02493397,32004.5200
1626463099973000,1,0.03124737,32002.6900
1626463109499000,1,0.01000000,32002.7000
1626463109597000,0,0.01000000,32002.6900
1626463109676000,0,0.15609397,32002.6900
1626463109749000,0,0.41760593,32002.6900
1626463144102000,1,0.15596902,32033.7600
1626463144225000,0,0.15596902,32033.7500
1626463144854000,0,0.01176000,32033.7500
1626463145502000,0,0.07546000,32033.7500
1626463145809000,0,0.10094000,32033.7500
1626463145813000,0,0.09990196,32033.7500
1626463152891000,1,0.02434923,32033.8600
1626463194301000,0,0.58800000,32057.5100
1626463199115000,1,0.03588506,32046.7600
1626463207392000,1,0.11700000,32035.0100
1626463207541000,0,0.48300000,32035.0000
1626463213580000,1,0.02432748,32021.4000
1626463274170000,1,0.15587604,32048.9100
1626463274262000,0,0.15587604,32048.9000
1626463275804000,0,0.15587604,32048.9000
1626463280224000,1,0.15587604,32048.9100
1626463280321000,0,0.00054113,32048.9000
1626463288992000,1,0.15533491,32048.9100
1626463289102000,0,0.15587604,32048.9000
1626463289254000,0,0.03827096,32048.9000
1626463289715000,0,0.01274000,32048.9000
1626463290046000,0,0.00264387,32048.9000
1626463290309000,0,0.01281056,32048.9000
1626463290636000,0,0.00299183,32048.9000
1626463420680000,1,0.15594079,32047.2300
1626463420806000,0,0.15594079,32047.2200
1626463422801000,0,0.15594079,32047.2200
1626463426701000,1,0.15594079,32047.2300
1626463426788000,0,0.00032856,32047.2200
1626463440974000,1,0.01560843,32033.9700
1626463446839000,1,0.15599566,32033.8700
1626463447802000,0,0.01000000,32033.8500
1626463447802000,0,0.14599566,32033.8600
1626463449803000,0,0.15599566,32033.8600
1626463452903000,1,0.15599566,32033.8700
1626463453027000,0,0.01032829,32033.8600
1626463482969000,1,0.15593955,32046.9500
1626463483078000,0,0.15593955,32046.9400
1626463483144000,0,0.28812090,32046.9400
1626463489776000,1,0.15593464,32048.1900
1626463489907000,0,0.15593464,32048.1800
1626463489936000,0,0.28813072,32048.1800
1626463495793000,1,0.02317486,32060.6000
1626463531969000,1,0.15598503,32038.2300
1626463533804000,0,0.15598503,32038.2200
1626463538372000,1,0.15598503,32038.2300
1626463538505000,0,0.15598503,32038.2200
1626463539805000,0,0.00031310,32038.2200
1626463547392000,1,0.15608508,32011.8000
1626463547549000,0,0.44391492,32011.7900
1626463553684000,1,0.02476867,32016.2400
1626463569885000,1,0.11650000,32016.2400
1626463570233000,0,0.00098000,32016.2300
1626463570525000,0,0.34806779,32016.2300
1626463570557000,0,0.13414786,32016.2300
1626463592174000,1,0.15608476,32016.5600
1626463592809000,0,0.15608476,32016.5500
1626463593673000,0,0.07851863,32016.5500
1626463594801000,0,0.15608476,32016.5500
1626463598596000,1,0.07792842,32016.5600
1626463605352000,1,0.07815634,32016.5600
1626463605465000,0,0.15608476,32016.5500
1626463606806000,0,0.15608476,32016.5500
1626463617374000,1,0.15613339,32005.4700
1626463618025000,0,0.21510921,32005.4600
1626463618043000,0,0.22875740,32005.4600
1626463623569000,1,0.02184147,32003.3400
1626463677700000,1,0.13429315,32003.3400
1626463683800000,1,0.15620643,31993.5100
1626463683911000,0,0.15620643,31993.5000
1626463683936000,0,0.17840543,31993.5000
1626463720696000,1,0.15619498,31993.4700
1626463721806000,0,0.15619498,31993.4600
1626463722411000,0,0.27768228,31993.4600
1626463722443000,0,0.00992776,31993.4600
1626463726902000,1,0.02513012,31993.4700
1626463753594000,1,0.00624890,32005.6300
1626463767995000,1,0.11640000,31998.4500
1626463774453000,1,0.15620235,31994.4300
1626463774553000,0,0.15620235,31994.4200
1626463780500000,1,0.15630310,31969.9800
1626463780620000,0,0.15586475,31969.9700
1626463801978000,1,0.15640294,31942.5900
1626463802072000,0,0.15640294,31942.5800
1626463802137000,0,0.00025577,31942.5800
1626463803043000,0,0.01000000,31973.3000
1626463845193000,1,0.15636117,31959.4000
1626463845326000,0,0.15636117,31959.3900
1626463845530000,0,0.01200000,31959.3900
1626463845554000,0,0.08260487,31959.3900
1626463845569000,0,0.04900000,31959.3900
1626463846805000,0,0.14367279,31959.3900
1626463851984000,1,0.11660000,31959.5100
1626463852434000,0,0.00294000,31959.5000
1626463852437000,0,0.48046000,31959.5000
1626463858372000,1,0.02340433,31959.8900
1626463867974000,1,0.11700000,31947.9200
1626463868518000,0,0.47334000,31947.9100
1626463868729000,0,0.00966000,31947.9100
1626463874174000,1,0.11720000,31946.4600
1626463875378000,0,0.05321697,31946.4500
1626463875379000,0,0.09494440,31946.4500
1626463876130000,0,0.32794586,31946.4500
1626463880552000,1,0.11670000,31935.0200
1626463880730000,0,0.07351182,31935.0100
1626463880742000,0,0.12536650,31935.0100
1626463886768000,1,0.11720000,31936.5300
1626463887518000,0,0.00673064,31936.5200
1626463887686000,0,0.00131778,31936.5200
1626463892951000,1,0.14090907,31909.3500
1626463892955000,0,0.11690000,31909.3400
1626463893426000,0,0.01211292,31909.3400
1626463893564000,0,0.01029000,31909.3400
1626463895809000,0,0.14090907,31909.3400
1626463895908000,0,0.17887894,31909.3400
1626463899098000,1,0.02676323,31909.4500
1626463923773000,1,0.11740000,31896.1800
1626463924250000,0,0.01078000,31896.1700
1626463924609000,0,0.00283416,31896.1700
1626463924810000,0,0.00294000,31896.1700
1626463925017000,0,0.09099986,31896.1700
1626463925420000,0,0.37504598,31896.1700
1626463929979000,1,0.02702526,31896.0800
1626463936321000,1,0.05126882,31896.0800
1626463936733000,0,0.09016000,31896.0700
1626463937037000,0,0.45739084,31896.0700
1626464003804000,1,0.01566146,31906.7400
1626464003876000,0,0.04075295,31906.7300
1626464009967000,1,0.01567767,31868.1100
1626464010063000,0,0.11700000,31868.1000
1626464010084000,0,0.01567767,31868.1000
1626464010682000,0,0.03670688,31868.1000
1626464010788000,0,0.38604162,31868.1000
1626464011923000,0,0.00880000,31902.3400
1626464019190000,1,0.05647911,31870.1900
1626464037996000,1,0.11680000,31893.9500
1626464040567000,0,0.48320000,31893.9400
1626464044504000,1,0.01566455,31899.6400
1626464044738000,0,0.01142039,31899.6300
1626464132100000,1,0.01566272,31903.3800
1626464133803000,0,0.01566272,31903.3700
1626464138509000,1,0.01566272,31903.3800
1626464138590000,0,0.01566272,31903.3700
1626464139816000,0,0.01566272,31903.3700
1626464144772000,1,0.06210601,31893.8500
1626464144939000,0,0.48662046,31893.8400
1626464147145000,1,0.00206780,31924.7000
1626464151225000,1,0.00019520,31924.7000
1626464157571000,1,0.11730000,31902.9100
1626464158517000,0,0.01274000,31902.9000
1626464158994000,0,0.00307034,31902.9000
1626464159380000,0,0.02254000,31902.9000
1626464159418000,0,0.07909727,31902.9000
1626464159428000,0,0.04076452,31902.9000
1626464159458000,0,0.01340704,31902.9000
1626464159473000,0,0.00835242,31902.9000
1626464159473000,0,0.04629469,31902.9000
1626464159546000,0,0.04584608,31902.9000
1626464159572000,0,0.04000000,31902.9000
1626464160018000,0,0.09438800,31902.9000
1626464160058000,0,0.07619964,31902.9000
1626464163978000,1,0.02670611,31902.8000
1626464192980000,0,0.00470498,31887.4600
1626464193032000,0,0.10448279,31887.4600
1626464193038000,0,0.00697567,31887.4600
1626464193192000,0,0.01176000,31887.4600
1626464193534000,0,0.47207656,31887.4600
1626464198706000,1,0.02722810,31878.8300
1626464387702000,1,0.15665912,31898.0700
1626464387805000,0,0.07532983,31898.0600
1626464401705000,1,0.15667979,31888.3900
1626464401787000,0,0.15667979,31888.3800
1626464403728000,0,0.02620784,31888.3800
1626464403807000,0,0.15667979,31888.3800
1626464404247000,0,0.04300000,31888.3800
1626464408201000,1,0.08793168,31888.3900
1626464540974000,1,0.00980000,31921.5800
1626464541472000,1,0.00020000,31921.5800
1626464547581000,1,0.11670000,31908.7500
1626464550115000,0,0.07682159,31908.7400
1626464550337000,0,0.05880000,31908.7400
1626464562778000,1,0.11690000,31885.2300
1626464563224000,0,0.19600000,31885.2200
1626464563861000,0,0.07742000,31885.2200
1626464563974000,0,0.01609026,31885.2200
1626464564513000,0,0.19358974,31885.2200
1626464569163000,1,0.02546647,31885.0600
1626464576573000,1,0.15675327,31870.9800
1626464576668000,0,0.15675327,31870.9700
1626464576737000,0,0.28578472,31870.9700
1626464632569000,1,0.11720000,31873.5600
1626464632769000,0,0.11710000,31873.5500
1626464633533000,0,0.00792311,31873.5500
1626464633582000,0,0.00980060,31873.5500
1626464633717000,0,0.01084879,31873.5500
1626464633733000,0,0.01472711,31873.5500
1626464638601000,1,0.15679006,31871.1900
1626464638712000,0,0.15679006,31871.1800
1626464639805000,0,0.03629699,31871.1800
1626464659421000,1,0.12049307,31871.1900
1626464659537000,0,0.15561836,31871.1800
1626464681318000,1,0.00627600,31868.0000
1626464687388000,1,0.15684979,31862.1100
1626464687480000,0,0.15684979,31862.1000
1626464687617000,0,0.28630042,31862.1000
1626464693774000,1,0.02143502,31863.7400
1626464735250000,1,0.15685316,31862.4700
1626464736805000,0,0.15685316,31862.4600
1626464736883000,0,0.28629368,31862.4600
1626464741369000,1,0.02770910,31866.7800
1626464825702000,1,0.11720000,31868.1200
1626464827678000,0,0.15681661,31868.1100
1626464828510000,0,0.32598339,31868.1100
1626464831966000,1,0.02758005,31870.8600
1626464945975000,1,0.01882361,31874.8600
1626464952002000,1,0.15682644,31864.2000
1626464952099000,0,0.15682644,31864.1900
1626464952396000,0,0.28634712,31864.1900
1626464958175000,1,0.02764750,31865.4400
1626464964695000,1,0.01000000,31865.4500
1626464964695000,1,0.08100765,31865.4400
1626464971106000,1,0.04816715,31865.4400
1626464971961000,0,0.01459677,31865.4300
1626464999971000,1,0.01882917,31865.4400
1626465115579000,1,0.15667045,31896.6600
1626465115696000,0,0.15667045,31896.6500
1626465116802000,0,0.15667045,31896.6500
1626465118804000,0,0.12998865,31896.6500
1626465124297000,1,0.01000000,31886.7000
1626465124297000,1,0.01703321,31886.6900
1626465146690000,1,0.13968103,31886.6900
1626465149381000,1,0.15676313,31875.8200
1626465149501000,0,0.15676313,31875.8100
1626465150566000,0,0.28647374,31875.8100
1626465155572000,1,0.01000000,31888.1700
1626465155572000,1,0.01743964,31888.1600
1626465366354000,0,0.00538999,31935.1200
1626465377309000,1,0.15660499,31912.2800
1626465378928000,0,0.04604522,31912.2700
1626465378976000,0,0.03200000,31912.2700
1626465379027000,0,0.03821297,31912.2700
1626465380183000,0,0.01262286,31912.2700
1626465383517000,1,0.15657408,31905.5000
1626465383601000,0,0.15657408,31905.4900
1626465384464000,0,0.02757813,31905.4900
1626465384644000,0,0.00056282,31905.4900
1626465399178000,1,0.06268630,31872.9900
1626465399178000,1,0.11750000,31872.9800
1626465399335000,0,0.41981370,31872.9800
1626465420778000,1,0.02750453,31885.6500
1626465604756000,1,0.01414000,31883.3100
1626465805242000,1,0.15648305,31926.7500
1626465805364000,0,0.15648305,31926.7400
1626465806803000,0,0.15648305,31926.7400
1626465811567000,1,0.01000000,31914.2200
1626465811567000,1,0.14704598,31914.2100
1626465949785000,1,0.01000000,31914.7500
1626465949785000,1,0.05580029,31914.7400
1626466052496000,1,0.15665561,31898.7200
1626466053805000,0,0.15665561,31898.7100
1626466058904000,1,0.15665561,31898.7200
1626466058986000,0,0.15665561,31898.7100
1626466060730000,0,0.00033772,31898.7100
1626466080714000,1,0.11700000,31893.2500
1626466086776000,1,0.15673426,31885.2300
1626466086897000,0,0.15673426,31885.2200
1626466086933000,0,0.19676772,31885.2200
1626466124377000,1,0.15673589,31887.4700
1626466124502000,0,0.15673589,31887.4600
1626466130898000,1,0.15677988,31875.2800
1626466130974000,0,0.15677988,31875.2700
1626466131316000,0,0.00028846,31875.2700
1626466146313000,1,0.15682631,31864.8700
1626466147537000,0,0.00840742,31864.8600
1626466147803000,0,0.15682631,31864.8600
1626466147864000,0,0.00294000,31864.8600
1626466148049000,0,0.07506800,31864.8600
1626466148116000,0,0.14378797,31864.8600
1626466149062000,0,0.03136000,31864.8600
1626466152979000,1,0.05244003,31864.9700
1626466504185000,1,0.11720000,31932.4500
1626466510776000,1,0.15653674,31923.6900
1626466511801000,0,0.15653674,31923.6800
1626466519900000,1,0.15664047,31898.3800
1626466519995000,0,0.15664047,31898.3700
1626466520470000,0,0.00092120,31898.3700
1626466520969000,0,0.00908338,31898.3700
1626466521173000,0,0.00091860,31898.3700
1626466521806000,0,0.15664047,31898.3700
1626466521924000,0,0.11915541,31898.3700
1626466526006000,1,0.02583203,31898.3800
1626466673903000,1,0.15681266,31864.9200
1626466674417000,0,0.00147000,31864.9100
1626466674627000,0,0.43432359,31864.9100
1626466675037000,0,0.00739375,31864.9100
1626466679964000,1,0.01000000,31876.4900
1626466679964000,1,0.01763793,31876.4800
1626466729594000,1,0.01000000,31848.8200
1626466729594000,1,0.15687433,31848.8100
1626466729718000,0,0.15687433,31848.8100
1626466729739000,0,0.27625134,31848.8100
1626466735982000,1,0.01000000,31850.6300
1626466735982000,1,0.01797432,31850.6200
1626466890839000,0,0.00980000,31905.6400
1626467056171000,1,0.15667593,31893.2400
1626467056339000,0,0.02832388,31893.2300
1626467056539000,0,0.02818872,31893.2300
1626467056882000,0,0.03626000,31893.2300
1626467057355000,0,0.02509363,31893.2300
1626467057481000,0,0.32545784,31893.2300
1626467062443000,1,0.01000000,31893.2700
1626467062443000,1,0.01709035,31893.2600
1626467538396000,1,0.01000000,31872.6500
1626467538396000,1,0.15675469,31872.6400
1626467538473000,0,0.01000000,31872.6400
1626467538492000,0,0.15675469,31872.6400
1626467538540000,0,0.26649062,31872.6400
1626467550994000,1,0.02746729,31892.4700
1626467641187000,1,0.01000000,31879.9500
1626467641187000,1,0.15673294,31879.9400
1626467641283000,0,0.15673294,31879.9400
1626467641400000,0,0.06864676,31879.9400
1626467642410000,0,0.06864679,31879.9400
1626467642805000,0,0.13924057,31879.9400
1626467647171000,1,0.01749237,31879.9400
1626467647299000,0,0.00986025,31879.9300
1626467704246000,0,0.01000000,31917.2600
1626467707258000,1,0.15658445,31905.4900
1626467707343000,0,0.44205860,31905.4800
1626467753898000,1,0.15663971,31906.6300
1626467753995000,0,0.15663971,31906.6200
1626467755804000,0,0.15663971,31906.6200
1626467760173000,1,0.15662696,31899.2800
1626467760270000,0,0.00033583,31899.2700
1626468000201000,1,0.15654672,31922.1400
1626468000281000,0,0.15654672,31922.1300
1626468001546000,0,0.15653916,31922.1300
1626468006376000,1,0.15653916,31917.0400
1626468006497000,0,0.00036762,31917.0300
1626468015697000,1,0.15667069,31891.8100
1626468016803000,0,0.15667069,31891.8000
1626468021778000,1,0.15667069,31891.8100
1626468021868000,0,0.15667069,31891.8000
1626468023805000,0,0.00043823,31891.8000
1626468393968000,1,0.15662064,31905.7500
1626468394059000,0,0.15662064,31905.7400
1626468394465000,0,0.10976000,31905.7400
1626468394769000,0,0.00098000,31905.7400
1626468395019000,0,0.17601872,31905.7400
1626468409404000,1,0.01000000,31905.7600
1626468409404000,1,0.01686035,31905.7500
1626468605969000,1,0.08776295,31904.1200
1626468685996000,1,0.15672109,31878.9900
1626468686074000,0,0.13187023,31878.9800
1626468707585000,1,0.02485086,31878.9900
1626468708802000,0,0.15672109,31878.9800
1626468713787000,1,0.15672109,31878.9900
1626468713874000,0,0.00046707,31878.9800
1626468720003000,1,0.11740000,31870.7100
1626468721435000,0,0.00686000,31870.7000
1626468721888000,0,0.06762000,31870.7000
1626468722088000,0,0.03136000,31870.7000
1626468722324000,0,0.00196000,31870.7000
1626468722807000,0,0.02744000,31870.7000
1626468723097000,0,0.00686000,31870.7000
1626468723129000,0,0.20801390,31870.7000
1626468909410000,1,0.01000000,31838.3500
1626468909410000,1,0.15694564,31838.3400
1626468909520000,0,0.15694564,31838.3400
1626468909544000,0,0.27610872,31838.3400
1626468915568000,1,0.02815876,31855.0900
1626468993776000,1,0.22670000,31876.5800
1626469084386000,1,0.06206395,31854.2400
1626469084386000,1,0.15685946,31854.2300
1626469084515000,0,0.15685946,31854.2300
1626469084537000,0,0.22421713,31854.2300
1626469090514000,1,0.02702918,31854.4600
1626469205088000,1,0.01414000,31806.7000
1626469348037000,1,0.09044987,31808.4300
1626469395494000,1,0.15710043,31808.0400
1626469395603000,0,0.15710043,31808.0300
1626469395854000,0,0.00649365,31808.0300
1626469396094000,0,0.15190000,31808.0300
1626469396804000,0,0.06572850,31808.0300
1626469998179000,1,0.01000000,31838.5800
1626470041255000,1,0.03719893,31748.6200
1626470041255000,1,0.15735629,31748.6100
1626470041336000,0,0.40544478,31748.6100
1626470047377000,1,0.00630200,31739.0000
1626470048933000,0,0.00548408,31738.9900
1626470049583000,0,0.01388464,31738.9900
1626470105434000,1,0.00310000,31722.0500
1626470154614000,1,0.00119925,31686.2000
1626470200972000,1,0.11800000,31709.5500
1626470201417000,0,0.00521458,31709.5400
1626470201618000,0,0.03626000,31709.5400
1626470201865000,0,0.04744999,31709.5400
1626470202297000,0,0.00173754,31709.5400
1626470202926000,0,0.08855216,31709.5400
1626470203613000,0,0.29673002,31709.5400
1626470207167000,1,0.03677137,31709.4500
1626470238941000,1,0.15757713,31709.4400
1626470239045000,0,0.15757713,31709.4300
1626470239145000,0,0.28484574,31709.4300
1626470244973000,1,0.01000000,31709.9500
1626470245048000,0,0.02074744,31709.9400
1626470344457000,1,0.01000000,31746.8100
1626470344457000,1,0.15739334,31746.8000
1626470344552000,0,0.43260666,31746.8000
1626470350602000,1,0.02994485,31758.3800
1626470391299000,1,0.11750000,31746.3100
1626470391870000,0,0.04116000,31746.3000
1626470392092000,0,0.01764000,31746.3000
1626470392446000,0,0.00127400,31746.3000
1626470393480000,0,0.21493607,31746.3000
1626470393503000,0,0.00438645,31746.3000
1626470400617000,1,0.03723871,31732.7400
1626470400617000,1,0.11750000,31732.7300
1626470400758000,0,0.44526129,31732.7300
1626470406878000,1,0.02040000,31733.5600
1626470406878000,1,0.00988339,31733.5500
1626470413782000,1,0.04810000,31733.6200
1626470413782000,1,0.01000000,31733.6100
1626470413935000,0,0.31374538,31733.6100
1626470484773000,1,0.01000000,31783.3200
1626470484773000,1,0.15724664,31783.3100
1626470484878000,0,0.15724664,31783.3100
1626470484940000,0,0.27550672,31783.3100
1626470490989000,1,0.02925688,31787.3900
1626470575312000,1,0.01000000,31801.4500
1626470575312000,1,0.36310000,31801.4500
1626470575312000,1,0.15710357,31801.4400
1626470575402000,0,0.01000000,31801.4400
1626470575414000,0,0.05979643,31801.4400
1626470581540000,1,0.01000000,31801.4700
1626470581540000,1,0.01000000,31801.4600
1626470581540000,1,0.36320000,31801.4600
1626470581794000,0,0.05943996,31801.4500
1626470583344000,0,0.04780943,31801.4500
1626470584282000,0,0.02857983,31801.4500
1626470587600000,1,0.36310000,31789.5700
1626470587600000,1,0.15717340,31789.5600
1626470587700000,0,0.07972660,31789.5600
1626470593891000,1,0.02639231,31789.5600
1626470813898000,1,0.15714866,31799.3100
1626470813982000,0,0.15714866,31799.3000
1626470814301000,0,0.13916000,31799.3000
1626470814544000,0,0.00098000,31799.3000
1626470814807000,0,0.01176000,31799.3000
1626470814901000,0,0.07707529,31799.3000
1626470814929000,0,0.02993039,31799.3000
1626470815011000,0,0.02679700,31799.3000
1626470820100000,1,0.15714583,31799.9200
1626470820218000,0,0.15714583,31799.9100
1626470820876000,0,0.00124264,31799.9100
1626470821164000,0,0.27999417,31799.9100
1626470821212000,0,0.00447153,31799.9100
1626470848170000,1,0.01000000,31799.9300
1626470848170000,1,0.01644659,31799.9200
1626470879797000,1,0.06275913,31778.6400
1626470879797000,1,0.01000000,31778.6400
1626470879932000,0,0.52724087,31778.6400
1626470886325000,1,0.02935683,31781.3600
1626471152705000,0,0.01000000,31772.0200
1626471152990000,0,0.13720000,31777.0800
1626471153108000,0,0.08680000,31777.0800
1626471541772000,1,0.01573237,31781.6000
1626471735705000,1,0.15714853,31800.9800
1626471735789000,0,0.15714853,31800.9700
1626471736223000,0,0.19820010,31800.9700
1626471736412000,0,0.00621810,31800.9700
1626471736821000,0,0.05096000,31800.9700
1626471737066000,0,0.03032474,31800.9700
1626471742171000,1,0.11720000,31801.0800
1626471742645000,0,0.05292000,31801.0700
1626471743161000,0,0.02744000,31801.0700
1626471743602000,0,0.00588000,31801.0700
1626471744308000,0,0.00490000,31801.0700
1626471748167000,1,0.10230000,31800.9900
1626471748167000,1,0.15714853,31800.9800
1626471748270000,0,0.15714853,31800.9800
1626471748986000,0,0.01232216,31800.9800
1626471749465000,0,0.02450000,31800.9800
1626471749805000,0,0.14658078,31800.9800
1626471754495000,1,0.10840000,31800.9900
1626471754495000,1,0.01056775,31800.9800
1626471755150000,0,0.27538000,31800.9800
1626471755529000,0,0.01372000,31800.9800
1626471755804000,0,0.15714853,31800.9800
1626471756115000,0,0.00896504,31800.9800
1626471756443000,0,0.02581868,31800.9800
1626471760721000,1,0.10880000,31800.9900
1626471760721000,1,0.15714853,31800.9800
1626471760828000,0,0.15714853,31800.9800
1626471761080000,0,0.10830000,31800.9800
1626471762404000,0,0.00784000,31800.9800
1626471762721000,0,0.06076294,31800.9800
1626471766897000,1,0.01110000,31800.9900
1626471766897000,1,0.15714853,31800.9800
1626471767001000,0,0.15714853,31800.9700
1626471767774000,0,0.05144020,31800.9700
1626471767967000,0,0.22316274,31800.9700
1626471775539000,1,0.15714853,31800.9800
1626471775569000,0,0.01860000,31800.9700
1626471775675000,0,0.15714853,31800.9700
1626471775963000,0,0.02542610,31800.9700
1626471776088000,0,0.14322603,31800.9700
1626471776107000,0,0.05297551,31800.9700
1626471776142000,0,0.04547530,31800.9700
1626471782297000,1,0.02260000,31801.0000
1626471782297000,1,0.01000000,31800.9900
1626471782297000,1,0.15714853,31800.9800
1626471782415000,0,0.15714853,31800.9800
1626471782468000,0,0.01008872,31800.9800
1626471783107000,0,0.04893728,31800.9800
1626471783601000,0,0.01014707,31800.9800
1626471783802000,0,0.15714853,31800.9800
1626471784725000,0,0.02624571,31800.9800
1626471784813000,0,0.00053563,31800.9800
1626471788570000,1,0.15714853,31800.9800
1626471788696000,0,0.15714853,31800.9700
1626471789173000,0,0.00184926,31800.9700
1626471789698000,0,0.28385368,31800.9700
1626471801803000,1,0.15714853,31800.9800
1626471801908000,0,0.15714853,31800.9700
1626471802101000,0,0.00512637,31800.9700
1626471802444000,0,0.09204182,31800.9700
1626471802545000,0,0.00098000,31800.9700
1626471802796000,0,0.00196000,31800.9700
1626471803535000,0,0.00196000,31800.0000
1626471803539000,0,0.00114000,31800.0000
1626471803806000,0,0.15714853,31800.9700
1626471804133000,0,0.00879746,31800.9700
1626471808003000,1,0.15714853,31800.9800
1626471808105000,0,0.15714853,31800.9700
1626471808355000,0,0.02352000,31800.9700
1626471808609000,0,0.00340942,31800.9700
1626471808643000,0,0.01533018,31800.9700
1626471808654000,0,0.01533018,31800.9700
1626471808785000,0,0.00490000,31800.9700
1626471809639000,0,0.00481866,31800.9700
1626471809804000,0,0.15714853,31800.9700
1626471810127000,0,0.06124597,31800.9700
1626471814177000,1,0.15714853,31800.9800
1626471814283000,0,0.15714853,31800.9700
1626471814438000,0,0.15288000,31800.9700
1626471815115000,0,0.01666098,31800.9700
1626471815486000,0,0.11616196,31800.9700
1626471848978000,1,0.00900000,31790.5800
1626471848978000,1,0.15718894,31790.5700
1626471849098000,0,0.15718894,31790.5700
1626471850016000,0,0.01221380,31790.5700
1626471850037000,0,0.14190437,31790.5700
1626471850225000,0,0.08048897,31790.5700
1626471850245000,0,0.04201498,31790.5700
1626471855494000,1,0.02636001,31790.5700
1626471864774000,1,0.15731245,31766.2600
1626471864868000,0,0.15731245,31766.2500
1626471865409000,0,0.27966760,31766.2500
1626471865432000,0,0.00570750,31766.2500
1626471880183000,1,0.02963588,31752.0500
1626471927575000,1,0.00560000,31776.1000
1626471927575000,1,0.01000000,31776.0900
1626471927738000,0,0.02845827,31776.0900
1626471965014000,1,0.03721946,31777.8100
1626471965139000,0,0.56278054,31777.8000
1626471971451000,1,0.01230000,31771.4000
1626471971451000,1,0.01706603,31771.3900
1626472094602000,1,0.13980000,31794.2700
1626472094602000,1,0.15717552,31794.2600
1626472094974000,0,0.15717366,31794.2600
1626472095800000,0,0.14293380,31794.2600
1626472096308000,0,0.00291702,31794.2600
1626472101169000,1,0.07250000,31794.4100
1626472101449000,0,0.15716519,31794.4000
1626472101646000,0,0.37033481,31794.4000
1626472107369000,1,0.14320000,31795.2200
1626472107369000,1,0.01000000,31795.2100
1626472107580000,0,0.15715897,31795.2100
1626472107717000,0,0.02660990,31795.2100
1626472108347000,0,0.02254000,31795.2100
1626472108457000,0,0.24049113,31795.2100
1626472113582000,1,0.02736188,31796.0600
1626472213972000,1,0.15726105,31774.1400
1626472214400000,0,0.00294000,31774.1300
1626472214797000,0,0.00098000,31774.1300
1626472215045000,0,0.03528000,31774.1300
1626472215624000,0,0.04704000,31774.1300
1626472215646000,0,0.14859895,31774.1300
1626472215662000,0,0.20790000,31774.1300
1626472220167000,1,0.02942635,31774.2400
1626472366773000,1,0.15727315,31775.7500
1626472366866000,0,0.15727315,31775.7400
1626472367505000,0,0.01862000,31775.7400
1626472367555000,0,0.24081817,31775.7400
1626472367833000,0,0.02601553,31775.7400
1626472381199000,1,0.01000000,31775.7600
1626472381199000,1,0.01942494,31775.7500
1626472403975000,1,0.01000000,31763.4600
1626472403975000,1,0.02148271,31763.4500
1626472724974000,1,0.15747946,31730.7700
1626472725084000,0,0.15747946,31730.7600
1626472725945000,0,0.00019258,31730.7600
1626472768178000,1,0.15752510,31719.1700
1626472768255000,0,0.15752510,31719.1600
1626472768716000,0,0.09310000,31719.1600
1626472768958000,0,0.19184980,31719.1600
1626472776317000,1,0.03051782,31719.1700
1626472804635000,1,0.01414000,31719.1700
1626472805168000,1,0.11286728,31719.1700
1626472805252000,0,0.15752510,31719.1600
1626472805893000,0,0.12348000,31719.1600
1626472806090000,0,0.05380642,31719.1600
1626472835254000,1,0.15753042,31716.7500
1626472835337000,0,0.44246958,31716.7400
1626472841554000,1,0.03058205,31717.9500
1626472878975000,1,0.12694295,31717.9500
1626472879100000,0,0.15752500,31717.9400
1626472880646000,0,0.04845255,31717.9400
1626472880802000,0,0.15752500,31717.9400
1626472885375000,1,0.14010993,31717.9500
1626472931628000,0,0.00980000,31756.6600
1626472931736000,0,0.00020000,31756.6600
1626472966773000,1,0.53800000,31746.4200
1626472967436000,0,0.00392000,31746.4100
1626472967648000,0,0.05808000,31746.4100
1626472973388000,1,0.02998134,31753.0800
1626472984493000,1,0.15744710,31742.4100
1626472984586000,0,0.15744710,31742.4000
1626472985092000,0,0.00186886,31742.4000
1626472985411000,0,0.02871400,31742.4000
1626472985803000,0,0.15744710,31742.4000
1626472985935000,0,0.09707584,31742.4000
1626472990514000,1,0.03008387,31744.5800
1626473111664000,1,0.01000000,31741.6500
1626473111664000,1,0.15742544,31741.6400
1626473111737000,0,0.43257456,31741.6400
1626473117581000,1,0.03008285,31745.6600
1626473165724000,0,0.00159520,31807.8700
1626473914374000,1,0.15709401,31812.4500
1626473914679000,0,0.43404787,31812.4400
1626473914700000,0,0.00063700,31812.4400
1626473914905000,0,0.00087318,31812.4400
1626473915166000,0,0.00098000,31812.4400
1626473915389000,0,0.00242256,31812.4400
1626473915810000,0,0.00394538,31812.4400
1626473937374000,1,0.02867789,31801.5000
1626474100569000,1,0.04402227,31802.0800
1626474107658000,0,0.00196000,31802.1700
1626474107878000,0,0.06092877,31802.1700
1626474596573000,1,0.45750000,31759.0000
1626474596573000,1,0.14250000,31758.9900
1626474609162000,1,0.02976688,31746.6900
1626474618315000,1,0.12762423,31746.6900
1626474618444000,0,0.15739111,31746.6800
1626474619353000,0,0.00784000,31746.6800
1626474619806000,0,0.15739111,31746.6800
1626474620353000,0,0.01688442,31746.6800
1626474620853000,0,0.00980000,31746.6800
1626474624394000,1,0.15305532,31746.6900
1626474736178000,1,0.15746997,31733.5300
1626474736271000,0,0.15746997,31733.5200
1626474736641000,0,0.16089744,31733.5200
1626474773987000,1,0.15441080,31733.5300
1626474784378000,1,0.11780000,31727.5300
1626474785194000,0,0.00833000,31727.5200
1626474785415000,0,0.00392000,31727.5200
1626474785618000,0,0.00489902,31727.5200
1626474786265000,0,0.09800000,31727.5200
1626474786810000,0,0.15752580,31727.5200
1626474790375000,1,0.08544374,31728.4800
1626474819371000,1,0.15752585,31728.4700
1626474819484000,0,0.13243455,31728.4600
1626474870531000,1,0.00080653,31697.0600
1626474870531000,1,0.15762998,31697.0500
1626474870736000,0,0.44156349,31697.0500
1626474876395000,1,0.03097734,31700.5900
1626474902005000,1,0.11760000,31687.9900
1626474902427000,0,0.01214653,31687.9800
1626474902441000,0,0.47025347,31687.9800
1626474908173000,1,0.02483463,31689.6100
1626474909060000,0,0.01000000,31712.4000
1626475046700000,1,0.11780000,31681.0400
1626475046923000,0,0.03148925,31681.0300
1626475046930000,0,0.01604294,31681.0300
1626475047299000,0,0.05194000,31681.0300
1626475047915000,0,0.00299488,31681.0300
1626475048273000,0,0.04900000,31681.0300
1626475048368000,0,0.30871947,31681.0300
1626475048569000,0,0.00833000,31681.0300
1626475048611000,0,0.01368346,31681.0300
1626475052993000,1,0.03131220,31680.9400
1626475084244000,1,0.11780000,31671.6600
1626475085741000,0,0.37654301,31671.6500
1626475085757000,0,0.10556239,31671.6500
1626475121554000,1,0.01000000,31670.7000
1626475121554000,1,0.02157492,31670.6900
1626475153115000,1,0.13090000,31660.0100
1626475153130000,0,0.11780000,31660.0000
1626475153756000,0,0.02731260,31660.0000
1626475154355000,0,0.02714306,31660.0000
1626475183666000,1,0.03737614,31631.9100
1626475183666000,1,0.15793300,31631.9000
1626475183750000,0,0.02320000,31631.8900
1626475184608000,0,0.01465682,31631.8900
1626475184701000,0,0.05085468,31631.8900
1626475184715000,0,0.04482460,31631.8900
1626475205309000,1,0.11780000,31641.2600
1626475205562000,0,0.11800000,31641.2500
1626475206098000,0,0.00490000,31641.2500
1626475206366000,0,0.19600000,31641.2500
1626475207338000,0,0.16003400,31641.2500
1626475207966000,0,0.00320068,31641.2500
1626475211397000,1,0.03214975,31633.2100
1626475220579000,1,0.15800601,31619.7800
1626475220673000,0,0.15800601,31619.7700
1626475221066000,0,0.00098000,31619.7700
1626475221533000,0,0.28300798,31619.7700
1626475227379000,1,0.03251129,31619.7800
1626475261516000,1,0.46000000,31619.3900
1626475262194000,0,0.01155910,31619.3800
1626475262712000,0,0.01000000,31619.3700
1626475262712000,0,0.12844090,31619.3800
1626475262712000,0,0.00855910,31619.7300
1626475263593000,0,0.00980000,31620.5000
1626475267582000,1,0.00632600,31611.0000
1626475268240000,0,0.02570143,31610.9900
1626475268259000,0,0.00052452,31610.9900
1626475268798000,0,0.00107310,31617.3100
1626475298372000,1,0.15818726,31577.4600
1626475298797000,0,0.44181274,31577.4500
1626475304789000,1,0.03334656,31577.4700
1626475350611000,0,0.00203800,31613.4300
1626475396903000,1,0.03742949,31588.4900
1626475396903000,1,0.15810224,31588.4800
1626475397627000,0,0.00980000,31588.4800
1626475398072000,0,0.03430000,31588.4800
1626475398135000,0,0.05074305,31588.4800
1626475398802000,0,0.15810224,31588.4800
1626475398930000,0,0.00490000,31588.4800
1626475399449000,0,0.07943917,31588.4800
1626475402973000,1,0.03744370,31588.4900
1626475402973000,1,0.06287765,31588.4800
