timestamp ms,type,amount,price
1627516951935000,1,0.01054001,39931.6000
1627517614330000,0,0.00490588,40110.0000
1627517614961000,0,0.00009412,40110.0000
1627517614961000,0,0.00000600,40110.0000
1627518072855000,1,0.00500600,39949.0000
1627518936802000,1,0.00492548,39789.0000
1627518939513000,1,0.00010052,39789.0000
1627518941973000,0,0.01300000,39802.6900
1627518941973000,0,0.05200000,39802.7000
1627519378169000,0,0.00486400,39757.9100
1627520107820000,1,0.01800000,39669.4900
1627520107863000,1,0.01173721,39669.4900
1627520107863000,1,0.06148239,39669.4900
1627520108096000,1,0.01286065,39669.4900
1627520108096000,1,0.01313935,39669.4900
1627520108256000,1,0.01240000,39669.4900
1627520109356000,1,0.09839093,39669.4900
1627520109398000,1,0.00136797,39669.4900
1627520135756000,1,0.00504600,39628.0000
1627520135756000,1,0.02971925,39628.0000
1627520135756000,1,0.03993273,39628.0000
1627520141948000,1,0.01262085,39628.0000
1627520141957000,1,0.06360905,39628.0000
1627520142032000,1,0.07429811,39628.0000
1627520173007000,1,0.02971925,39639.6000
1627520173007000,1,0.12535775,39639.6000
1627520173007000,1,0.06971061,39639.6000
1627520174736000,1,0.00449575,39639.6000
1627520174755000,1,0.00009175,39639.6000
1627520330607000,1,0.00193612,39660.5100
1627520330834000,1,0.00111194,39660.5100
1627520333931000,1,0.02669018,39660.5100
1627520333931000,1,0.07434560,39660.5100
1627520333931000,1,0.09817535,39660.5100
1627520333981000,1,0.00406553,39660.5100
1627520348684000,1,0.00605287,39636.0200
1627520349035000,1,0.00812044,39636.0200
1627520349074000,1,0.00824965,39636.0200
1627520349729000,1,0.00731953,39636.0200
1627520349729000,1,0.05766286,39636.0200
1627520349778000,1,0.01669338,39636.0200
1627520350245000,1,0.01210284,39636.0100
1627520366767000,1,0.02828999,39614.2000
1627520366783000,1,0.00145250,39614.2000
1627520366783000,1,0.03389639,39614.2000
1627520366799000,1,0.04045985,39614.2000
1627520366799000,1,0.12528184,39614.2000
1627520376518000,1,0.01000000,39585.5900
1627520376636000,1,0.01974249,39585.5900
1627520378310000,1,0.02974249,39577.2400
1627520378310000,1,0.04388477,39577.2400
1627520378597000,1,0.03047147,39577.2400
1627520378880000,1,0.00672810,39558.2500
1627520379593000,1,0.07435624,39524.3100
1627520379593000,1,0.00672810,39524.3100
1627520379678000,1,0.00443907,39524.3100
1627520379678000,1,0.01000000,39518.3600
1627520379678000,1,0.01000000,39517.8100
1627520394473000,1,0.03006377,39556.1200
1627520394473000,1,0.03349749,39556.1200
1627520395467000,1,0.54600000,39513.1400
1627520395467000,1,0.02974249,39513.1400
1627520395467000,1,0.03349749,39513.1400
1627520395467000,1,0.02396503,39513.1400
1627520395580000,1,0.00609874,39513.1400
1627520398807000,1,0.00506800,39469.0000
1627520398807000,1,0.03349749,39469.0000
1627520398807000,1,0.19333617,39469.0000
1627520447730000,1,0.02973523,39537.8800
1627520447730000,1,0.07433807,39537.8800
1627520447951000,1,0.10506891,39537.2700
1627520448248000,1,0.02973523,39537.2700
1627520449333000,1,0.00291612,39505.1100
1627520449995000,1,0.02681911,39505.1100
1627520449995000,1,0.07231493,39505.1100
1627520453219000,1,0.01907716,39477.1200
1627520453318000,1,0.00494263,39477.1200
1627520453463000,1,0.02973523,39477.1100
1627520453534000,1,0.07433807,39477.1200
1627520453534000,1,0.02217059,39477.1200
1627520484237000,1,0.01000000,39452.8200
1627520484237000,1,0.02972767,39452.8200
1627520484237000,1,0.07431919,39452.8200
1627520532458000,1,0.02972767,39539.5200
1627520532458000,1,0.07430615,39539.5200
1627520532458000,1,0.08450532,39539.5200
1627520650760000,1,0.02972384,39576.0600
1627520728429000,0,0.00500000,39627.0000
1627520731265000,0,0.00006800,39627.0000
1627520778358000,0,0.02100000,39708.1300
1627520778392000,0,0.03078833,39708.1300
1627520792277000,1,0.02972387,39719.2200
1627520792277000,1,0.02061173,39719.2200
1627520799408000,1,0.03672612,39719.2200
1627520809789000,1,0.00298441,39719.2200
1627520810042000,1,0.01398741,39719.2200
1627520849449000,1,0.00393336,39711.6300
1627520849812000,1,0.04329212,39711.6300
1627520850087000,1,0.00095612,39711.6300
1627520851006000,1,0.02616921,39711.6300
1627520851006000,1,0.00320691,39711.6300
1627520851595000,1,0.02653341,39711.6300
1627520851595000,1,0.06752271,39711.6300
1627520852220000,1,0.00389612,39711.6300
1627520909892000,1,0.01175589,39733.8900
1627520910050000,1,0.00536200,39733.8900
1627520914124000,1,0.01075612,39733.8900
1627520914427000,1,0.00185470,39733.8900
1627520914427000,1,0.03732142,39733.8900
1627520914475000,1,0.00100000,39733.8900
1627520914540000,1,0.00089818,39733.8900
1627520914540000,1,0.01077027,39733.8900
1627520914557000,1,0.09255245,39733.8900
1627520914831000,1,0.00476008,39733.8900
1627520917630000,1,0.07432178,39706.5300
1627520917630000,1,0.00132027,39706.5300
1627520917947000,1,0.02708817,39706.5300
1627520917973000,1,0.00132027,39706.5300
1627520917973000,1,0.02367973,39706.5300
1627520918453000,1,0.02355388,39706.5300
1627520918532000,1,0.01540679,39706.5300
1627520918573000,1,0.00795597,39706.5300
1627520918655000,1,0.00372541,39706.5300
1627520976506000,1,0.01000000,39687.3700
1627520976506000,1,0.02500000,39687.3600
1627520984971000,1,0.00474050,39687.3600
1627520984971000,1,0.07435125,39687.3600
1627520984971000,1,0.01295406,39684.0600
1627520985605000,1,0.02914569,39684.0600
1627520986279000,1,0.00059481,39684.0600
1627520996486000,1,0.06704828,39672.4500
1627520997039000,1,0.00730297,39672.4500
1627520997039000,1,0.09367292,39672.4500
1627520999365000,1,0.02914569,39672.4500
1627521000500000,1,0.00059481,39672.4500
1627521001045000,1,0.00690000,39660.9700
1627521003420000,1,0.02284050,39660.9700
1627521003420000,1,0.03594139,39660.8500
1627521029918000,1,0.02974249,39675.2900
1627521029918000,1,0.02002385,39675.2900
1627521029989000,1,0.05433238,39675.2900
1627521029989000,1,0.12533983,39675.2900
1627521048217000,1,0.02974249,39629.9400
1627521048217000,1,0.07435623,39629.9400
1627521048217000,1,0.04384509,39629.9400
1627521048321000,1,0.05645771,39629.9400
1627521054605000,1,0.02974249,39607.2200
1627521054605000,1,0.05941363,39607.2200
1627521054800000,1,0.01494260,39607.2200
1627521054800000,1,0.09090143,39607.2200
1627521054827000,1,0.00055138,39607.2200
1627521063821000,1,0.02974249,39602.4300
1627521063821000,1,0.02247363,39602.2800
1627521063880000,1,0.00505484,39602.2800
1627521064916000,1,0.00627752,39602.2800
1627521066523000,1,0.02020809,39602.2800
1627521066688000,1,0.00325688,39602.2800
1627521066688000,1,0.02147459,39602.2700
1627521066928000,1,0.03035612,39602.2700
1627521068306000,1,0.00781612,39602.2700
1627521068947000,1,0.02193765,39602.2700
1627521068947000,1,0.00876707,39587.6900
1627521069391000,1,0.02975377,39587.6900
1627521069391000,1,0.02974249,39581.2700
1627521069391000,1,0.02975377,39578.7400
1627521132134000,1,0.01304527,39554.6100
1627521132555000,1,0.01670850,39554.6100
1627521132555000,1,0.07438442,39554.6100
1627521132555000,1,0.02277780,39554.6100
1627521133274000,1,0.03725651,39554.6100
1627521184033000,1,0.00800000,39562.3400
1627521184040000,1,0.02173102,39562.3400
1627521184040000,1,0.00353498,39562.3400
1627521184072000,1,0.07079257,39562.3400
1627521184072000,1,0.02326869,39562.3400
1627521184955000,1,0.02760000,39555.7400
1627521185012000,1,0.00213102,39555.7400
1627521185012000,1,0.05380950,39555.7400
1627521185088000,1,0.02051805,39555.7400
1627521185088000,1,0.00708195,39555.7400
1627521185090000,1,0.01618674,39555.7400
1627521185141000,1,0.05622803,39554.1400
1627521185277000,1,0.00513899,39554.1400
1627521186407000,1,0.02973102,39554.1400
1627521186407000,1,0.00567563,39554.1400
1627521186557000,1,0.01759306,39554.1400
1627521186557000,1,0.03371296,39554.1400
1627521186564000,1,0.04061459,39554.1400
1627521200399000,1,0.05171275,39507.1300
1627521200554000,1,0.00493865,39507.1300
1627521200825000,1,0.01771516,39507.1300
1627521200825000,1,0.01773425,39507.1300
1627521200888000,1,0.00290730,39507.1300
1627521201482000,1,0.00910508,39507.1300
1627521201482000,1,0.04101292,39507.1300
1627521201799000,1,0.00977612,39507.1300
1627521202420000,1,0.04309612,39507.1300
1627521202946000,1,0.00095612,39507.1300
1627521242839000,1,0.02974663,39526.3900
1627521242839000,1,0.02834853,39526.3900
1627521242839000,1,0.18833388,39526.3900
1627521307303000,1,0.02974784,39584.5100
1627521307303000,1,0.07436961,39584.5100
1627521307303000,1,0.00816656,39584.5100
1627521307398000,1,0.04367619,39584.5100
1627521319131000,1,0.02643317,39529.5400
1627521319131000,1,0.02860222,39529.5400
1627521319389000,1,0.04571126,39529.5400
1627521363074000,1,0.00615012,39479.9300
1627521363260000,1,0.12540300,39479.9300
1627521363740000,1,0.04892800,39479.9300
1627521370695000,1,0.00506800,39469.0000
1627521370695000,1,0.02972539,39469.0000
1627521370695000,1,0.01516273,39469.0000
1627521421923000,1,0.02932546,39488.0100
1627521422295000,1,0.00040653,39488.0100
1627521422295000,1,0.01128873,39488.0100
1627521449905000,1,0.00093932,39488.0200
1627521450815000,1,0.02879410,39488.0200
1627521450815000,1,0.07433355,39488.0200
1627521450815000,1,0.12172930,39488.0200
1627521518283000,1,0.00322701,39528.3500
1627521518283000,1,0.02973795,39528.3500
1627521522748000,1,0.07434488,39518.4800
1627521522748000,1,0.02973795,39518.4800
1627521543836000,1,0.00574121,39514.0800
1627521543836000,1,0.00968518,39514.0800
1627521544019000,1,0.06465970,39514.0800
1627521544019000,1,0.12530136,39514.0800
1627521545394000,1,0.02447416,39500.7600
1627521545508000,1,0.04987072,39500.7600
1627521545508000,1,0.00574121,39500.7600
1627521545508000,1,0.02002657,39500.7600
1627521560149000,1,0.02974767,39490.4400
1627521560149000,1,0.00496294,39490.4300
1627521560259000,1,0.01307581,39490.4300
1627521560309000,1,0.05633041,39490.4300
1627521560309000,1,0.01716314,39490.4300
1627521560309000,1,0.03570416,39490.4300
1627521695436000,1,0.02973501,39529.3900
1627521695436000,1,0.07433752,39529.3900
1627521695436000,1,0.06916006,39529.3900
1627521695603000,1,0.00353536,39529.3900
1627521703119000,1,0.00585612,39495.9700
1627521703332000,1,0.02387889,39495.9700
1627521703332000,1,0.12542425,39495.9700
1627521703332000,1,0.02827056,39495.9700
1627521726366000,1,0.02973501,39486.8300
1627521726366000,1,0.00276179,39486.7900
1627521726559000,1,0.08878126,39486.7900
1627521726573000,1,0.04100000,39486.7900
1627521726746000,1,0.01307700,39486.7900
1627521726940000,1,0.01665259,39486.7900
1627521726953000,1,0.00980820,39482.6500
1627521727662000,1,0.01992139,39482.6500
1627521741889000,1,0.00193612,39458.4500
1627521742172000,1,0.05571303,39458.4500
1627521742172000,1,0.02305966,39458.4500
1627521750571000,1,0.00072115,39455.3000
1627521750571000,1,0.00468749,39455.3000
1627521756116000,1,0.00917717,39431.3200
1627521756121000,1,0.00180288,39430.0000
1627521756121000,1,0.00468749,39430.0000
1627521789517000,1,0.00847965,39417.2800
1627521789517000,1,0.02119913,39417.2800
1627521789517000,1,0.05511774,39417.2800
1627521793484000,1,0.00710000,39319.4800
1627521793541000,1,0.00508800,39310.0000
1627521794185000,1,0.00710000,39293.6300
1627521881255000,1,0.00093644,39419.0700
1627521881255000,1,0.00234110,39419.0700
1627521881255000,1,0.00608686,39419.0700
1627521881729000,1,0.00330000,39367.7600
1627522084177000,1,0.02972502,39434.1400
1627522084177000,1,0.04569214,39434.1300
1627522084763000,1,0.02862042,39434.1300
1627522084763000,1,0.02972502,39434.1300
1627522085354000,1,0.02913052,39434.1200
1627522085661000,1,0.02972502,39434.1200
1627522085661000,1,0.07431256,39434.1200
1627522108000000,0,0.00498624,39468.0000
1627522108138000,0,0.00010176,39468.0000
1627522114882000,1,0.07434093,39446.4600
1627522114882000,1,0.01543479,39446.4600
1627522115494000,1,0.01430158,39446.4600
1627522116230000,1,0.01926508,39446.4600
1627522118676000,1,0.02587659,39446.4600
1627522124533000,1,0.02587659,39430.9100
1627522124533000,1,0.02345232,39430.9100
1627522124795000,1,0.00432732,39430.9100
1627522125005000,1,0.02973637,39430.9100
1627522125005000,1,0.00334403,39430.9000
1627522125806000,1,0.00977612,39430.9100
1627522128560000,1,0.19329636,39430.9100
1627522146756000,1,0.02825993,39390.5100
1627522146756000,1,0.07434093,39390.5100
1627522146756000,1,0.02564271,39390.5100
1627522147769000,1,0.00261722,39390.5100
1627522321741000,1,0.00095514,39480.3500
1627522321765000,1,0.02877596,39480.3500
1627522321765000,1,0.07432775,39480.3500
1627522321765000,1,0.01315084,39480.3500
1627522321788000,1,0.00141740,39480.3500
1627522507171000,1,0.01253703,39490.1700
1627522507171000,1,0.01943237,39490.1700
1627522507171000,1,0.07216885,39490.1700
1627522507952000,1,0.08265527,39490.1700
1627522507996000,1,0.00168684,39490.1700
1627522508334000,1,0.00340000,39454.3500
1627522508460000,1,0.02634562,39454.3500
1627522508460000,1,0.00660000,39454.0700
1627522508637000,1,0.01840210,39454.0700
1627522508755000,1,0.00474352,39454.0700
1627522508755000,1,0.01191038,39454.0700
1627522508973000,1,0.00420000,39454.0700
1627522509323000,1,0.00358800,39454.0700
1627522613186000,1,0.02973688,39562.0800
1627522613186000,1,0.00616897,39562.0800
1627522613250000,1,0.04897612,39562.0800
1627522613789000,1,0.00460956,39562.0800
1627522614445000,1,0.00193612,39562.0800
1627522615120000,1,0.00787920,39562.0800
1627522616686000,1,0.00392000,39562.0800
1627522617177000,1,0.02581688,39562.0800
1627522617177000,1,0.00883354,39547.7000
1627522618878000,1,0.00380000,39547.7000
1627522619916000,1,0.00056412,39547.7000
1627522620803000,1,0.00781612,39547.7000
1627522621979000,1,0.01002595,39547.7000
1627522626515000,1,0.01110010,39547.7000
1627522627376000,1,0.02916139,39547.7000
1627522627756000,1,0.00058323,39547.7000
1627522628289000,1,0.00001190,39547.7000
1627522699470000,1,0.00395539,39588.0600
1627522725458000,1,0.02974176,39588.0600
1627522725458000,1,0.06627916,39588.0600
1627522725494000,1,0.00807524,39588.0600
1627522725494000,1,0.08794568,39588.0600
1627522725552000,1,0.03590277,39588.0600
1627522731980000,1,0.02843850,39579.7600
1627522732009000,1,0.00130326,39579.7600
1627522732009000,1,0.02713524,39579.7600
1627522732062000,1,0.02843850,39579.7600
1627522732249000,1,0.01673412,39579.7600
1627522732879000,1,0.01553808,39579.7600
1627522739708000,1,0.03741929,39579.7600
1627522740004000,1,0.00076366,39579.7600
1627522740339000,1,0.01216438,39579.7600
1627522775809000,0,0.02600000,39599.8600
1627522788461000,0,0.04918993,39618.4200
1627522788513000,0,0.00100388,39618.4200
1627522884301000,1,0.00434995,39594.2900
1627522884879000,1,0.01868153,39594.2900
1627522884898000,1,0.05301858,39594.2900
1627522884898000,1,0.01196105,39594.2900
1627522884898000,1,0.04206287,39594.2900
1627522889494000,1,0.00201293,39585.3600
1627522889866000,1,0.03570168,39585.3600
1627522889866000,1,0.02973166,39585.3600
1627522889866000,1,0.00056047,39585.3600
1627522902345000,1,0.00393642,39568.3000
1627522971930000,0,0.17350000,39613.7800
1627522971930000,0,0.12629560,39613.7900
1627522971975000,1,0.02600000,39613.7900
1627522972044000,1,0.12629560,39613.7900
1627522972500000,1,0.00121226,39613.7900
1627522973095000,1,0.01176000,39613.7900
1627522973124000,1,0.06782679,39613.7900
1627522973988000,1,0.12630280,39613.7900
1627522974338000,1,0.00247511,39613.7900
1627522975146000,1,0.09479371,39613.7900
1627522975146000,1,0.00320629,39613.7900
1627522975724000,1,0.02652555,39613.7900
1627522975724000,1,0.05923630,39613.7900
1627522975724000,1,0.03869880,39613.7900
1627522975990000,1,0.03563079,39613.7900
1627523003597000,1,0.01837521,39579.7200
1627523003597000,1,0.13769032,39579.7200
1627523003597000,1,0.06972539,39579.7200
1627523003615000,1,0.00460798,39579.7200
1627523078680000,1,0.02975239,39561.0100
1627523078680000,1,0.07438097,39561.0100
1627523078680000,1,0.00966788,39561.0100
1627523079760000,1,0.11571367,39561.0100
1627523090364000,1,0.02975239,39531.7100
1627523090364000,1,0.04028533,39531.7100
1627523090364000,1,0.04135299,39531.7100
1627523141317000,1,0.01000000,39510.6800
1627523141317000,1,0.02974303,39510.6800
1627523141317000,1,0.04608126,39510.6800
1627523146405000,1,0.02771079,39510.6800
1627523146792000,1,0.00056553,39510.6800
1627523237353000,0,0.00500000,39627.0000
1627523237963000,0,0.00006800,39627.0000
1627523245350000,1,0.00130900,39653.5600
1627523279073000,1,0.02972824,39690.1900
1627523279073000,1,0.07432059,39690.1900
1627523279073000,1,0.11287350,39690.1900
1627523296160000,1,0.00500000,39648.8100
1627523301449000,1,0.01673176,39648.8100
1627523301449000,1,0.07442955,39648.8100
1627523301449000,1,0.03502033,39648.8100
1627523302031000,1,0.06608409,39648.8100
1627523302592000,1,0.02977182,39648.8100
1627523586807000,1,0.02972609,39703.9700
1627523586807000,1,0.06854351,39703.9700
1627523586897000,1,0.00578639,39703.9700
1627523586897000,1,0.04735058,39703.9700
1627523586897000,1,0.01000000,39690.8200
1627523594007000,1,0.02974251,39675.8600
1627523594007000,1,0.02755042,39675.8600
1627523594007000,1,0.01785924,39675.8600
1627523594021000,1,0.03111181,39675.8600
1627523594762000,1,0.01172331,39650.8500
1627523594872000,1,0.00370911,39650.8500
1627523594894000,1,0.00291063,39650.8500
1627523594945000,1,0.01629088,39650.8500
1627523595223000,1,0.00350000,39650.8500
1627523613377000,1,0.02020001,39650.8500
1627523620870000,1,0.00954250,39650.8500
1627523620870000,1,0.07435629,39650.8500
1627523620908000,0,0.04228344,39650.5200
1627523621016000,1,0.08317249,39650.8500
1627523749658000,1,0.02973486,39699.8300
1627523749658000,1,0.00547986,39699.8300
1627523749891000,1,0.04321002,39699.8300
1627523761104000,1,0.02973486,39699.8300
1627523761142000,1,0.07433714,39685.9900
1627523761187000,1,0.03528697,39682.7500
1627523761990000,1,0.01309000,39682.7500
1627523762352000,1,0.00386700,39682.7500
1627523773102000,1,0.01277786,39682.7500
1627523774005000,1,0.02976187,39677.2600
1627523774005000,1,0.07440467,39677.2500
1627523825929000,1,0.01000000,39713.5400
1627523825929000,1,0.02976187,39713.5300
1627523825929000,1,0.02384279,39713.5300
1627523826149000,1,0.00500000,39713.5300
1627523834879000,1,0.05880000,39713.5400
1627523834920000,1,0.01554098,39713.5400
1627523834920000,1,0.02973639,39713.5400
1627523834920000,1,0.12048171,39713.5400
1627523838754000,1,0.02190767,39699.3600
1627523839972000,1,0.05243331,39699.3600
1627523839972000,1,0.00578075,39699.3600
1627523839972000,1,0.18826630,39699.3600
1627523896868000,1,0.01470000,39681.3200
1627523897447000,1,0.00098000,39681.3200
1627523897794000,1,0.00196000,39681.3200
1627523898220000,1,0.01209639,39681.3200
1627523898220000,1,0.07434098,39681.3200
1627523898220000,1,0.12546876,39681.3200
1627523922130000,1,0.05248808,39672.8600
1627523922130000,1,0.02975192,39672.8600
1627523922130000,1,0.04276000,39672.8600
1627523922567000,1,0.03098741,39672.8600
1627524019272000,1,0.02972963,39646.0100
1627524019272000,1,0.19325250,39646.0100
1627524019272000,1,0.06837795,39646.0100
1627524019375000,1,0.00594612,39646.0100
1627524274845000,1,0.02974577,39757.3200
1627524274845000,1,0.07436443,39757.3200
1627524274845000,1,0.04709715,39757.3200
1627524277055000,1,0.04879794,39757.3200
1627524307232000,0,0.00500000,39788.0000
1627524307323000,0,0.00004600,39788.0000
1627524348411000,1,0.00980000,39773.8400
1627524348762000,1,0.00194236,39773.8400
1627524348969000,1,0.01800341,39773.8400
1627524348969000,1,0.01139659,39773.8400
1627524349772000,1,0.00196000,39773.8400
1627524350411000,1,0.00196000,39773.8400
1627524351190000,1,0.03707067,39773.8400
1627524351190000,1,0.05014933,39773.8400
1627524351797000,1,0.02156000,39773.8400
1627524352494000,1,0.00980000,39773.8400
1627524352602000,1,0.00500000,39773.8400
1627524352750000,1,0.07622034,39773.8400
1627524353697000,1,0.00400000,39751.9900
1627524388707000,0,0.00400000,39792.7500
1627524389054000,0,0.00020000,39792.7500
1627524389774000,0,0.02200000,39835.1800
1627524405629000,1,0.01694848,39835.9200
1627524408090000,1,0.00404884,39835.9200
1627524408213000,1,0.00800000,39835.9200
1627524408578000,1,0.00074845,39835.9200
1627524409761000,1,0.00519400,39820.5300
1627524411510000,1,0.02455177,39820.5300
1627524411510000,1,0.07238611,39820.5200
1627524413427000,1,0.00193875,39820.5200
1627524415078000,1,0.02915085,39820.5200
1627524415105000,1,0.00059492,39820.5200
1627524430911000,1,0.02595576,39834.5300
1627524431404000,1,0.00377113,39834.5300
1627524456362000,1,0.00196000,39819.3400
1627524456654000,1,0.02776689,39819.3400
1627524456654000,1,0.00163311,39819.3400
1627524456723000,1,0.04802477,39819.3400
1627524456792000,1,0.02465935,39819.3400
1627524457064000,1,0.11794692,39819.3300
1627524466461000,1,0.06750970,39819.4700
1627524466493000,1,0.00680753,39819.4700
1627524466493000,1,0.00957503,39819.4700
1627524466920000,1,0.00294000,39819.4800
1627524467180000,1,0.02678689,39819.4800
1627524474951000,1,0.09411534,39810.8600
1627524474951000,1,0.07094858,39810.8600
1627524474977000,1,0.00336865,39810.8600
1627524481546000,1,0.00492456,39804.9200
1627524481892000,1,0.00392000,39804.9200
1627524482636000,1,0.02088233,39804.9200
1627524482636000,1,0.03143619,39804.9200
1627524482636000,1,0.02972689,39804.9200
1627524483719000,1,0.02972689,39804.9200
1627524483719000,1,0.02972689,39804.9100
1627524483719000,1,0.07164181,39804.9100
1627524484381000,1,0.00098000,39804.9100
1627524485131000,1,0.00392000,39804.9100
1627524486386000,1,0.01653707,39804.9100
1627524486386000,1,0.02972689,39794.5300
1627524486386000,1,0.02820707,39794.5300
1627524542909000,1,0.02974608,39806.7400
1627524542909000,1,0.01950263,39806.7400
1627524543200000,1,0.00088200,39806.7400
1627524543498000,1,0.00196000,39806.7400
1627524544165000,1,0.00098000,39806.7400
1627524544881000,1,0.00545958,39806.7400
1627524545508000,1,0.04558098,39806.7400
1627524545508000,1,0.00537902,39806.7400
1627524583785000,1,0.07442119,39792.9900
1627524583785000,1,0.10046981,39792.9900
1627524584290000,1,0.02356889,39792.9900
1627524721140000,1,0.00980000,39807.5000
1627524721454000,1,0.00980000,39807.5000
1627524721593000,1,0.01012911,39807.5000
1627524721593000,1,0.09917544,39807.5000
1627524721593000,1,0.07432276,39807.5000
1627524811023000,1,0.01800000,39804.6100
1627524811884000,1,0.01173192,39804.6100
1627524811884000,1,0.07432981,39804.6100
1627524811884000,1,0.03962562,39804.5700
1627524811961000,1,0.01247928,39804.5700
1627524850194000,1,0.07432981,39764.6400
1627524850194000,1,0.02973192,39764.6400
1627524850194000,1,0.00920123,39764.6400
1627524850331000,1,0.02864053,39764.6400
1627524957023000,1,0.02976804,39824.9700
1627524957023000,1,0.07233634,39824.9600
1627524957461000,1,0.00208376,39824.9600
1627524958339000,1,0.02914345,39821.9100
1627524958616000,1,0.02914345,39821.9100
1627524959008000,1,0.02914345,39821.9100
1627524959247000,1,0.02914345,39821.9100
1627524959704000,1,0.02914345,39821.9100
1627524960880000,1,0.02973821,39821.9100
1627524962331000,1,0.02973821,39805.7200
1627524963446000,1,0.01580813,39797.4900
1627524964460000,1,0.01365148,39797.4900
1627524966520000,1,0.00027860,39797.4900
1627524966921000,1,0.07313164,39783.3200
1627524969203000,1,0.02511508,39783.3200
1627524969443000,1,0.00294000,39783.3200
1627524969579000,1,0.00172882,39783.3200
1627524969579000,1,0.02978390,39783.3100
1627524970450000,1,0.01533045,39772.8200
1627525018340000,1,0.02978390,39772.9400
1627525018340000,1,0.07445974,39772.9400
1627525018340000,1,0.07559290,39772.9400
1627525018576000,1,0.01608766,39772.9400
1627525019085000,1,0.01276792,39772.9400
1627525041916000,1,0.00980500,39778.5200
1627525104780000,1,0.02973679,39790.8300
1627525104780000,1,0.07434198,39790.8300
1627525104780000,1,0.12531580,39790.8300
1627525182158000,1,0.02974511,39791.4500
1627525182158000,1,0.07436278,39791.4500
1627525182158000,1,0.05766282,39791.4300
1627525182226000,1,0.00330144,39791.4300
1627525266246000,1,0.02973945,39805.0200
1627525266246000,1,0.07434861,39805.0200
1627525266246000,1,0.02137215,39805.0200
1627525266517000,1,0.00256041,39805.0200
1627525383319000,1,0.07438425,39792.8200
1627525383319000,1,0.13082187,39792.8200
1627525383319000,1,0.02505450,39792.8200
1627525388699000,1,0.00460522,39792.8200
1627525388735000,1,0.00009398,39792.8200
1627525388821000,1,0.00350000,39769.4800
1627525432185000,0,0.05996419,39824.6000
1627525791178000,0,0.01300000,39908.6100
1627525791178000,0,0.01300000,39908.6200
1627525794090000,1,0.11464804,39899.9700
1627526237473000,0,0.00400000,39948.0000
1627526237483000,0,0.00092548,39948.0000
1627526237483000,0,0.00010052,39948.0000
1627527173823000,1,0.00400000,39789.0000
1627527173865000,1,0.00102600,39789.0000
1627528877366000,1,0.00950831,39715.0500
1627528877403000,1,0.01000053,39715.0500
1627529145082000,1,0.00504600,39628.0000
1627529203795000,1,0.01039594,39617.5500
1627529203795000,1,0.01039594,39617.5200
1627529203795000,1,0.12615548,39617.5100
1627529203804000,0,0.01000000,39617.5100
1627529203866000,0,0.02600000,39617.5100
1627529480095000,1,0.02027939,39592.1100
1627530128198000,0,0.00286400,39667.3000
1627530366028000,1,0.01200000,39622.3200
1627530366129000,1,0.00090000,39622.3200
1627530926410000,1,0.02010000,39682.1500
1627530926839000,1,0.07320656,39668.9300
1627531168608000,1,0.01400000,39678.1400
1627531274909000,1,0.00227270,39650.7700
1627531360316000,1,0.00245000,39520.0000
1627531360337000,1,0.00005000,39520.0000
1627531493948000,0,0.00156600,39744.2500
1627531525741000,0,0.00500000,39788.0000
1627531526085000,0,0.00004600,39788.0000
1627532139037000,1,0.01166508,39828.4600
1627532139366000,1,0.00330064,39824.4300
1627532219564000,1,0.01000000,39837.7200
1627532219564000,1,0.04081900,39833.4300
1627532727442000,0,0.00400000,39948.0000
1627532727442000,0,0.00100000,39948.0000
1627532727535000,0,0.00002600,39948.0000
1627532976690000,0,0.01600000,40024.4700
1627532976833000,0,0.04502269,40024.4700
1627532976837000,0,0.07412306,40024.4700
1627532976936000,0,0.02140000,40024.4700
1627532976946000,0,0.19885444,40024.4700
1627532977000000,0,0.02497683,40024.4700
1627532977027000,0,0.03532685,40024.4700
1627532977080000,0,0.15829613,40024.4700
1627533670062000,0,0.00245000,40091.0800
1627533853806000,1,0.00240000,40100.8800
1627534050200000,0,0.00490588,40110.0000
1627534920674000,0,0.00845953,39990.3900
1627535603979000,1,0.01000000,39881.3800
1627535604330000,1,0.01000000,39881.0500
1627535614662000,1,0.01000000,39789.0500
1627535616305000,1,0.00500000,39789.0000
1627535651128000,1,0.00002600,39789.0000
1627535842675000,1,0.00100000,39836.6200
1627535843808000,1,0.01124070,39789.6700
1627536046126000,1,0.01000000,39830.9700
1627536073071000,1,0.01000000,39776.8800
1627536257657000,1,0.01000000,39779.8900
1627536765083000,0,0.01984830,39875.9100
1627536765121000,0,0.07119110,39875.9100
1627536765149000,0,0.31296060,39875.9100
1627536811144000,0,0.00500000,39948.0000
1627536811392000,0,0.00002600,39948.0000
1627537209412000,0,0.01000000,40047.6500
1627537212233000,1,0.07575281,40060.0400
1627537251591000,0,0.00010012,40110.0000
1627539113151000,1,0.00309600,40142.3000
1627539247911000,1,0.00281600,40141.7000
1627539942923000,1,0.00709200,40051.4000
1627540892547000,0,0.00300000,40056.8200
1627540893042000,0,0.00020200,40056.8200
1627540978114000,0,0.00200000,40069.1600
1627540978254000,0,0.00040300,40069.1600
1627541042792000,1,0.00148100,40069.9900
1627541136590000,1,0.00517800,40058.1100
1627541735672000,1,0.01274000,40003.3100
1627541735804000,1,0.01000000,40008.7300
1627541779138000,1,0.00490588,39949.0000
1627541779362000,1,0.00010012,39949.0000
1627542509601000,1,0.01060000,40043.2900
1627542730141000,1,0.00232900,40015.8200
1627543210495000,0,0.00495700,40019.4400
1627543365368000,0,0.00171500,39988.0200
1627543600662000,1,0.00132600,40028.3100
1627543855895000,0,0.00490588,40110.0000
1627543865449000,0,0.00010012,40110.0000
1627543990853000,0,0.00382396,40063.7600
1627543991214000,0,0.00007804,40063.7600
1627544895846000,1,0.00490588,39949.0000
1627544895930000,1,0.00010012,39949.0000
1627545355468000,1,0.01299995,39958.6300
1627545355538000,1,0.00000005,39958.6300
1627545355538000,1,0.01915953,39958.6100
1627545509993000,1,0.01000000,39890.9900
1627545738923000,1,0.01211497,39949.3800
1627545738983000,1,0.04256853,39949.3800
1627546060706000,1,0.00424400,39842.2400
1627546108139000,1,0.01147850,39867.0500
1627546108542000,1,0.02973830,39854.4700
1627546110120000,0,0.01300000,39854.4600
1627546110120000,0,0.01420760,39854.4700
1627546110120000,0,0.12534975,39867.0400
1627546110120000,0,0.01147841,39867.0500
1627546110129000,1,0.02973830,39867.1600
1627546111108000,0,0.02309218,39837.4000
1627546111188000,0,0.06379256,39837.4000
1627546111544000,0,0.02600000,39837.4000
1627546112632000,0,0.00766400,39844.5200
1627546115023000,0,0.04989370,39844.5100
1627546115023000,0,0.01124300,39844.5200
1627546262286000,1,0.00500000,39789.0000
1627546262415000,1,0.00002600,39789.0000
1627546489687000,0,0.08042005,39838.7300
1627546489687000,0,0.01365499,39838.7300
1627546489713000,0,0.09407504,39838.7300
1627546500031000,0,0.22441974,39848.8800
1627546548850000,0,0.02338871,39842.0300
1627546554572000,0,0.00047732,39842.0300
1627546557903000,0,0.00831040,39854.8400
1627546558892000,0,0.00097974,39866.9800
1627546561600000,0,0.00707571,39869.8000
1627546561669000,0,0.00014440,39869.8000
1627546578414000,1,0.05004829,39864.4900
1627546578416000,1,0.00898453,39864.4900
1627546578484000,1,0.03466718,39864.4900
1627546578484000,1,0.01523714,39864.3900
1627546631364000,0,0.00490851,39923.8200
1627546964387000,0,0.04855948,39845.6200
1627546964779000,0,0.00099101,39845.6200
1627547423076000,0,0.00492548,39948.0000
1627547423161000,0,0.00007452,39948.0000
1627547423161000,0,0.00002600,39948.0000
1627547521220000,1,0.00178934,39897.8700
1627547521254000,1,0.00708066,39897.8700
1627548245644000,0,0.00500000,40004.8300
1627548245688000,0,0.00787917,40004.8300
1627548403600000,1,0.00831400,40059.9400
1627548901829000,1,0.00191275,39932.2400
1627549485665000,1,0.00126900,39957.3500
1627549847277000,0,0.02472954,40044.3100
1627549847418000,0,0.04490000,40044.3100
1627549847450000,0,0.02367046,40044.3100
1627550045750000,0,0.01287917,40099.7000
1627550045820000,0,0.00490588,40110.0000
1627550045820000,0,0.00010012,40110.0000
1627550226556000,1,0.00208100,40074.4900
1627550351753000,0,0.00220800,40139.9800
1627550595373000,1,0.00266000,40090.4900
1627550721555000,1,0.00223300,40026.6500
1627550932284000,0,0.00111818,40132.2200
1627550932608000,0,0.00002282,40132.2200
1627551117217000,1,0.32742122,40157.1200
1627551117239000,1,0.13957878,40157.1200
1627551140348000,0,0.00741300,40119.9700
1627551144684000,0,0.00074200,40119.9700
1627551822336000,0,0.00488628,40272.0000
1627551822751000,0,0.00009972,40272.0000
1627551903342000,0,0.01000000,40372.7100
1627551908146000,1,0.10506684,40360.4500
1627551908256000,0,0.01000000,40361.2200
1627551916632000,0,0.00486668,40435.0000
1627551917002000,0,0.00009932,40435.0000
1627551945515000,0,0.01000000,40512.6700
1627551947650000,1,0.00646800,40515.0100
1627551947817000,1,0.61743161,40515.0100
1627551947890000,1,0.46610039,40515.0100
1627551957422000,0,0.00245000,40520.0000
1627551957454000,0,0.00005000,40520.0000
1627552060879000,0,0.00484708,40598.0000
1627552061370000,0,0.00009892,40598.0000
1627552141629000,1,0.00161300,40530.0300
1627552313078000,1,0.00482327,40456.4600
1627552313472000,1,0.01284697,40456.4500
1627552323782000,1,0.01300000,40436.0600
1627552323782000,1,0.00458708,40436.0500
1627552324058000,1,0.00841292,40436.0500
1627552324058000,1,0.00494600,40436.0000
1627552882706000,1,0.00400000,40273.0000
1627552883480000,1,0.00094668,40273.0000
1627552884400000,1,0.00001932,40273.0000
1627553559614000,0,0.00400000,40322.0800
1627553559720000,0,0.00005000,40322.0800
1627553780212000,0,0.00252954,40434.9900
1627553780212000,0,0.00400000,40435.0000
1627553780212000,0,0.00081609,40435.0000
1627553780343000,0,0.00013059,40435.0000
1627553780343000,0,0.00001932,40435.0000
1627553780864000,0,0.00069079,40468.3600
1627553944796000,0,0.12366821,40450.1100
1627554017261000,0,0.01261630,40528.7000
1627554306584000,1,0.02600000,40412.2100
1627555082765000,1,0.00486668,40273.0000
1627555082835000,1,0.00009932,40273.0000
1627555099937000,1,0.01000000,40222.6100
1627555174689000,1,0.01300000,40225.4300
1627555174689000,1,0.00182778,40225.3900
1627555260930000,1,0.01140748,40173.9200
1627555261009000,1,0.00490000,40173.9200
1627555261236000,1,0.03030000,40173.9200
1627555261667000,1,0.00788768,40173.9200
1627555261733000,1,0.29561116,40173.9200
1627555262066000,1,0.01189368,40173.9200
1627555292307000,1,0.00498600,40111.0000
1627555575217000,1,0.00168700,40200.3900
1627555637282000,0,0.00176500,40121.8900
1627555738474000,0,0.00065803,40165.2000
1627557005431000,1,0.01734000,40194.0600
1627557284833000,0,0.00218897,40215.1000
1627557514923000,1,0.01000000,40092.4900
1627557630579000,1,0.00196000,40145.6400
1627557692301000,0,0.01100000,40167.7600
1627558588484000,1,0.01000000,39995.5600
1627558678723000,1,0.00500000,39949.0000
1627558679339000,1,0.00000600,39949.0000
1627558681367000,1,0.01300000,39898.5700
1627558681367000,1,0.01300000,39898.5600
1627558681367000,1,0.02972618,39898.5500
1627558927343000,1,0.00500000,39789.0000
1627558933737000,1,0.00002600,39789.0000
1627559009145000,1,0.14073216,39742.2700
1627559009644000,1,0.01373863,39742.2700
1627559009741000,1,0.04870970,39742.2700
1627559010795000,1,0.01373863,39742.2700
1627559011170000,1,0.00100000,39742.2700
1627559011195000,1,0.02229405,39742.2700
1627559011225000,1,0.02191936,39742.2700
1627559011244000,1,0.14886747,39742.2700
1627559233738000,1,0.00504600,39628.0000
1627559233771000,1,0.01000000,39621.5300
1627559237512000,0,0.12631015,39626.3600
1627559299881000,0,0.00396100,39633.8100
1627559401282000,0,0.00200000,39776.1600
1627559402044000,0,0.00504600,39788.0000
1627559618078000,0,0.01274000,39825.1000
1627560005249000,1,0.01000000,39770.0800
1627560005249000,1,0.00724000,39770.0700
1627560069125000,1,0.00200000,39628.0000
1627560075363000,1,0.00298508,39628.0000
1627560075629000,1,0.00006092,39628.0000
1627560486231000,0,0.09678851,39645.7000
1627560529823000,0,0.00193577,39654.7200
1627560594014000,0,0.00003951,39654.7200
1627561061501000,0,0.01257155,39676.8700
1627561220259000,0,0.12567729,39689.1100
1627561502690000,1,0.01000000,39571.4000
1627561519115000,1,0.01000000,39517.7400
1627561520059000,1,0.09284268,39497.9300
1627561845967000,0,0.00200000,39788.0000
1627561845967000,0,0.00294508,39788.0000
1627561846001000,0,0.00004000,39788.0000
1627561846001000,0,0.00006092,39788.0000
1627561846506000,0,0.01000000,39794.9200
1627562197732000,1,0.00494508,39628.0000
1627562197772000,1,0.00010092,39628.0000
1627562325252000,1,0.07170010,39618.9500
1627562348486000,1,0.00133258,39573.1300
1627563604707000,1,0.01724000,39714.3800
1627564184972000,0,0.00400000,39788.0000
1627564185095000,0,0.00094508,39788.0000
1627564185095000,0,0.00010092,39788.0000
1627565214270000,0,0.00492548,39948.0000
1627565214375000,0,0.00007452,39948.0000
1627565214375000,0,0.00002600,39948.0000
1627565458645000,1,0.00400000,39965.9700
1627565458707000,1,0.00875682,39965.9700
1627565458853000,1,0.01816653,39965.9700
1627565458955000,1,0.16873125,39965.9700
1627565894454000,1,0.00502600,39789.0000
1627566200995000,0,0.04940527,39902.6200
1627567205072000,1,0.01000000,39860.8600
1627567205072000,1,0.00724000,39860.8300
1627567715164000,0,0.00492548,39948.0000
1627567715330000,0,0.00010052,39948.0000
1627568196929000,1,0.01000000,39920.5600
1627568375254000,1,0.00492548,39789.0000
1627568375300000,1,0.00010052,39789.0000
1627568971048000,0,0.05845164,39803.5000
1627568971097000,0,0.50654836,39803.5000
1627569089093000,0,0.00492548,39948.0000
1627569089137000,0,0.00010052,39948.0000
1627569158841000,1,0.00306239,39875.5500
1627569166902000,1,0.00102291,39853.0100
1627569178104000,1,0.01000000,39810.1100
1627569178104000,1,0.00510000,39800.2500
1627569269746000,1,0.00492548,39789.0000
1627569270003000,1,0.00010052,39789.0000
1627569494873000,1,0.00100000,39739.7600
1627570654441000,0,0.00184034,39948.0000
1627570654652000,0,0.00308514,39948.0000
1627570654652000,0,0.00010052,39948.0000
1627570804681000,1,0.01734000,39967.8400
1627571358843000,0,0.00500000,40110.0000
1627571360180000,0,0.00000600,40110.0000
1627571706097000,1,0.00500000,39949.0000
1627571706388000,1,0.00000600,39949.0000
1627571904961000,0,0.01000000,40015.7100
1627571913077000,0,0.01000000,40062.6600
1627571913153000,0,0.00011449,40062.6600
1627571926459000,1,0.00164500,39992.1100
1627572528021000,0,0.00249259,40030.5100
1627573217597000,1,0.01000000,39916.8300
1627573217677000,0,0.00600000,39916.8300
1627573217805000,0,0.26104992,39916.8300
1627573217845000,0,0.22295008,39916.8300
1627574405052000,1,0.01000000,39940.4300
1627574405052000,1,0.00724000,39940.4200
1627574513824000,1,0.00904400,39965.5900
1627574552193000,0,0.00500000,40110.0000
1627574552193000,0,0.00000600,40110.0000
1627574587171000,1,0.00500000,39949.0000
1627574587280000,1,0.00000600,39949.0000
1627576404347000,1,0.00500000,39826.1300
1627576865475000,1,0.00500000,39789.0000
1627576867330000,1,0.00002600,39789.0000
1627578004460000,1,0.01724000,39673.1100
1627579483607000,0,0.01280190,39768.6500
1627579484609000,0,0.02685278,39768.6500
1627579485612000,0,0.00094532,39768.6500
1627579620541000,1,0.00100000,39714.5600
1627580369842000,0,0.00246300,39707.8900
1627580386017000,0,0.00233300,39707.9000
1627580488898000,0,0.00325100,39732.8400
1627580659840000,0,0.00298400,39730.2800
1627580748437000,0,0.01000000,39763.9100
1627580748437000,0,0.05019122,39763.9200
1627580748437000,0,0.01000000,39763.9200
1627580748437000,0,0.02980878,39767.6000
1627580900425000,1,0.00407500,39750.5200
1627581087930000,0,0.01000000,39807.4500
1627581194334000,0,0.00100000,39915.2500
1627581194575000,0,0.00900000,39915.2500
1627581391545000,1,0.01000000,39788.0600
1627581497417000,1,0.00500000,39628.0000
1627581497772000,1,0.00004600,39628.0000
1627581605999000,1,0.01000000,39597.9100
1627581605999000,1,0.00714000,39597.8100
1627581708928000,1,0.01000000,39622.2300
1627582436137000,0,0.01300000,39660.1200
1627582436137000,0,0.05259692,39660.2000
1627583084733000,1,0.00100000,39601.8100
1627583084879000,1,0.00900000,39601.8100
1627583332099000,1,0.03799621,39523.6800
1627583332164000,1,0.08737643,39523.6800
1627583332165000,1,0.16516328,39523.6800
1627583332167000,1,0.05746408,39523.6800
1627583332275000,1,0.01000000,39520.0000
1627583335141000,1,0.00250000,39496.1100
1627583401479000,0,0.01300000,39570.5000
1627583401479000,0,0.01300000,39570.5100
1627583401479000,0,0.01181222,39570.5900
1627583579059000,1,0.00506800,39469.0000
1627583579888000,1,0.02949972,39463.7800
1627583598045000,0,0.00070000,39475.2100
1627583906479000,1,0.00500000,39466.0500
1627583906479000,1,0.01000000,39466.0400
1627583906757000,0,0.12661161,39466.0400
1627583907287000,0,0.00524441,39466.0400
1627583907797000,0,0.15475192,39466.0400
1627583907843000,0,0.00662033,39466.0400
1627583908419000,0,0.00244945,39466.0400
1627583909079000,0,0.00783945,39466.0400
1627583909515000,0,0.00391945,39466.0400
1627583910524000,0,0.01469945,39466.0400
1627583910884000,0,0.16286393,39466.0400
1627584206546000,0,0.00245000,39474.2600
1627584206737000,0,0.00005000,39474.2600
1627584432740000,0,0.12660680,39512.8400
1627584432740000,0,0.03010339,39537.5600
1627584432740000,0,0.09924293,39537.5700
1627584432740000,0,0.05001316,39537.5900
1627584432740000,0,0.07525124,39539.1000
1627584432740000,0,0.25317651,39539.1100
1627584432740000,0,0.59800000,39556.8800
1627584432740000,0,0.19566100,39626.9900
1627584432740000,0,0.00506800,39627.0000
1627584432740000,0,0.46500000,39646.5900
1627584432740000,0,0.10187697,39699.9300
1627584697151000,1,0.00506800,39469.0000
1627584850469000,0,0.00650000,39537.1100
1627584850469000,0,0.01300000,39537.1200
1627584850469000,0,0.12649824,39549.5700
1627584850469000,0,0.00551046,39554.7700
1627585204393000,1,0.01714000,39519.9400
1627585943606000,0,0.00496664,39627.0000
1627585980040000,0,0.00010136,39627.0000
1627586443814000,1,0.07239817,39544.0000
1627586444582000,1,0.00144796,39544.0000
1627586444639000,1,0.00002955,39544.0000
1627588061284000,1,0.00306200,39557.8800
1627588805031000,1,0.01714000,39653.6600
1627589581240000,1,0.01159886,39668.7200
1627589582384000,1,0.04217129,39668.7200
1627589582477000,1,0.08252985,39668.7200
1627590736459000,0,0.12576646,39777.3000
1627590736459000,0,0.02990477,39787.9600
1627590736459000,0,0.02990477,39787.9700
1627590736459000,0,0.05017092,39787.9800
1627590736459000,0,0.00500000,39788.0000
1627590736459000,0,0.00004600,39788.0000
1627590736459000,0,0.25155336,39794.2900
1627590736459000,0,0.19437409,39807.0700
1627590736459000,0,0.53100000,39807.0800
1627590736459000,0,0.04992772,39813.3900
1627590736459000,0,0.09532941,39819.3700
1627590736459000,0,0.05006849,39819.3800
1627590736459000,0,0.00250000,39866.5500
1627590736459000,0,0.34007279,39895.1900
1627590853386000,1,0.00207700,39753.0500
1627590864763000,1,0.08637280,39753.0500
1627591082073000,1,0.00164800,39813.4900
1627591405529000,1,0.00250000,39767.1300
1627591405529000,1,0.00615600,39757.1800
1627592404363000,1,0.01724000,39711.6300
1627592762601000,1,0.12318225,39760.4600
1627592768837000,1,0.12320984,39748.2500
1627592771313000,1,0.00246420,39748.2500
1627592808888000,1,0.00005029,39748.2500
1627592808888000,1,0.12575462,39736.0600
1627592993065000,1,0.12330469,39713.7200
1627592994402000,1,0.00251642,39713.7200
1627592998341000,1,0.05011385,39705.5800
1627592998341000,1,0.09423041,39705.0100
1627592999561000,1,0.12334735,39701.5900
1627593019226000,1,0.00246694,39701.5900
1627593052543000,1,0.12338200,39701.7800
1627593230211000,1,0.12332124,39713.5000
1627593537366000,1,0.00086830,39651.3700
1627593622673000,1,0.00309541,39628.0000
1627593622865000,1,0.00195059,39628.0000
1627594287090000,0,0.00162200,39618.8200
1627594329818000,1,0.00118800,39619.5300
1627595712832000,1,0.00068265,39542.1800
1627595713192000,1,0.00110235,39542.1800
1627596004754000,1,0.01714000,39536.8700
1627596500823000,1,0.12351901,39647.2800
1627596509636000,1,0.12355797,39634.9700
1627596523072000,1,0.12359294,39621.8300
1627596584356000,1,0.12369486,39592.8400
1627596585249000,1,0.00247389,39592.8400
1627596586978000,1,0.00005049,39592.8400
1627596586978000,1,0.12369385,39592.8400
1627596587810000,1,0.00247488,39592.8400
1627596622948000,1,0.12364210,39607.1500
1627596902182000,1,0.12348292,39656.3900
1627596966138000,1,0.12336423,39696.9300
1627597101728000,1,0.12328200,39718.4600
1627597940329000,0,0.00294000,39788.0000
1627597940733000,0,0.00015541,39788.0000
1627597940733000,0,0.00180459,39788.0000
1627598428363000,0,0.00014600,39788.0000
1627599605102000,1,0.01724000,39764.1300
1627599698817000,0,0.00624255,39847.4900
1627599755031000,0,0.01100000,39847.8700
1627599755512000,0,0.00062423,39847.8700
1627599755512000,0,0.01162423,39847.8800
1627599778090000,1,0.00980000,39884.3500
1627599800845000,0,0.00492548,39947.9900
1627599800857000,0,0.01000000,39947.9900
1627599800870000,0,0.00492548,39947.9900
1627599800927000,0,0.01500000,39947.9900
1627599801063000,0,0.01534930,39947.9900
1627599801063000,0,0.00500000,39948.0000
1627599801063000,0,0.00002600,39948.0000
1627599856832000,1,0.02976396,39969.8900
1627599856832000,1,0.07232240,39969.8900
1627599857695000,1,0.00204173,39969.8900
1627599860468000,1,0.00004167,39969.8900
1627599863624000,1,0.01274000,39948.8400
1627599863647000,1,0.18073176,39948.8400
1627599875024000,1,0.12519962,39911.4900
1627600289834000,1,0.01000000,39891.6500
1627600289834000,1,0.12257539,39891.6400
1627600333675000,0,0.00479500,39921.7000
1627600707730000,0,0.05232237,40000.7000
1627600707893000,0,0.02814359,40016.9200
1627600708800000,0,0.05066930,40023.1800
1627600708931000,0,0.00500000,40110.0000
1627600708931000,0,0.00000600,40110.0000
1627600708931000,0,0.04039469,40147.1900
1627600709843000,0,0.05040950,40147.1800
1627600715899000,0,0.00498600,40272.0000
1627600717357000,0,0.00789155,40328.4800
1627600717357000,0,0.02953670,40328.4800
1627600717357000,0,0.02953538,40328.4900
1627600717357000,0,0.07383846,40328.4900
1627600717357000,0,0.07391515,40328.5200
1627600717431000,1,0.02600000,40336.5400
1627600717455000,1,0.00619878,40336.5400
1627600720543000,1,0.01000000,40189.1200
1627600741226000,1,0.01300000,40228.3400
1627600741226000,1,0.01248000,40228.3300
1627600817135000,0,0.00400000,40242.7400
1627600817474000,0,0.00080000,40242.7400
1627600919376000,1,0.00114400,40140.7000
1627601258067000,1,0.01264666,40284.9500
1627601258508000,1,0.00025810,40284.9500
1627601361078000,1,0.00183900,40296.6500
1627601429151000,0,0.02200000,40384.9000
1627601535262000,1,0.00281588,40246.4500
1627601535318000,1,0.00005747,40246.4500
1627601672106000,1,0.00081366,40172.8200
1627601849007000,1,0.00488628,40111.0000
1627601849095000,1,0.00009972,40111.0000
1627602164993000,0,0.00157600,40113.9400
1627602204470000,1,0.00337800,40092.5300
1627602242345000,1,0.01300000,40132.8600
1627602417073000,1,0.19012000,40009.5400
1627602417109000,1,0.05991988,40009.5400
1627602436369000,1,0.04716319,40000.7000
1627602436444000,1,0.00096251,40000.7000
1627602469168000,1,0.00490588,39949.0000
1627602469213000,1,0.00010012,39949.0000
1627603205414000,1,0.01300000,40016.8800
