timestamp ms,type,amount,price
1627516951935000,1,0.01054001,39931.6000
1627517614330000,0,0.00490588,40110.0000
1627517614961000,0,0.00009412,40110.0000
1627517614961000,0,0.00000600,40110.0000
1627518072855000,1,0.00500600,39949.0000
1627518936802000,1,0.00492548,39789.0000
1627518939513000,1,0.00010052,39789.0000
1627518941973000,0,0.01300000,39802.6900
1627518941973000,0,0.05200000,39802.7000
1627519378169000,0,0.00486400,39757.9100
1627520107820000,1,0.01800000,39669.4900
1627520107863000,1,0.01173721,39669.4900
1627520107863000,1,0.06148239,39669.4900
1627520108096000,1,0.01286065,39669.4900
1627520108096000,1,0.01313935,39669.4900
1627520108256000,1,0.01240000,39669.4900
1627520109356000,1,0.09839093,39669.4900
1627520109398000,1,0.00136797,39669.4900
1627520135756000,1,0.00504600,39628.0000
1627520135756000,1,0.02971925,39628.0000
1627520135756000,1,0.03993273,39628.0000
1627520141948000,1,0.01262085,39628.0000
1627520141957000,1,0.06360905,39628.0000
1627520142032000,1,0.07429811,39628.0000
1627520173007000,1,0.02971925,39639.6000
1627520173007000,1,0.12535775,39639.6000
1627520173007000,1,0.06971061,39639.6000
1627520174736000,1,0.00449575,39639.6000
1627520174755000,1,0.00009175,39639.6000
1627520330607000,1,0.00193612,39660.5100
1627520330834000,1,0.00111194,39660.5100
1627520333931000,1,0.02669018,39660.5100
1627520333931000,1,0.07434560,39660.5100
1627520333931000,1,0.09817535,39660.5100
1627520333981000,1,0.00406553,39660.5100
1627520348684000,1,0.00605287,39636.0200
1627520349035000,1,0.00812044,39636.0200
1627520349074000,1,0.00824965,39636.0200
1627520349729000,1,0.00731953,39636.0200
1627520349729000,1,0.05766286,39636.0200
1627520349778000,1,0.01669338,39636.0200
1627520350245000,1,0.01210284,39636.0100
1627520366767000,1,0.02828999,39614.2000
1627520366783000,1,0.00145250,39614.2000
1627520366783000,1,0.03389639,39614.2000
1627520366799000,1,0.04045985,39614.2000
1627520366799000,1,0.12528184,39614.2000
1627520376518000,1,0.01000000,39585.5900
1627520376636000,1,0.01974249,39585.5900
1627520378310000,1,0.02974249,39577.2400
1627520378310000,1,0.04388477,39577.2400
1627520378597000,1,0.03047147,39577.2400
1627520378880000,1,0.00672810,39558.2500
1627520379593000,1,0.07435624,39524.3100
1627520379593000,1,0.00672810,39524.3100
1627520379678000,1,0.00443907,39524.3100
1627520379678000,1,0.01000000,39518.3600
1627520379678000,1,0.01000000,39517.8100
1627520394473000,1,0.03006377,39556.1200
1627520394473000,1,0.03349749,39556.1200
1627520395467000,1,0.54600000,39513.1400
1627520395467000,1,0.02974249,39513.1400
1627520395467000,1,0.03349749,39513.1400
1627520395467000,1,0.02396503,39513.1400
1627520395580000,1,0.00609874,39513.1400
1627520398807000,1,0.00506800,39469.0000
1627520398807000,1,0.03349749,39469.0000
1627520398807000,1,0.19333617,39469.0000
1627520447730000,1,0.02973523,39537.8800
1627520447730000,1,0.07433807,39537.8800
1627520447951000,1,0.10506891,39537.2700
1627520448248000,1,0.02973523,39537.2700
1627520449333000,1,0.00291612,39505.1100
1627520449995000,1,0.02681911,39505.1100
1627520449995000,1,0.07231493,39505.1100
1627520453219000,1,0.01907716,39477.1200
1627520453318000,1,0.00494263,39477.1200
1627520453463000,1,0.02973523,39477.1100
1627520453534000,1,0.07433807,39477.1200
1627520453534000,1,0.02217059,39477.1200
1627520484237000,1,0.01000000,39452.8200
1627520484237000,1,0.02972767,39452.8200
1627520484237000,1,0.07431919,39452.8200
1627520532458000,1,0.02972767,39539.5200
1627520532458000,1,0.07430615,39539.5200
1627520532458000,1,0.08450532,39539.5200
1627520650760000,1,0.02972384,39576.0600
1627520728429000,0,0.00500000,39627.0000
1627520731265000,0,0.00006800,39627.0000
1627520778358000,0,0.02100000,39708.1300
1627520778392000,0,0.03078833,39708.1300
1627520792277000,1,0.02972387,39719.2200
1627520792277000,1,0.02061173,39719.2200
1627520799408000,1,0.03672612,39719.2200
1627520809789000,1,0.00298441,39719.2200
1627520810042000,1,0.01398741,39719.2200
1627520849449000,1,0.00393336,39711.6300
1627520849812000,1,0.04329212,39711.6300
1627520850087000,1,0.00095612,39711.6300
1627520851006000,1,0.02616921,39711.6300
1627520851006000,1,0.00320691,39711.6300
1627520851595000,1,0.02653341,39711.6300
1627520851595000,1,0.06752271,39711.6300
1627520852220000,1,0.00389612,39711.6300
1627520909892000,1,0.01175589,39733.8900
1627520910050000,1,0.00536200,39733.8900
1627520914124000,1,0.01075612,39733.8900
1627520914427000,1,0.00185470,39733.8900
1627520914427000,1,0.03732142,39733.8900
1627520914475000,1,0.00100000,39733.8900
1627520914540000,1,0.00089818,39733.8900
1627520914540000,1,0.01077027,39733.8900
1627520914557000,1,0.09255245,39733.8900
1627520914831000,1,0.00476008,39733.8900
1627520917630000,1,0.07432178,39706.5300
1627520917630000,1,0.00132027,39706.5300
1627520917947000,1,0.02708817,39706.5300
1627520917973000,1,0.00132027,39706.5300
1627520917973000,1,0.02367973,39706.5300
1627520918453000,1,0.02355388,39706.5300
1627520918532000,1,0.01540679,39706.5300
1627520918573000,1,0.00795597,39706.5300
1627520918655000,1,0.00372541,39706.5300
1627520976506000,1,0.01000000,39687.3700
1627520976506000,1,0.02500000,39687.3600
1627520984971000,1,0.00474050,39687.3600
1627520984971000,1,0.07435125,39687.3600
1627520984971000,1,0.01295406,39684.0600
1627520985605000,1,0.02914569,39684.0600
1627520986279000,1,0.00059481,39684.0600
1627520996486000,1,0.06704828,39672.4500
1627520997039000,1,0.00730297,39672.4500
1627520997039000,1,0.09367292,39672.4500
1627520999365000,1,0.02914569,39672.4500
1627521000500000,1,0.00059481,39672.4500
1627521001045000,1,0.00690000,39660.9700
1627521003420000,1,0.02284050,39660.9700
1627521003420000,1,0.03594139,39660.8500
1627521029918000,1,0.02974249,39675.2900
1627521029918000,1,0.02002385,39675.2900
1627521029989000,1,0.05433238,39675.2900
1627521029989000,1,0.12533983,39675.2900
1627521048217000,1,0.02974249,39629.9400
1627521048217000,1,0.07435623,39629.9400
1627521048217000,1,0.04384509,39629.9400
1627521048321000,1,0.05645771,39629.9400
1627521054605000,1,0.02974249,39607.2200
1627521054605000,1,0.05941363,39607.2200
1627521054800000,1,0.01494260,39607.2200
1627521054800000,1,0.09090143,39607.2200
1627521054827000,1,0.00055138,39607.2200
1627521063821000,1,0.02974249,39602.4300
1627521063821000,1,0.02247363,39602.2800
1627521063880000,1,0.00505484,39602.2800
1627521064916000,1,0.00627752,39602.2800
1627521066523000,1,0.02020809,39602.2800
1627521066688000,1,0.00325688,39602.2800
1627521066688000,1,0.02147459,39602.2700
1627521066928000,1,0.03035612,39602.2700
1627521068306000,1,0.00781612,39602.2700
1627521068947000,1,0.02193765,39602.2700
1627521068947000,1,0.00876707,39587.6900
1627521069391000,1,0.02975377,39587.6900
1627521069391000,1,0.02974249,39581.2700
1627521069391000,1,0.02975377,39578.7400
1627521132134000,1,0.01304527,39554.6100
1627521132555000,1,0.01670850,39554.6100
1627521132555000,1,0.07438442,39554.6100
1627521132555000,1,0.02277780,39554.6100
1627521133274000,1,0.03725651,39554.6100
1627521184033000,1,0.00800000,39562.3400
1627521184040000,1,0.02173102,39562.3400
1627521184040000,1,0.00353498,39562.3400
1627521184072000,1,0.07079257,39562.3400
1627521184072000,1,0.02326869,39562.3400
1627521184955000,1,0.02760000,39555.7400
1627521185012000,1,0.00213102,39555.7400
1627521185012000,1,0.05380950,39555.7400
1627521185088000,1,0.02051805,39555.7400
1627521185088000,1,0.00708195,39555.7400
1627521185090000,1,0.01618674,39555.7400
1627521185141000,1,0.05622803,39554.1400
1627521185277000,1,0.00513899,39554.1400
1627521186407000,1,0.02973102,39554.1400
1627521186407000,1,0.00567563,39554.1400
1627521186557000,1,0.01759306,39554.1400
1627521186557000,1,0.03371296,39554.1400
1627521186564000,1,0.04061459,39554.1400
1627521200399000,1,0.05171275,39507.1300
1627521200554000,1,0.00493865,39507.1300
1627521200825000,1,0.01771516,39507.1300
1627521200825000,1,0.01773425,39507.1300
1627521200888000,1,0.00290730,39507.1300
1627521201482000,1,0.00910508,39507.1300
1627521201482000,1,0.04101292,39507.1300
1627521201799000,1,0.00977612,39507.1300
1627521202420000,1,0.04309612,39507.1300
1627521202946000,1,0.00095612,39507.1300
1627521242839000,1,0.02974663,39526.3900
1627521242839000,1,0.02834853,39526.3900
1627521242839000,1,0.18833388,39526.3900
1627521307303000,1,0.02974784,39584.5100
1627521307303000,1,0.07436961,39584.5100
1627521307303000,1,0.00816656,39584.5100
1627521307398000,1,0.04367619,39584.5100
1627521319131000,1,0.02643317,39529.5400
1627521319131000,1,0.02860222,39529.5400
1627521319389000,1,0.04571126,39529.5400
1627521363074000,1,0.00615012,39479.9300
1627521363260000,1,0.12540300,39479.9300
1627521363740000,1,0.04892800,39479.9300
1627521370695000,1,0.00506800,39469.0000
1627521370695000,1,0.02972539,39469.0000
1627521370695000,1,0.01516273,39469.0000
1627521421923000,1,0.02932546,39488.0100
1627521422295000,1,0.00040653,39488.0100
1627521422295000,1,0.01128873,39488.0100
1627521449905000,1,0.00093932,39488.0200
1627521450815000,1,0.02879410,39488.0200
1627521450815000,1,0.07433355,39488.0200
1627521450815000,1,0.12172930,39488.0200
1627521518283000,1,0.00322701,39528.3500
1627521518283000,1,0.02973795,39528.3500
1627521522748000,1,0.07434488,39518.4800
1627521522748000,1,0.02973795,39518.4800
1627521543836000,1,0.00574121,39514.0800
1627521543836000,1,0.00968518,39514.0800
1627521544019000,1,0.06465970,39514.0800
1627521544019000,1,0.12530136,39514.0800
1627521545394000,1,0.02447416,39500.7600
1627521545508000,1,0.04987072,39500.7600
1627521545508000,1,0.00574121,39500.7600
1627521545508000,1,0.02002657,39500.7600
1627521560149000,1,0.02974767,39490.4400
1627521560149000,1,0.00496294,39490.4300
1627521560259000,1,0.01307581,39490.4300
1627521560309000,1,0.05633041,39490.4300
1627521560309000,1,0.01716314,39490.4300
1627521560309000,1,0.03570416,39490.4300
1627521695436000,1,0.02973501,39529.3900
1627521695436000,1,0.07433752,39529.3900
1627521695436000,1,0.06916006,39529.3900
1627521695603000,1,0.00353536,39529.3900
1627521703119000,1,0.00585612,39495.9700
1627521703332000,1,0.02387889,39495.9700
1627521703332000,1,0.12542425,39495.9700
1627521703332000,1,0.02827056,39495.9700
1627521726366000,1,0.02973501,39486.8300
1627521726366000,1,0.00276179,39486.7900
1627521726559000,1,0.08878126,39486.7900
1627521726573000,1,0.04100000,39486.7900
1627521726746000,1,0.01307700,39486.7900
1627521726940000,1,0.01665259,39486.7900
1627521726953000,1,0.00980820,39482.6500
1627521727662000,1,0.01992139,39482.6500
1627521741889000,1,0.00193612,39458.4500
1627521742172000,1,0.05571303,39458.4500
1627521742172000,1,0.02305966,39458.4500
1627521750571000,1,0.00072115,39455.3000
1627521750571000,1,0.00468749,39455.3000
1627521756116000,1,0.00917717,39431.3200
1627521756121000,1,0.00180288,39430.0000
1627521756121000,1,0.00468749,39430.0000
1627521789517000,1,0.00847965,39417.2800
1627521789517000,1,0.02119913,39417.2800
1627521789517000,1,0.05511774,39417.2800
1627521793484000,1,0.00710000,39319.4800
1627521793541000,1,0.00508800,39310.0000
1627521794185000,1,0.00710000,39293.6300
1627521881255000,1,0.00093644,39419.0700
1627521881255000,1,0.00234110,39419.0700
1627521881255000,1,0.00608686,39419.0700
1627521881729000,1,0.00330000,39367.7600
1627522084177000,1,0.02972502,39434.1400
1627522084177000,1,0.04569214,39434.1300
1627522084763000,1,0.02862042,39434.1300
1627522084763000,1,0.02972502,39434.1300
1627522085354000,1,0.02913052,39434.1200
1627522085661000,1,0.02972502,39434.1200
1627522085661000,1,0.07431256,39434.1200
1627522108000000,0,0.00498624,39468.0000
1627522108138000,0,0.00010176,39468.0000
1627522114882000,1,0.07434093,39446.4600
1627522114882000,1,0.01543479,39446.4600
1627522115494000,1,0.01430158,39446.4600
1627522116230000,1,0.01926508,39446.4600
1627522118676000,1,0.02587659,39446.4600
1627522124533000,1,0.02587659,39430.9100
1627522124533000,1,0.02345232,39430.9100
1627522124795000,1,0.00432732,39430.9100
1627522125005000,1,0.02973637,39430.9100
1627522125005000,1,0.00334403,39430.9000
1627522125806000,1,0.00977612,39430.9100
1627522128560000,1,0.19329636,39430.9100
1627522146756000,1,0.02825993,39390.5100
1627522146756000,1,0.07434093,39390.5100
1627522146756000,1,0.02564271,39390.5100
1627522147769000,1,0.00261722,39390.5100
1627522321741000,1,0.00095514,39480.3500
1627522321765000,1,0.02877596,39480.3500
1627522321765000,1,0.07432775,39480.3500
1627522321765000,1,0.01315084,39480.3500
1627522321788000,1,0.00141740,39480.3500
1627522507171000,1,0.01253703,39490.1700
1627522507171000,1,0.01943237,39490.1700
1627522507171000,1,0.07216885,39490.1700
1627522507952000,1,0.08265527,39490.1700
1627522507996000,1,0.00168684,39490.1700
1627522508334000,1,0.00340000,39454.3500
1627522508460000,1,0.02634562,39454.3500
1627522508460000,1,0.00660000,39454.0700
1627522508637000,1,0.01840210,39454.0700
1627522508755000,1,0.00474352,39454.0700
1627522508755000,1,0.01191038,39454.0700
1627522508973000,1,0.00420000,39454.0700
1627522509323000,1,0.00358800,39454.0700
1627522613186000,1,0.02973688,39562.0800
1627522613186000,1,0.00616897,39562.0800
1627522613250000,1,0.04897612,39562.0800
1627522613789000,1,0.00460956,39562.0800
1627522614445000,1,0.00193612,39562.0800
1627522615120000,1,0.00787920,39562.0800
1627522616686000,1,0.00392000,39562.0800
1627522617177000,1,0.02581688,39562.0800
1627522617177000,1,0.00883354,39547.7000
1627522618878000,1,0.00380000,39547.7000
1627522619916000,1,0.00056412,39547.7000
1627522620803000,1,0.00781612,39547.7000
1627522621979000,1,0.01002595,39547.7000
1627522626515000,1,0.01110010,39547.7000
1627522627376000,1,0.02916139,39547.7000
1627522627756000,1,0.00058323,39547.7000
1627522628289000,1,0.00001190,39547.7000
1627522699470000,1,0.00395539,39588.0600
1627522725458000,1,0.02974176,39588.0600
1627522725458000,1,0.06627916,39588.0600
1627522725494000,1,0.00807524,39588.0600
1627522725494000,1,0.08794568,39588.0600
1627522725552000,1,0.03590277,39588.0600
1627522731980000,1,0.02843850,39579.7600
1627522732009000,1,0.00130326,39579.7600
1627522732009000,1,0.02713524,39579.7600
1627522732062000,1,0.02843850,39579.7600
1627522732249000,1,0.01673412,39579.7600
1627522732879000,1,0.01553808,39579.7600
1627522739708000,1,0.03741929,39579.7600
1627522740004000,1,0.00076366,39579.7600
1627522740339000,1,0.01216438,39579.7600
1627522775809000,0,0.02600000,39599.8600
1627522788461000,0,0.04918993,39618.4200
1627522788513000,0,0.00100388,39618.4200
1627522884301000,1,0.00434995,39594.2900
1627522884879000,1,0.01868153,39594.2900
1627522884898000,1,0.05301858,39594.2900
1627522884898000,1,0.01196105,39594.2900
1627522884898000,1,0.04206287,39594.2900
1627522889494000,1,0.00201293,39585.3600
1627522889866000,1,0.03570168,39585.3600
1627522889866000,1,0.02973166,39585.3600
1627522889866000,1,0.00056047,39585.3600
1627522902345000,1,0.00393642,39568.3000
1627522971930000,0,0.17350000,39613.7800
1627522971930000,0,0.12629560,39613.7900
1627522971975000,1,0.02600000,39613.7900
1627522972044000,1,0.12629560,39613.7900
1627522972500000,1,0.00121226,39613.7900
1627522973095000,1,0.01176000,39613.7900
1627522973124000,1,0.06782679,39613.7900
1627522973988000,1,0.12630280,39613.7900
1627522974338000,1,0.00247511,39613.7900
1627522975146000,1,0.09479371,39613.7900
1627522975146000,1,0.00320629,39613.7900
1627522975724000,1,0.02652555,39613.7900
1627522975724000,1,0.05923630,39613.7900
1627522975724000,1,0.03869880,39613.7900
1627522975990000,1,0.03563079,39613.7900
1627523003597000,1,0.01837521,39579.7200
1627523003597000,1,0.13769032,39579.7200
1627523003597000,1,0.06972539,39579.7200
1627523003615000,1,0.00460798,39579.7200
1627523078680000,1,0.02975239,39561.0100
1627523078680000,1,0.07438097,39561.0100
1627523078680000,1,0.00966788,39561.0100
1627523079760000,1,0.11571367,39561.0100
1627523090364000,1,0.02975239,39531.7100
1627523090364000,1,0.04028533,39531.7100
1627523090364000,1,0.04135299,39531.7100
1627523141317000,1,0.01000000,39510.6800
1627523141317000,1,0.02974303,39510.6800
1627523141317000,1,0.04608126,39510.6800
1627523146405000,1,0.02771079,39510.6800
1627523146792000,1,0.00056553,39510.6800
1627523237353000,0,0.00500000,39627.0000
1627523237963000,0,0.00006800,39627.0000
1627523245350000,1,0.00130900,39653.5600
1627523279073000,1,0.02972824,39690.1900
1627523279073000,1,0.07432059,39690.1900
1627523279073000,1,0.11287350,39690.1900
1627523296160000,1,0.00500000,39648.8100
1627523301449000,1,0.01673176,39648.8100
1627523301449000,1,0.07442955,39648.8100
1627523301449000,1,0.03502033,39648.8100
1627523302031000,1,0.06608409,39648.8100
1627523302592000,1,0.02977182,39648.8100
1627523586807000,1,0.02972609,39703.9700
1627523586807000,1,0.06854351,39703.9700
1627523586897000,1,0.00578639,39703.9700
1627523586897000,1,0.04735058,39703.9700
1627523586897000,1,0.01000000,39690.8200
1627523594007000,1,0.02974251,39675.8600
1627523594007000,1,0.02755042,39675.8600
1627523594007000,1,0.01785924,39675.8600
1627523594021000,1,0.03111181,39675.8600
1627523594762000,1,0.01172331,39650.8500
1627523594872000,1,0.00370911,39650.8500
1627523594894000,1,0.00291063,39650.8500
1627523594945000,1,0.01629088,39650.8500
1627523595223000,1,0.00350000,39650.8500
1627523613377000,1,0.02020001,39650.8500
1627523620870000,1,0.00954250,39650.8500
1627523620870000,1,0.07435629,39650.8500
1627523620908000,0,0.04228344,39650.5200
1627523621016000,1,0.08317249,39650.8500
1627523749658000,1,0.02973486,39699.8300
1627523749658000,1,0.00547986,39699.8300
1627523749891000,1,0.04321002,39699.8300
1627523761104000,1,0.02973486,39699.8300
1627523761142000,1,0.07433714,39685.9900
1627523761187000,1,0.03528697,39682.7500
1627523761990000,1,0.01309000,39682.7500
1627523762352000,1,0.00386700,39682.7500
1627523773102000,1,0.01277786,39682.7500
1627523774005000,1,0.02976187,39677.2600
1627523774005000,1,0.07440467,39677.2500
1627523825929000,1,0.01000000,39713.5400
1627523825929000,1,0.02976187,39713.5300
1627523825929000,1,0.02384279,39713.5300
1627523826149000,1,0.00500000,39713.5300
1627523834879000,1,0.05880000,39713.5400
1627523834920000,1,0.01554098,39713.5400
1627523834920000,1,0.02973639,39713.5400
1627523834920000,1,0.12048171,39713.5400
1627523838754000,1,0.02190767,39699.3600
1627523839972000,1,0.05243331,39699.3600
1627523839972000,1,0.00578075,39699.3600
1627523839972000,1,0.18826630,39699.3600
1627523896868000,1,0.01470000,39681.3200
1627523897447000,1,0.00098000,39681.3200
1627523897794000,1,0.00196000,39681.3200
1627523898220000,1,0.01209639,39681.3200
1627523898220000,1,0.07434098,39681.3200
1627523898220000,1,0.12546876,39681.3200
1627523922130000,1,0.05248808,39672.8600
1627523922130000,1,0.02975192,39672.8600
1627523922130000,1,0.04276000,39672.8600
1627523922567000,1,0.03098741,39672.8600
1627524019272000,1,0.02972963,39646.0100
1627524019272000,1,0.19325250,39646.0100
1627524019272000,1,0.06837795,39646.0100
1627524019375000,1,0.00594612,39646.0100
1627524274845000,1,0.02974577,39757.3200
1627524274845000,1,0.07436443,39757.3200
1627524274845000,1,0.04709715,39757.3200
1627524277055000,1,0.04879794,39757.3200
1627524307232000,0,0.00500000,39788.0000
1627524307323000,0,0.00004600,39788.0000
1627524348411000,1,0.00980000,39773.8400
1627524348762000,1,0.00194236,39773.8400
1627524348969000,1,0.01800341,39773.8400
1627524348969000,1,0.01139659,39773.8400
1627524349772000,1,0.00196000,39773.8400
1627524350411000,1,0.00196000,39773.8400
1627524351190000,1,0.03707067,39773.8400
1627524351190000,1,0.05014933,39773.8400
1627524351797000,1,0.02156000,39773.8400
1627524352494000,1,0.00980000,39773.8400
1627524352602000,1,0.00500000,39773.8400
1627524352750000,1,0.07622034,39773.8400
1627524353697000,1,0.00400000,39751.9900
1627524388707000,0,0.00400000,39792.7500
1627524389054000,0,0.00020000,39792.7500
1627524389774000,0,0.02200000,39835.1800
1627524405629000,1,0.01694848,39835.9200
1627524408090000,1,0.00404884,39835.9200
1627524408213000,1,0.00800000,39835.9200
1627524408578000,1,0.00074845,39835.9200
1627524409761000,1,0.00519400,39820.5300
1627524411510000,1,0.02455177,39820.5300
1627524411510000,1,0.07238611,39820.5200
1627524413427000,1,0.00193875,39820.5200
1627524415078000,1,0.02915085,39820.5200
1627524415105000,1,0.00059492,39820.5200
1627524430911000,1,0.02595576,39834.5300
1627524431404000,1,0.00377113,39834.5300
1627524456362000,1,0.00196000,39819.3400
1627524456654000,1,0.02776689,39819.3400
1627524456654000,1,0.00163311,39819.3400
1627524456723000,1,0.04802477,39819.3400
1627524456792000,1,0.02465935,39819.3400
1627524457064000,1,0.11794692,39819.3300
1627524466461000,1,0.06750970,39819.4700
1627524466493000,1,0.00680753,39819.4700
1627524466493000,1,0.00957503,39819.4700
1627524466920000,1,0.00294000,39819.4800
1627524467180000,1,0.02678689,39819.4800
1627524474951000,1,0.09411534,39810.8600
1627524474951000,1,0.07094858,39810.8600
1627524474977000,1,0.00336865,39810.8600
1627524481546000,1,0.00492456,39804.9200
1627524481892000,1,0.00392000,39804.9200
1627524482636000,1,0.02088233,39804.9200
1627524482636000,1,0.03143619,39804.9200
1627524482636000,1,0.02972689,39804.9200
1627524483719000,1,0.02972689,39804.9200
1627524483719000,1,0.02972689,39804.9100
1627524483719000,1,0.07164181,39804.9100
1627524484381000,1,0.00098000,39804.9100
1627524485131000,1,0.00392000,39804.9100
1627524486386000,1,0.01653707,39804.9100
1627524486386000,1,0.02972689,39794.5300
1627524486386000,1,0.02820707,39794.5300
1627524542909000,1,0.02974608,39806.7400
1627524542909000,1,0.01950263,39806.7400
1627524543200000,1,0.00088200,39806.7400
1627524543498000,1,0.00196000,39806.7400
1627524544165000,1,0.00098000,39806.7400
1627524544881000,1,0.00545958,39806.7400
1627524545508000,1,0.04558098,39806.7400
1627524545508000,1,0.00537902,39806.7400
1627524583785000,1,0.07442119,39792.9900
1627524583785000,1,0.10046981,39792.9900
1627524584290000,1,0.02356889,39792.9900
1627524721140000,1,0.00980000,39807.5000
1627524721454000,1,0.00980000,39807.5000
1627524721593000,1,0.01012911,39807.5000
1627524721593000,1,0.09917544,39807.5000
1627524721593000,1,0.07432276,39807.5000
1627524811023000,1,0.01800000,39804.6100
1627524811884000,1,0.01173192,39804.6100
1627524811884000,1,0.07432981,39804.6100
1627524811884000,1,0.03962562,39804.5700
1627524811961000,1,0.01247928,39804.5700
1627524850194000,1,0.07432981,39764.6400
1627524850194000,1,0.02973192,39764.6400
1627524850194000,1,0.00920123,39764.6400
1627524850331000,1,0.02864053,39764.6400
1627524957023000,1,0.02976804,39824.9700
1627524957023000,1,0.07233634,39824.9600
1627524957461000,1,0.00208376,39824.9600
1627524958339000,1,0.02914345,39821.9100
1627524958616000,1,0.02914345,39821.9100
1627524959008000,1,0.02914345,39821.9100
1627524959247000,1,0.02914345,39821.9100
1627524959704000,1,0.02914345,39821.9100
1627524960880000,1,0.02973821,39821.9100
1627524962331000,1,0.02973821,39805.7200
1627524963446000,1,0.01580813,39797.4900
1627524964460000,1,0.01365148,39797.4900
1627524966520000,1,0.00027860,39797.4900
1627524966921000,1,0.07313164,39783.3200
1627524969203000,1,0.02511508,39783.3200
1627524969443000,1,0.00294000,39783.3200
1627524969579000,1,0.00172882,39783.3200
1627524969579000,1,0.02978390,39783.3100
1627524970450000,1,0.01533045,39772.8200
1627525018340000,1,0.02978390,39772.9400
1627525018340000,1,0.07445974,39772.9400
1627525018340000,1,0.07559290,39772.9400
1627525018576000,1,0.01608766,39772.9400
1627525019085000,1,0.01276792,39772.9400
1627525041916000,1,0.00980500,39778.5200
1627525104780000,1,0.02973679,39790.8300
1627525104780000,1,0.07434198,39790.8300
1627525104780000,1,0.12531580,39790.8300
1627525182158000,1,0.02974511,39791.4500
1627525182158000,1,0.07436278,39791.4500
1627525182158000,1,0.05766282,39791.4300
1627525182226000,1,0.00330144,39791.4300
1627525266246000,1,0.02973945,39805.0200
1627525266246000,1,0.07434861,39805.0200
1627525266246000,1,0.02137215,39805.0200
1627525266517000,1,0.00256041,39805.0200
1627525383319000,1,0.07438425,39792.8200
1627525383319000,1,0.13082187,39792.8200
1627525383319000,1,0.02505450,39792.8200
1627525388699000,1,0.00460522,39792.8200
1627525388735000,1,0.00009398,39792.8200
1627525388821000,1,0.00350000,39769.4800
1627525432185000,0,0.05996419,39824.6000
1627525791178000,0,0.01300000,39908.6100
1627525791178000,0,0.01300000,39908.6200
1627525794090000,1,0.11464804,39899.9700
1627526237473000,0,0.00400000,39948.0000
1627526237483000,0,0.00092548,39948.0000
1627526237483000,0,0.00010052,39948.0000
1627527173823000,1,0.00400000,39789.0000
1627527173865000,1,0.00102600,39789.0000
1627528877366000,1,0.00950831,39715.0500
1627528877403000,1,0.01000053,39715.0500
1627529145082000,1,0.00504600,39628.0000
1627529203795000,1,0.01039594,39617.5500
1627529203795000,1,0.01039594,39617.5200
1627529203795000,1,0.12615548,39617.5100
1627529203804000,0,0.01000000,39617.5100
1627529203866000,0,0.02600000,39617.5100
1627529480095000,1,0.02027939,39592.1100
1627530128198000,0,0.00286400,39667.3000
1627530366028000,1,0.01200000,39622.3200
1627530366129000,1,0.00090000,39622.3200
1627530926410000,1,0.02010000,39682.1500
1627530926839000,1,0.07320656,39668.9300
1627531168608000,1,0.01400000,39678.1400
1627531274909000,1,0.00227270,39650.7700
1627531360316000,1,0.00245000,39520.0000
1627531360337000,1,0.00005000,39520.0000
1627531493948000,0,0.00156600,39744.2500
1627531525741000,0,0.00500000,39788.0000
1627531526085000,0,0.00004600,39788.0000
1627532139037000,1,0.01166508,39828.4600
1627532139366000,1,0.00330064,39824.4300
1627532219564000,1,0.01000000,39837.7200
1627532219564000,1,0.04081900,39833.4300
1627532727442000,0,0.00400000,39948.0000
1627532727442000,0,0.00100000,39948.0000
1627532727535000,0,0.00002600,39948.0000
1627532976690000,0,0.01600000,40024.4700
1627532976833000,0,0.04502269,40024.4700
1627532976837000,0,0.07412306,40024.4700
1627532976936000,0,0.02140000,40024.4700
1627532976946000,0,0.19885444,40024.4700
1627532977000000,0,0.02497683,40024.4700
1627532977027000,0,0.03532685,40024.4700
1627532977080000,0,0.15829613,40024.4700
1627533670062000,0,0.00245000,40091.0800
1627533853806000,1,0.00240000,40100.8800
1627534050200000,0,0.00490588,40110.0000
1627534920674000,0,0.00845953,39990.3900
1627535603979000,1,0.01000000,39881.3800
1627535604330000,1,0.01000000,39881.0500
1627535614662000,1,0.01000000,39789.0500
1627535616305000,1,0.00500000,39789.0000
1627535651128000,1,0.00002600,39789.0000
1627535842675000,1,0.00100000,39836.6200
1627535843808000,1,0.01124070,39789.6700
1627536046126000,1,0.01000000,39830.9700
1627536073071000,1,0.01000000,39776.8800
1627536257657000,1,0.01000000,39779.8900
1627536765083000,0,0.01984830,39875.9100
1627536765121000,0,0.07119110,39875.9100
1627536765149000,0,0.31296060,39875.9100
1627536811144000,0,0.00500000,39948.0000
1627536811392000,0,0.00002600,39948.0000
1627537209412000,0,0.01000000,40047.6500
1627537212233000,1,0.07575281,40060.0400
1627537251591000,0,0.00010012,40110.0000
1627539113151000,1,0.00309600,40142.3000
1627539247911000,1,0.00281600,40141.7000
1627539942923000,1,0.00709200,40051.4000
1627540892547000,0,0.00300000,40056.8200
1627540893042000,0,0.00020200,40056.8200
1627540978114000,0,0.00200000,40069.1600
1627540978254000,0,0.00040300,40069.1600
1627541042792000,1,0.00148100,40069.9900
1627541136590000,1,0.00517800,40058.1100
1627541735672000,1,0.01274000,40003.3100
1627541735804000,1,0.01000000,40008.7300
1627541779138000,1,0.00490588,39949.0000
1627541779362000,1,0.00010012,39949.0000
1627542509601000,1,0.01060000,40043.2900
1627542730141000,1,0.00232900,40015.8200
1627543210495000,0,0.00495700,40019.4400
1627543365368000,0,0.00171500,39988.0200
1627543600662000,1,0.00132600,40028.3100
1627543855895000,0,0.00490588,40110.0000
1627543865449000,0,0.00010012,40110.0000
1627543990853000,0,0.00382396,40063.7600
1627543991214000,0,0.00007804,40063.7600
1627544895846000,1,0.00490588,39949.0000
1627544895930000,1,0.00010012,39949.0000
1627545355468000,1,0.01299995,39958.6300
1627545355538000,1,0.00000005,39958.6300
1627545355538000,1,0.01915953,39958.6100
1627545509993000,1,0.01000000,39890.9900
1627545738923000,1,0.01211497,39949.3800
1627545738983000,1,0.04256853,39949.3800
1627546060706000,1,0.00424400,39842.2400
1627546108139000,1,0.01147850,39867.0500
1627546108542000,1,0.02973830,39854.4700
1627546110120000,0,0.01300000,39854.4600
1627546110120000,0,0.01420760,39854.4700
1627546110120000,0,0.12534975,39867.0400
1627546110120000,0,0.01147841,39867.0500
1627546110129000,1,0.02973830,39867.1600
1627546111108000,0,0.02309218,39837.4000
1627546111188000,0,0.06379256,39837.4000
1627546111544000,0,0.02600000,39837.4000
1627546112632000,0,0.00766400,39844.5200
1627546115023000,0,0.04989370,39844.5100
1627546115023000,0,0.01124300,39844.5200
1627546262286000,1,0.00500000,39789.0000
1627546262415000,1,0.00002600,39789.0000
1627546489687000,0,0.08042005,39838.7300
1627546489687000,0,0.01365499,39838.7300
1627546489713000,0,0.09407504,39838.7300
1627546500031000,0,0.22441974,39848.8800
1627546548850000,0,0.02338871,39842.0300
1627546554572000,0,0.00047732,39842.0300
1627546557903000,0,0.00831040,39854.8400
1627546558892000,0,0.00097974,39866.9800
1627546561600000,0,0.00707571,39869.8000
1627546561669000,0,0.00014440,39869.8000
1627546578414000,1,0.05004829,39864.4900
1627546578416000,1,0.00898453,39864.4900
1627546578484000,1,0.03466718,39864.4900
1627546578484000,1,0.01523714,39864.3900
1627546631364000,0,0.00490851,39923.8200
1627546964387000,0,0.04855948,39845.6200
1627546964779000,0,0.00099101,39845.6200
1627547423076000,0,0.00492548,39948.0000
1627547423161000,0,0.00007452,39948.0000
1627547423161000,0,0.00002600,39948.0000
1627547521220000,1,0.00178934,39897.8700
1627547521254000,1,0.00708066,39897.8700
1627548245644000,0,0.00500000,40004.8300
1627548245688000,0,0.00787917,40004.8300
1627548403600000,1,0.00831400,40059.9400
1627548901829000,1,0.00191275,39932.2400
1627549485665000,1,0.00126900,39957.3500
1627549847277000,0,0.02472954,40044.3100
1627549847418000,0,0.04490000,40044.3100
1627549847450000,0,0.02367046,40044.3100
1627550045750000,0,0.01287917,40099.7000
1627550045820000,0,0.00490588,40110.0000
1627550045820000,0,0.00010012,40110.0000
1627550226556000,1,0.00208100,40074.4900
1627550351753000,0,0.00220800,40139.9800
1627550595373000,1,0.00266000,40090.4900
1627550721555000,1,0.00223300,40026.6500
1627550932284000,0,0.00111818,40132.2200
1627550932608000,0,0.00002282,40132.2200
1627551117217000,1,0.32742122,40157.1200
1627551117239000,1,0.13957878,40157.1200
1627551140348000,0,0.00741300,40119.9700
1627551144684000,0,0.00074200,40119.9700
1627551822336000,0,0.00488628,40272.0000
1627551822751000,0,0.00009972,40272.0000
1627551903342000,0,0.01000000,40372.7100
1627551908146000,1,0.10506684,40360.4500
1627551908256000,0,0.01000000,40361.2200
1627551916632000,0,0.00486668,40435.0000
1627551917002000,0,0.00009932,40435.0000
1627551945515000,0,0.01000000,40512.6700
1627551947650000,1,0.00646800,40515.0100
1627551947817000,1,0.61743161,40515.0100
1627551947890000,1,0.46610039,40515.0100
1627551957422000,0,0.00245000,40520.0000
1627551957454000,0,0.00005000,40520.0000
1627552060879000,0,0.00484708,40598.0000
1627552061370000,0,0.00009892,40598.0000
1627552141629000,1,0.00161300,40530.0300
1627552313078000,1,0.00482327,40456.4600
1627552313472000,1,0.01284697,40456.4500
1627552323782000,1,0.01300000,40436.0600
1627552323782000,1,0.00458708,40436.0500
1627552324058000,1,0.00841292,40436.0500
1627552324058000,1,0.00494600,40436.0000
1627552882706000,1,0.00400000,40273.0000
1627552883480000,1,0.00094668,40273.0000
1627552884400000,1,0.00001932,40273.0000
1627553559614000,0,0.00400000,40322.0800
1627553559720000,0,0.00005000,40322.0800
1627553780212000,0,0.00252954,40434.9900
1627553780212000,0,0.00400000,40435.0000
1627553780212000,0,0.00081609,40435.0000
1627553780343000,0,0.00013059,40435.0000
1627553780343000,0,0.00001932,40435.0000
1627553780864000,0,0.00069079,40468.3600
1627553944796000,0,0.12366821,40450.1100
1627554017261000,0,0.01261630,40528.7000
1627554306584000,1,0.02600000,40412.2100
1627555082765000,1,0.00486668,40273.0000
1627555082835000,1,0.00009932,40273.0000
1627555099937000,1,0.01000000,40222.6100
1627555174689000,1,0.01300000,40225.4300
1627555174689000,1,0.00182778,40225.3900
1627555260930000,1,0.01140748,40173.9200
1627555261009000,1,0.00490000,40173.9200
1627555261236000,1,0.03030000,40173.9200
1627555261667000,1,0.00788768,40173.9200
1627555261733000,1,0.29561116,40173.9200
1627555262066000,1,0.01189368,40173.9200
1627555292307000,1,0.00498600,40111.0000
1627555575217000,1,0.00168700,40200.3900
1627555637282000,0,0.00176500,40121.8900
1627555738474000,0,0.00065803,40165.2000
1627557005431000,1,0.01734000,40194.0600
1627557284833000,0,0.00218897,40215.1000
1627557514923000,1,0.01000000,40092.4900
1627557630579000,1,0.00196000,40145.6400
1627557692301000,0,0.01100000,40167.7600
1627558588484000,1,0.01000000,39995.5600
1627558678723000,1,0.00500000,39949.0000
1627558679339000,1,0.00000600,39949.0000
1627558681367000,1,0.01300000,39898.5700
1627558681367000,1,0.01300000,39898.5600
1627558681367000,1,0.02972618,39898.5500
1627558927343000,1,0.00500000,39789.0000
1627558933737000,1,0.00002600,39789.0000
1627559009145000,1,0.14073216,39742.2700
1627559009644000,1,0.01373863,39742.2700
1627559009741000,1,0.04870970,39742.2700
1627559010795000,1,0.01373863,39742.2700
1627559011170000,1,0.00100000,39742.2700
1627559011195000,1,0.02229405,39742.2700
1627559011225000,1,0.02191936,39742.2700
1627559011244000,1,0.14886747,39742.2700
1627559233738000,1,0.00504600,39628.0000
1627559233771000,1,0.01000000,39621.5300
1627559237512000,0,0.12631015,39626.3600
1627559299881000,0,0.00396100,39633.8100
1627559401282000,0,0.00200000,39776.1600
1627559402044000,0,0.00504600,39788.0000
1627559618078000,0,0.01274000,39825.1000
1627560005249000,1,0.01000000,39770.0800
1627560005249000,1,0.00724000,39770.0700
1627560069125000,1,0.00200000,39628.0000
1627560075363000,1,0.00298508,39628.0000
1627560075629000,1,0.00006092,39628.0000
1627560486231000,0,0.09678851,39645.7000
1627560529823000,0,0.00193577,39654.7200
1627560594014000,0,0.00003951,39654.7200
1627561061501000,0,0.01257155,39676.8700
1627561220259000,0,0.12567729,39689.1100
1627561502690000,1,0.01000000,39571.4000
1627561519115000,1,0.01000000,39517.7400
1627561520059000,1,0.09284268,39497.9300
1627561845967000,0,0.00200000,39788.0000
1627561845967000,0,0.00294508,39788.0000
1627561846001000,0,0.00004000,39788.0000
1627561846001000,0,0.00006092,39788.0000
1627561846506000,0,0.01000000,39794.9200
1627562197732000,1,0.00494508,39628.0000
1627562197772000,1,0.00010092,39628.0000
1627562325252000,1,0.07170010,39618.9500
1627562348486000,1,0.00133258,39573.1300
1627563604707000,1,0.01724000,39714.3800
1627564184972000,0,0.00400000,39788.0000
1627564185095000,0,0.00094508,39788.0000
1627564185095000,0,0.00010092,39788.0000
1627565214270000,0,0.00492548,39948.0000
1627565214375000,0,0.00007452,39948.0000
1627565214375000,0,0.00002600,39948.0000
1627565458645000,1,0.00400000,39965.9700
1627565458707000,1,0.00875682,39965.9700
1627565458853000,1,0.01816653,39965.9700
1627565458955000,1,0.16873125,39965.9700
1627565894454000,1,0.00502600,39789.0000
1627566200995000,0,0.04940527,39902.6200
1627567205072000,1,0.01000000,39860.8600
1627567205072000,1,0.00724000,39860.8300
1627567715164000,0,0.00492548,39948.0000
1627567715330000,0,0.00010052,39948.0000
1627568196929000,1,0.01000000,39920.5600
1627568375254000,1,0.00492548,39789.0000
1627568375300000,1,0.00010052,39789.0000
1627568971048000,0,0.05845164,39803.5000
1627568971097000,0,0.50654836,39803.5000
1627569089093000,0,0.00492548,39948.0000
1627569089137000,0,0.00010052,39948.0000
1627569158841000,1,0.00306239,39875.5500
1627569166902000,1,0.00102291,39853.0100
1627569178104000,1,0.01000000,39810.1100
1627569178104000,1,0.00510000,39800.2500
1627569269746000,1,0.00492548,39789.0000
1627569270003000,1,0.00010052,39789.0000
1627569494873000,1,0.00100000,39739.7600
1627570654441000,0,0.00184034,39948.0000
1627570654652000,0,0.00308514,39948.0000
1627570654652000,0,0.00010052,39948.0000
1627570804681000,1,0.01734000,39967.8400
1627571358843000,0,0.00500000,40110.0000
1627571360180000,0,0.00000600,40110.0000
1627571706097000,1,0.00500000,39949.0000
1627571706388000,1,0.00000600,39949.0000
1627571904961000,0,0.01000000,40015.7100
1627571913077000,0,0.01000000,40062.6600
1627571913153000,0,0.00011449,40062.6600
1627571926459000,1,0.00164500,39992.1100
1627572528021000,0,0.00249259,40030.5100
1627573217597000,1,0.01000000,39916.8300
1627573217677000,0,0.00600000,39916.8300
1627573217805000,0,0.26104992,39916.8300
1627573217845000,0,0.22295008,39916.8300
1627574405052000,1,0.01000000,39940.4300
1627574405052000,1,0.00724000,39940.4200
1627574513824000,1,0.00904400,39965.5900
1627574552193000,0,0.00500000,40110.0000
1627574552193000,0,0.00000600,40110.0000
1627574587171000,1,0.00500000,39949.0000
1627574587280000,1,0.00000600,39949.0000
1627576404347000,1,0.00500000,39826.1300
1627576865475000,1,0.00500000,39789.0000
1627576867330000,1,0.00002600,39789.0000
1627578004460000,1,0.01724000,39673.1100
1627579483607000,0,0.01280190,39768.6500
1627579484609000,0,0.02685278,39768.6500
1627579485612000,0,0.00094532,39768.6500
1627579620541000,1,0.00100000,39714.5600
1627580369842000,0,0.00246300,39707.8900
1627580386017000,0,0.00233300,39707.9000
1627580488898000,0,0.00325100,39732.8400
1627580659840000,0,0.00298400,39730.2800
1627580748437000,0,0.01000000,39763.9100
1627580748437000,0,0.05019122,39763.9200
1627580748437000,0,0.01000000,39763.9200
1627580748437000,0,0.02980878,39767.6000
1627580900425000,1,0.00407500,39750.5200
1627581087930000,0,0.01000000,39807.4500
1627581194334000,0,0.00100000,39915.2500
1627581194575000,0,0.00900000,39915.2500
1627581391545000,1,0.01000000,39788.0600
1627581497417000,1,0.00500000,39628.0000
1627581497772000,1,0.00004600,39628.0000
1627581605999000,1,0.01000000,39597.9100
1627581605999000,1,0.00714000,39597.8100
1627581708928000,1,0.01000000,39622.2300
1627582436137000,0,0.01300000,39660.1200
1627582436137000,0,0.05259692,39660.2000
1627583084733000,1,0.00100000,39601.8100
1627583084879000,1,0.00900000,39601.8100
1627583332099000,1,0.03799621,39523.6800
1627583332164000,1,0.08737643,39523.6800
1627583332165000,1,0.16516328,39523.6800
1627583332167000,1,0.05746408,39523.6800
1627583332275000,1,0.01000000,39520.0000
1627583335141000,1,0.00250000,39496.1100
1627583401479000,0,0.01300000,39570.5000
1627583401479000,0,0.01300000,39570.5100
1627583401479000,0,0.01181222,39570.5900
1627583579059000,1,0.00506800,39469.0000
1627583579888000,1,0.02949972,39463.7800
1627583598045000,0,0.00070000,39475.2100
1627583906479000,1,0.00500000,39466.0500
1627583906479000,1,0.01000000,39466.0400
1627583906757000,0,0.12661161,39466.0400
1627583907287000,0,0.00524441,39466.0400
1627583907797000,0,0.15475192,39466.0400
1627583907843000,0,0.00662033,39466.0400
1627583908419000,0,0.00244945,39466.0400
1627583909079000,0,0.00783945,39466.0400
1627583909515000,0,0.00391945,39466.0400
1627583910524000,0,0.01469945,39466.0400
1627583910884000,0,0.16286393,39466.0400
1627584206546000,0,0.00245000,39474.2600
1627584206737000,0,0.00005000,39474.2600
1627584432740000,0,0.12660680,39512.8400
1627584432740000,0,0.03010339,39537.5600
1627584432740000,0,0.09924293,39537.5700
1627584432740000,0,0.05001316,39537.5900
1627584432740000,0,0.07525124,39539.1000
1627584432740000,0,0.25317651,39539.1100
1627584432740000,0,0.59800000,39556.8800
1627584432740000,0,0.19566100,39626.9900
1627584432740000,0,0.00506800,39627.0000
1627584432740000,0,0.46500000,39646.5900
1627584432740000,0,0.10187697,39699.9300
1627584697151000,1,0.00506800,39469.0000
1627584850469000,0,0.00650000,39537.1100
1627584850469000,0,0.01300000,39537.1200
1627584850469000,0,0.12649824,39549.5700
1627584850469000,0,0.00551046,39554.7700
1627585204393000,1,0.01714000,39519.9400
1627585943606000,0,0.00496664,39627.0000
1627585980040000,0,0.00010136,39627.0000
1627586443814000,1,0.07239817,39544.0000
1627586444582000,1,0.00144796,39544.0000
1627586444639000,1,0.00002955,39544.0000
1627588061284000,1,0.00306200,39557.8800
1627588805031000,1,0.01714000,39653.6600
1627589581240000,1,0.01159886,39668.7200
1627589582384000,1,0.04217129,39668.7200
1627589582477000,1,0.08252985,39668.7200
1627590736459000,0,0.12576646,39777.3000
1627590736459000,0,0.02990477,39787.9600
1627590736459000,0,0.02990477,39787.9700
1627590736459000,0,0.05017092,39787.9800
1627590736459000,0,0.00500000,39788.0000
1627590736459000,0,0.00004600,39788.0000
1627590736459000,0,0.25155336,39794.2900
1627590736459000,0,0.19437409,39807.0700
1627590736459000,0,0.53100000,39807.0800
1627590736459000,0,0.04992772,39813.3900
1627590736459000,0,0.09532941,39819.3700
1627590736459000,0,0.05006849,39819.3800
1627590736459000,0,0.00250000,39866.5500
1627590736459000,0,0.34007279,39895.1900
1627590853386000,1,0.00207700,39753.0500
1627590864763000,1,0.08637280,39753.0500
1627591082073000,1,0.00164800,39813.4900
1627591405529000,1,0.00250000,39767.1300
1627591405529000,1,0.00615600,39757.1800
1627592404363000,1,0.01724000,39711.6300
1627592762601000,1,0.12318225,39760.4600
1627592768837000,1,0.12320984,39748.2500
1627592771313000,1,0.00246420,39748.2500
1627592808888000,1,0.00005029,39748.2500
1627592808888000,1,0.12575462,39736.0600
1627592993065000,1,0.12330469,39713.7200
1627592994402000,1,0.00251642,39713.7200
1627592998341000,1,0.05011385,39705.5800
1627592998341000,1,0.09423041,39705.0100
1627592999561000,1,0.12334735,39701.5900
1627593019226000,1,0.00246694,39701.5900
1627593052543000,1,0.12338200,39701.7800
1627593230211000,1,0.12332124,39713.5000
1627593537366000,1,0.00086830,39651.3700
1627593622673000,1,0.00309541,39628.0000
1627593622865000,1,0.00195059,39628.0000
1627594287090000,0,0.00162200,39618.8200
1627594329818000,1,0.00118800,39619.5300
1627595712832000,1,0.00068265,39542.1800
1627595713192000,1,0.00110235,39542.1800
1627596004754000,1,0.01714000,39536.8700
1627596500823000,1,0.12351901,39647.2800
1627596509636000,1,0.12355797,39634.9700
1627596523072000,1,0.12359294,39621.8300
1627596584356000,1,0.12369486,39592.8400
1627596585249000,1,0.00247389,39592.8400
1627596586978000,1,0.00005049,39592.8400
1627596586978000,1,0.12369385,39592.8400
1627596587810000,1,0.00247488,39592.8400
1627596622948000,1,0.12364210,39607.1500
1627596902182000,1,0.12348292,39656.3900
1627596966138000,1,0.12336423,39696.9300
1627597101728000,1,0.12328200,39718.4600
1627597940329000,0,0.00294000,39788.0000
1627597940733000,0,0.00015541,39788.0000
1627597940733000,0,0.00180459,39788.0000
1627598428363000,0,0.00014600,39788.0000
1627599605102000,1,0.01724000,39764.1300
1627599698817000,0,0.00624255,39847.4900
1627599755031000,0,0.01100000,39847.8700
1627599755512000,0,0.00062423,39847.8700
1627599755512000,0,0.01162423,39847.8800
1627599778090000,1,0.00980000,39884.3500
1627599800845000,0,0.00492548,39947.9900
1627599800857000,0,0.01000000,39947.9900
1627599800870000,0,0.00492548,39947.9900
1627599800927000,0,0.01500000,39947.9900
1627599801063000,0,0.01534930,39947.9900
1627599801063000,0,0.00500000,39948.0000
1627599801063000,0,0.00002600,39948.0000
1627599856832000,1,0.02976396,39969.8900
1627599856832000,1,0.07232240,39969.8900
1627599857695000,1,0.00204173,39969.8900
1627599860468000,1,0.00004167,39969.8900
1627599863624000,1,0.01274000,39948.8400
1627599863647000,1,0.18073176,39948.8400
1627599875024000,1,0.12519962,39911.4900
1627600289834000,1,0.01000000,39891.6500
1627600289834000,1,0.12257539,39891.6400
1627600333675000,0,0.00479500,39921.7000
1627600707730000,0,0.05232237,40000.7000
1627600707893000,0,0.02814359,40016.9200
1627600708800000,0,0.05066930,40023.1800
1627600708931000,0,0.00500000,40110.0000
1627600708931000,0,0.00000600,40110.0000
1627600708931000,0,0.04039469,40147.1900
1627600709843000,0,0.05040950,40147.1800
1627600715899000,0,0.00498600,40272.0000
1627600717357000,0,0.00789155,40328.4800
1627600717357000,0,0.02953670,40328.4800
1627600717357000,0,0.02953538,40328.4900
1627600717357000,0,0.07383846,40328.4900
1627600717357000,0,0.07391515,40328.5200
1627600717431000,1,0.02600000,40336.5400
1627600717455000,1,0.00619878,40336.5400
1627600720543000,1,0.01000000,40189.1200
1627600741226000,1,0.01300000,40228.3400
1627600741226000,1,0.01248000,40228.3300
1627600817135000,0,0.00400000,40242.7400
1627600817474000,0,0.00080000,40242.7400
1627600919376000,1,0.00114400,40140.7000
1627601258067000,1,0.01264666,40284.9500
1627601258508000,1,0.00025810,40284.9500
1627601361078000,1,0.00183900,40296.6500
1627601429151000,0,0.02200000,40384.9000
1627601535262000,1,0.00281588,40246.4500
1627601535318000,1,0.00005747,40246.4500
1627601672106000,1,0.00081366,40172.8200
1627601849007000,1,0.00488628,40111.0000
1627601849095000,1,0.00009972,40111.0000
1627602164993000,0,0.00157600,40113.9400
1627602204470000,1,0.00337800,40092.5300
1627602242345000,1,0.01300000,40132.8600
1627602417073000,1,0.19012000,40009.5400
1627602417109000,1,0.05991988,40009.5400
1627602436369000,1,0.04716319,40000.7000
1627602436444000,1,0.00096251,40000.7000
1627602469168000,1,0.00490588,39949.0000
1627602469213000,1,0.00010012,39949.0000
1627603205414000,1,0.01300000,40016.8800
1627603205414000,1,0.00434000,40016.8700
1627603503039000,1,0.01274000,39933.0300
1627603767243000,1,0.33418000,39802.8900
1627603767289000,1,0.00682000,39802.8900
1627603768104000,1,0.00492548,39789.0000
1627603835664000,1,0.00010052,39789.0000
1627604153953000,0,0.00492548,39948.0000
1627604154435000,0,0.00010052,39948.0000
1627604317638000,0,0.00490588,40110.0000
1627604317702000,0,0.00010012,40110.0000
1627605959347000,1,0.00490588,39949.0000
1627605959464000,1,0.00010012,39949.0000
1627606508918000,0,0.01840758,39942.7300
1627606509080000,0,0.07199132,39942.7300
1627606509378000,0,0.05295333,39942.7300
1627606509787000,0,0.11943413,39942.7300
1627606804761000,1,0.01194891,39903.2400
1627606804761000,1,0.00529109,39903.2200
1627607399093000,0,0.03750872,39951.3000
1627607399201000,0,0.05914490,39951.3000
1627607399810000,0,0.03708362,39951.3000
1627607399811000,0,0.07261010,39951.3000
1627607399868000,0,0.06912944,39951.3000
1627607400208000,0,0.11008834,39951.3000
1627607400278000,0,0.09473488,39951.3000
1627609596043000,0,0.00490588,40110.0000
1627609596043000,0,0.00010012,40110.0000
1627609596043000,0,0.01263988,40110.0200
1627610405641000,1,0.01300000,40110.7500
1627610405641000,1,0.00434000,40110.7300
1627610421788000,1,0.00846900,40140.0600
1627610960339000,1,0.00236300,40180.9100
1627611796621000,0,0.01246288,40138.7900
1627611844470000,0,0.01300000,40139.1000
1627611844470000,0,0.01248000,40139.1200
1627614201969000,1,0.04094876,39970.0700
1627614202100000,1,0.01539162,39970.0700
1627615806071000,0,0.00074549,40121.0400
1627615896148000,1,0.01000000,40064.0400
1627616159339000,1,0.01600000,39975.7700
1627617605894000,0,0.00074763,40006.5800
1627617677709000,1,0.00500600,39949.0000
1627618206047000,1,0.00235200,39879.9100
1627618210288000,1,0.01000000,39836.5400
1627618931520000,1,0.00861200,39895.5500
1627620032303000,1,0.00492548,39789.0000
1627620032796000,1,0.00010052,39789.0000
1627620203645000,0,0.00225400,39782.4000
1627620203853000,0,0.00004600,39782.4000
1627620541859000,0,0.00328200,39818.2500
1627621568678000,0,0.00201400,39849.4800
1627622039419000,0,0.00514900,39759.9300
1627622315396000,1,0.01000000,39692.7200
1627622315396000,1,0.01000000,39690.3200
1627622764985000,1,0.01000000,39672.9500
1627623031800000,0,0.00167500,39706.6300
1627624037421000,0,0.00166600,39738.0200
1627624136523000,1,0.00200312,39726.0500
1627624136565000,1,0.00004088,39726.0500
1627624601502000,0,0.00469500,39762.2900
1627624995331000,0,0.00341700,39763.4100
1627625206187000,0,0.00316500,39775.6900
1627625264284000,1,0.01000000,39735.7900
1627625413229000,0,0.00591300,39710.5900
1627625519335000,0,0.00494500,39670.5500
1627625524877000,1,0.00494508,39628.0000
1627625524899000,1,0.00010092,39628.0000
1627625556203000,1,0.00130830,39652.0700
1627625556401000,1,0.00002670,39652.0700
1627625632808000,0,0.00144900,39725.9200
1627625684478000,0,0.00235800,39738.8100
1627625990502000,0,0.01000000,39706.2000
1627626026281000,1,0.00353200,39712.5200
1627626580596000,0,0.00202651,39788.0000
1627626580711000,0,0.00200000,39788.0000
1627626580730000,0,0.00091857,39788.0000
1627626580730000,0,0.00010092,39788.0000
1627627004264000,0,0.00122300,39827.7700
1627627088073000,0,0.00308600,39816.0400
1627627388183000,1,0.01200000,39792.3000
1627627388291000,1,0.12572816,39792.3000
1627627388309000,1,0.19288746,39792.3000
1627627388812000,1,0.05978000,39792.3000
1627627389057000,1,0.01372000,39792.3000
1627627389308000,1,0.08703489,39792.3000
1627627389367000,1,0.09678584,39792.3000
1627627389408000,1,0.19714591,39792.3000
1627627389989000,1,0.12572816,39792.3000
1627627390232000,1,0.01274000,39792.3000
1627627390818000,1,0.01764000,39792.3000
1627627391640000,1,0.02646000,39792.3000
1627627392285000,1,0.04704000,39792.3000
1627627392896000,1,0.02548000,39792.3000
1627627393572000,1,0.13230000,39792.3000
1627627394212000,1,0.02548000,39792.3000
1627627395000000,1,0.12572138,39792.3000
1627627395009000,1,0.00196000,39792.3000
1627627395697000,1,0.00098000,39792.3000
1627627396632000,1,0.01284192,39792.3000
1627627396988000,1,0.12572138,39792.3000
1627627397017000,1,0.01482490,39792.3000
1627627397536000,1,0.01167855,39777.9500
1627627399592000,1,0.01110001,39777.0100
1627627400011000,1,0.00022653,39777.0100
1627627880535000,1,0.00338884,39778.5000
1627627880582000,1,0.00006916,39778.5000
1627627991818000,0,0.00491200,39793.5300
1627628971299000,0,0.00140000,39869.6300
1627629395073000,0,0.00200300,39897.0800
1627630214478000,0,0.00149800,39867.3500
1627630302169000,1,0.00822600,39835.9400
1627630380415000,0,0.00337100,39850.6800
1627630507800000,1,0.00351900,39823.3900
1627630648963000,1,0.00197700,39861.2800
1627630733116000,1,0.00169800,39872.7700
1627631138029000,1,0.00645300,39852.8300
1627631314848000,1,0.00310409,39779.3500
1627631354798000,1,0.00450100,39805.2100
1627632069459000,0,0.00589800,39751.0000
1627633407756000,1,0.01000000,39742.1300
1627633407756000,1,0.12574865,39742.1200
1627633407756000,1,0.25148531,39726.8900
1627633407756000,1,0.05107663,39724.6200
1627633407756000,1,0.07490646,39709.2300
1627633407756000,1,0.02996876,39709.2300
1627633407756000,1,0.04988765,39709.2200
1627633407756000,1,0.13882059,39702.8600
1627634023001000,0,0.00420800,39708.0500
1627634343461000,1,0.00494508,39628.0000
1627634357039000,1,0.01300000,39631.1000
1627634357039000,1,0.01300000,39631.0900
1627634367119000,1,0.00010092,39628.0000
1627634372721000,1,0.07506275,39593.8700
1627634372721000,1,0.19517447,39593.8700
1627634373027000,1,0.01000000,39589.8300
1627634380567000,1,0.00400000,39550.0000
1627634464407000,1,0.00506800,39469.0000
1627634472934000,1,0.02958036,39407.3900
1627634474086000,1,0.00059161,39407.3900
1627634474156000,1,0.00001207,39407.3900
1627634480436000,1,0.00498624,39310.0000
1627634480807000,1,0.00010176,39310.0000
1627634483459000,1,0.09670315,39243.5200
1627634483459000,1,0.00786594,39243.5100
1627634483527000,1,0.00213406,39243.5100
1627634487216000,1,0.00510800,39152.0000
1627634494369000,1,0.00994436,39010.0200
1627634494369000,1,0.00247141,39010.0100
1627634494369000,1,0.41307881,39010.0000
1627634496979000,1,0.04081348,39010.0100
1627634496979000,1,1.05918652,39010.0000
1627634497095000,1,0.64117729,39010.0000
1627634497417000,1,0.02794324,39010.0000
1627634497577000,1,0.64155579,39010.0000
1627634498083000,1,0.21705835,39010.0000
1627634498083000,1,0.01352286,39000.0000
1627634498083000,1,0.00512800,38994.0000
1627634500162000,1,0.00300000,38930.4400
1627634592684000,0,0.00519806,38958.7400
1627634817603000,1,0.00133966,38923.7900
1627634824050000,1,0.00002734,38923.7900
1627634832248000,0,0.01300000,38955.8000
1627634835004000,0,0.03056367,38997.3600
1627634835004000,0,0.07640916,38997.3600
1627634835004000,0,0.19864927,38997.3600
1627635051836000,1,0.07374690,38901.3100
1627635051839000,1,0.05471646,38901.3100
1627635061859000,1,0.00515000,38837.0000
1627635062286000,1,0.03061950,38788.4400
1627635062286000,1,0.06938050,38788.4300
1627635070332000,1,0.00517000,38681.0000
1627635147291000,1,0.09968832,38596.2700
1627635147304000,1,0.09664093,38596.2700
1627635147482000,1,0.01300000,38596.2700
1627635147935000,1,0.10845734,38596.2700
1627635147996000,1,0.00221341,38596.2700
1627635244369000,1,0.00331500,38647.8200
1627635279856000,0,0.05004377,38727.0500
1627635331646000,0,0.00245600,38732.8400
1627635418132000,1,0.00296254,38741.2800
1627635418216000,1,0.00006046,38741.2800
1627635535642000,1,0.00262150,38781.7200
1627635536017000,1,0.00005350,38781.7200
1627635604583000,1,0.01684000,38694.3000
1627635611792000,1,0.07941553,38694.3000
1627635611820000,1,0.00162073,38694.3000
1627635673229000,1,0.09509901,38700.1100
1627635780347000,1,0.00252840,38711.8800
1627635780548000,1,0.00005160,38711.8800
1627635782174000,0,0.02600000,38714.0500
1627635783210000,0,0.00468318,38714.0500
1627635784112000,0,0.00009557,38714.0500
1627635827346000,1,0.01000000,38650.1000
1627635851483000,1,0.01000000,38592.1700
1627635920470000,1,0.00519200,38525.0000
1627635920566000,1,0.00600000,38510.4700
1627635920838000,1,0.00400000,38510.4700
1627635920838000,1,0.01159867,38509.0400
1627635921042000,1,0.05077092,38509.0400
1627635921311000,1,0.18113174,38509.0400
1627636063745000,1,0.00518287,38587.3200
1627636063954000,1,0.00479871,38587.3200
1627636064185000,1,0.00053669,38587.3200
1627636064254000,1,0.02031284,38587.3200
1627636076820000,0,0.12962479,38596.0100
1627636076987000,1,0.11712413,38611.5600
1627636077039000,1,0.25325108,38611.5600
1627636120433000,0,0.03277481,38583.8900
1627636208759000,1,0.00980000,38577.2100
1627636353881000,0,0.00273712,38612.2100
1627636419970000,0,0.00800000,38623.9900
1627636420220000,0,0.00024900,38623.9900
1627636534341000,0,0.00500000,38680.0000
1627636534827000,0,0.00019200,38680.0000
1627636767272000,1,0.01300000,38638.7500
1627636840322000,1,0.05244021,38592.5100
1627636840322000,1,0.01000000,38586.7500
1627636840322000,1,0.04975239,38586.6000
1627636841193000,1,0.00224385,38586.6000
1627636866480000,1,0.01000000,38605.8800
1627636866480000,1,0.12670539,38605.8700
1627636930420000,1,0.00508816,38525.0000
1627636931097000,1,0.00010384,38525.0000
1627637110694000,1,0.31353073,38428.0000
1627637110826000,1,0.07387568,38428.0000
1627637110838000,1,0.22023327,38428.0000
1627637111037000,1,0.07869923,38428.0000
1627637259422000,1,0.06721687,38428.0000
1627637259900000,1,0.19520487,38428.0000
1627637260285000,1,0.25723887,38428.0000
1627637260601000,1,0.10605207,38428.0000
1627637260791000,1,0.00474187,38428.0000
1627637260862000,1,0.00940000,38428.0000
1627637261470000,1,0.78401667,38428.0000
1627637262295000,1,0.07789887,38428.0000
1627637262828000,1,0.00205002,38428.0000
1627637263446000,1,0.02952999,38428.0000
1627637264023000,1,0.11462244,38428.0000
1627637264127000,1,0.00615013,38428.0000
1627637264319000,1,0.03907401,38428.0000
1627637264338000,1,0.05172400,38428.0000
1627637264370000,1,0.11463975,38428.0000
1627637264404000,1,0.03647030,38428.0000
1627637264453000,1,0.03647761,38428.0000
1627637264463000,1,0.65104416,38428.0000
1627637264509000,1,0.33394867,38428.0000
1627637264571000,1,0.11469575,38428.0000
1627637264591000,1,0.12574977,38428.0000
1627637264604000,1,0.04172247,38428.0000
1627637264608000,1,0.01999999,38428.0000
1627637264633000,1,0.10424322,38428.0000
1627637264648000,1,0.02767700,38428.0000
1627637264678000,1,0.03891100,38428.0000
1627637264768000,1,0.06399999,38428.0000
1627637264851000,1,0.13000000,38428.0000
1627637264875000,1,0.13024503,38428.0000
1627637264973000,1,0.65116315,38428.0000
1627637265106000,1,1.46788268,38428.0000
1627637265449000,1,0.49929887,38428.0000
1627637265477000,1,0.65126062,38428.0000
1627637265533000,1,0.00836584,38428.0000
1627637265989000,1,0.65122317,38428.0000
1627637266037000,1,0.13024732,38428.0000
1627637266097000,1,0.00304300,38428.0000
1627637266148000,1,0.56165198,38428.0000
1627637266513000,1,0.65127020,38428.0000
1627637266881000,1,1.35111866,38428.0000
1627637267005000,1,0.65126784,38428.0000
1627637267426000,1,1.97269741,38428.0000
1627637267520000,1,0.65127716,38428.0000
1627637268025000,1,0.65117836,38428.0000
1627637268139000,1,2.02457867,38428.0000
1627637268563000,1,0.13025198,38428.0000
1627637268564000,1,0.65125987,38428.0000
1627637268817000,1,0.11760000,38428.0000
1627637268821000,1,0.00304300,38428.0000
1627637269099000,1,0.65142806,38428.0000
1627637269461000,1,0.34423653,38428.0000
1627637269624000,1,0.65122236,38428.0000
1627637270009000,1,0.00300000,38428.0000
1627637270128000,1,0.01257340,38428.0000
1627637270194000,1,0.65121748,38428.0000
1627637270757000,1,0.65120797,38428.0000
1627637270868000,1,0.91027199,38428.0000
1627637271299000,1,0.65133038,38428.0000
1627637271464000,1,0.00209524,38428.0000
1627637271681000,1,0.00890593,38428.0000
1627637271811000,1,0.00152100,38428.0000
1627637271812000,1,0.65159931,38428.0000
1627637271916000,1,0.13032149,38428.0000
1627637272314000,1,0.65159229,38428.0000
1627637272797000,1,0.01625330,38428.0000
1627637272824000,1,0.65166364,38428.0000
1627637272851000,1,0.00152100,38428.0000
1627637272987000,1,0.01882505,38428.0000
1627637273133000,1,0.13032149,38428.0000
1627637273135000,1,0.26065343,38428.0000
1627637273365000,1,0.65171508,38428.0000
1627637273831000,1,0.65159734,38428.0000
1627637274108000,1,0.00882000,38428.0000
1627637274374000,1,0.65176870,38428.0000
1627637274819000,1,0.01583778,38428.0000
1627637274885000,1,0.00136800,38428.0000
1627637274889000,1,0.65165022,38428.0000
1627637275378000,1,0.13032149,38428.0000
1627637275395000,1,0.65156260,38428.0000
1627637275459000,1,0.00098000,38428.0000
1627637275901000,1,0.65155829,38428.0000
1627637276166000,1,0.05880000,38428.0000
1627637276416000,1,0.65154010,38428.0000
1627637276456000,1,0.13032149,38428.0000
1627637276911000,1,1.61406000,38428.0000
1627637276914000,1,0.65136120,38428.0000
1627637278268000,1,0.07156825,38428.0000
1627637278806000,1,0.05664008,38428.0000
1627637279447000,1,0.34399060,38428.0000
1627637280115000,1,0.48242436,38428.0000
1627637280815000,1,0.32928000,38428.0000
1627637282146000,1,0.00098000,38428.0000
1627637282753000,1,0.74635128,38428.0000
1627637283477000,1,0.01300000,38428.0100
1627637283477000,1,0.02032000,38428.0000
1627637284939000,1,0.08820000,38428.0000
1627637284983000,1,2.34448938,38428.0000
1627637285495000,1,0.00077420,38428.0000
1627637286106000,1,0.02156000,38428.0000
1627637286822000,1,0.53864639,38428.0000
1627637287035000,1,0.65090858,38428.0000
1627637287522000,1,2.34598532,38428.0000
1627637287566000,1,0.65106223,38428.0000
1627637288067000,1,0.65110780,38428.0000
1627637288121000,1,1.14795928,38428.0000
1627637288593000,1,0.65111777,38428.0000
1627637288637000,1,0.13019411,38428.0000
1627637288895000,1,0.00980000,38428.0000
1627637289093000,1,0.65122393,38428.0000
1627637289443000,1,0.00075828,38428.0000
1627637289612000,1,0.65140864,38428.0000
1627637289966000,1,0.00836584,38428.0000
1627637290109000,1,0.07048963,38428.0000
1627637290144000,1,0.65143463,38428.0000
1627637290529000,1,0.13031052,38428.0000
1627637290530000,1,0.26054354,38428.0000
1627637290650000,1,0.65155255,38428.0000
1627637290831000,1,0.61903498,38428.0000
1627637291183000,1,0.65170495,38428.0000
1627637291541000,1,0.04998000,38428.0000
1627637291574000,1,0.04919455,38428.0000
1627637291699000,1,0.04919455,38428.0000
1627637291754000,1,0.65180442,38428.0000
1627637291858000,1,0.04919455,38428.0000
1627637292007000,1,0.03080545,38428.0000
1627637292131000,1,0.04919455,38428.0000
1627637292173000,1,0.03920000,38428.0000
1627637292248000,1,0.65172390,38428.0000
1627637292636000,1,0.13031052,38428.0000
1627637292639000,1,0.26054354,38428.0000
1627637292753000,1,0.65165313,38428.0000
1627637292781000,1,0.19995626,38428.0000
1627637293164000,1,0.01511480,38428.0000
1627637293283000,1,0.04919455,38428.0000
1627637293303000,1,0.65180251,38428.0000
1627637293402000,1,0.04919455,38428.0000
1627637293512000,1,0.04919455,38428.0000
1627637293618000,1,0.19217290,38428.0000
1627637293728000,1,0.02919000,38428.0000
1627637293812000,1,0.65176313,38428.0000
1627637293858000,1,0.04919455,38428.0000
1627637293984000,1,0.27945557,38428.0000
1627637293996000,1,0.04315421,38428.0000
1627637294230000,1,0.00258230,38428.0000
1627637294346000,1,0.65175559,38428.0000
1627637294636000,1,0.13031052,38428.0000
1627637294638000,1,0.26054354,38428.0000
1627637294737000,1,0.04919455,38428.0000
1627637294792000,1,0.03635436,38428.0000
1627637294845000,1,0.65176004,38428.0000
1627637294884000,1,0.04919455,38428.0000
1627637295031000,1,0.04919404,38428.0000
1627637295181000,1,0.04919455,38428.0000
1627637295343000,1,0.04919455,38428.0000
1627637295346000,1,0.65181071,38428.0000
1627637295448000,1,0.02461589,38428.0000
1627637295862000,1,0.65175275,38428.0000
1627637296096000,1,0.00098000,38428.0000
1627637296392000,1,0.65179688,38428.0000
1627637296635000,1,0.04919455,38428.0000
1627637296648000,1,0.26054354,38428.0000
1627637296652000,1,0.13031052,38428.0000
1627637296777000,1,0.56644000,38428.0000
1627637296784000,1,0.04919455,38428.0000
1627637296861000,1,0.12592875,38428.0000
1627637296883000,1,0.65193713,38428.0000
1627637296919000,1,23.00000000,38428.0000
1627637297111000,1,0.17902619,38428.0000
1627637297112000,1,0.04919455,38428.0000
1627637297286000,1,0.04700462,38428.0000
1627637297366000,1,0.04919454,38428.0000
1627637297423000,1,0.65195666,38428.0000
1627637297501000,1,0.04919455,38428.0000
1627637297648000,1,0.24724880,38428.0000
1627637297659000,1,0.04919454,38428.0000
1627637297794000,1,0.04919454,38428.0000
1627637297913000,1,0.65201205,38428.0000
1627637297964000,1,0.04919455,38428.0000
1627637298171000,1,0.04000000,38428.0000
1627637298356000,1,0.04919454,38428.0000
1627637298410000,1,0.65185068,38428.0000
1627637298471000,1,0.04919455,38428.0000
1627637298641000,1,0.04919455,38428.0000
1627637298643000,1,0.26054354,38428.0000
1627637298643000,1,0.13031052,38428.0000
1627637298754000,1,0.04919454,38428.0000
1627637298825000,1,0.05684000,38428.0000
1627637298862000,1,0.04919455,38428.0000
1627637298924000,1,0.65183624,38428.0000
1627637299077000,1,0.00382778,38428.0000
1627637299432000,1,0.65176694,38428.0000
1627637299524000,1,1.33521918,38428.0000
1627637299949000,1,0.65168655,38428.0000
1627637300049000,1,0.13031052,38428.0000
1627637300443000,1,0.65164237,38428.0000
1627637300833000,1,0.01078000,38428.0000
1627637301499000,1,0.33124000,38428.0000
1627637302110000,1,0.37436000,38428.0000
1627637302761000,1,0.02305254,38428.0000
1627637303547000,1,0.00686000,38428.0000
1627637304135000,1,0.02450000,38428.0000
1627637304760000,1,3.53369271,38428.0000
1627637305468000,1,0.27636000,38428.0000
1627637306204000,1,0.17022600,38428.0000
1627637306874000,1,3.28708837,38428.0000
1627637307634000,1,0.48681645,38428.0000
1627637308315000,1,0.01885226,38428.0000
1627637308809000,1,0.26773600,38428.0000
1627637309462000,1,0.00882000,38428.0100
1627637310127000,1,2.75172446,38428.0000
1627637314590000,1,0.41256947,38428.0000
1627637314616000,1,0.41256947,38428.0000
1627637314663000,1,0.79674000,38428.0000
1627637314773000,1,0.64705774,38428.0000
1627637314960000,1,0.11760000,38428.0000
1627637315341000,1,0.02945292,38428.0000
1627637315935000,1,2.59046537,38428.0000
1627637316652000,1,0.00099960,38428.0000
1627637317275000,1,0.40826008,38428.0000
1627637317940000,1,1.08133055,38428.0000
1627637318600000,1,1.08175026,38428.0000
1627637319293000,1,0.43541822,38428.0000
1627637319942000,1,0.14807135,38428.0000
1627637320669000,1,0.12762050,38428.0000
1627637321305000,1,0.38332056,38428.0000
1627637321943000,1,0.17943800,38428.0000
1627637321969000,1,0.00836584,38428.0000
1627637322812000,1,0.01959791,38428.0000
1627637323282000,1,0.00294000,38428.0000
1627637323420000,1,0.02340057,38428.0000
1627637323537000,1,0.04919455,38428.0000
1627637323664000,1,0.04919454,38428.0000
1627637323783000,1,0.04919455,38428.0000
1627637323930000,1,0.04919454,38428.0000
1627637323975000,1,1.87968602,38428.0000
1627637324094000,1,0.04919455,38428.0000
1627637324290000,1,0.04919455,38428.0000
1627637324658000,1,0.00975736,38428.0000
1627637325304000,1,0.02043497,38428.0000
1627637325938000,1,1.18616768,38428.0000
1627637326777000,1,0.00100646,38428.0000
1627637327303000,1,0.00161504,38428.0000
1627637328131000,1,0.00446488,38428.0000
1627637328742000,1,0.00588000,38428.0000
1627637329278000,1,0.88298000,38428.0000
1627637329986000,1,0.00196000,38428.0000
1627637330650000,1,0.00422674,38428.0000
1627637331285000,1,0.69310644,38428.0000
1627637332321000,1,0.00980000,38428.0000
1627637332645000,1,0.00255368,38428.0000
1627637333275000,1,2.82979234,38428.0000
1627637339454000,1,0.14414660,38428.0000
1627637339818000,1,0.01959305,38428.0000
1627637339834000,1,0.00653758,38428.0000
1627637340024000,1,0.00553896,38428.0000
1627637340788000,1,0.03830160,38428.0000
1627637341593000,1,0.00114366,38428.0000
1627637342267000,1,0.00080850,38428.0000
1627637342788000,1,0.86855109,38428.0000
1627637343454000,1,0.00337904,38428.0000
1627637344356000,1,0.15473479,38428.0000
1627637344827000,1,0.23520000,38428.0000
1627637345527000,1,0.00098000,38428.0000
1627637346174000,1,0.06076000,38428.0000
1627637346905000,1,0.00068110,38428.0000
1627637347528000,1,0.00055272,38428.0000
1627637348258000,1,0.00081732,38428.0000
1627637348833000,1,0.00113778,38428.0000
1627637349496000,1,0.00130732,38428.0000
1627637350143000,1,0.00882000,38428.0000
1627637350795000,1,0.00073304,38428.0000
1627637353126000,1,1.33299401,38428.0000
1627637353476000,1,0.01499400,38428.0000
1627637354161000,1,0.05108277,38428.0000
1627637354885000,1,0.70820014,38428.0000
1627637355114000,1,0.00822252,38428.0000
1627637355459000,1,0.05880000,38428.0000
1627637356140000,1,0.03343368,38428.0000
1627637356849000,1,0.00684726,38428.0000
1627637357462000,1,0.49007397,38428.0000
1627637358863000,1,0.00553896,38428.0000
1627637359460000,1,1.66404252,38428.0000
1627637361788000,1,0.00318455,38428.0000
1627637362138000,1,0.02297316,38428.0000
1627637363814000,1,0.00506954,38428.0000
1627637364143000,1,0.54578027,38428.0000
1627637365188000,1,0.01078000,38428.0000
1627637366112000,1,0.00254800,38428.0000
1627637366363000,1,0.01066699,38428.0000
1627637366479000,1,0.05162200,38428.0000
1627637366543000,1,0.05215112,38428.0000
1627637366579000,1,0.00570100,38428.0000
1627637366875000,1,0.02548000,38428.0000
1627637367118000,1,0.03435093,38428.0000
1627637367267000,1,0.00317500,38428.0000
1627637367404000,1,0.04384500,38428.0000
1627637367423000,1,0.06258859,38428.0000
1627637367438000,1,0.08034501,38428.0000
1627637367501000,1,0.00490000,38428.0000
1627637367520000,1,0.00561600,38428.0000
1627637367570000,1,0.05322215,38428.0000
1627637367595000,1,0.00895899,38428.0000
1627637367595000,1,0.05200000,38428.0000
1627637367595000,1,0.10251281,38428.0000
1627637367595000,1,0.03711587,38428.0000
1627637367598000,1,0.07566422,38428.0000
1627637367603000,1,0.03401514,38428.0000
1627637367630000,1,0.05155700,38428.0000
1627637367635000,1,0.27192588,38428.0000
1627637367645000,1,0.03079705,38428.0000
1627637367647000,1,0.05431100,38428.0000
1627637367658000,1,0.06213000,38428.0000
1627637367669000,1,0.03867669,38428.0000
1627637367678000,1,0.03868899,38428.0000
1627637367719000,1,0.18166839,38428.0000
1627637367724000,1,0.10424322,38428.0000
1627637367773000,1,0.03961263,38428.0000
1627637367774000,1,0.05277800,38428.0000
1627637367786000,1,0.05193000,38428.0000
1627637367815000,1,0.03880559,38428.0000
1627637367828000,1,0.01801957,38428.0000
1627637367849000,1,0.03181873,38428.0000
1627637367853000,1,0.03925969,38428.0000
1627637367972000,1,0.02097751,38428.0000
1627637367998000,1,0.00842546,38428.0000
1627637368011000,1,0.03871796,38428.0000
1627637368042000,1,0.03861171,38428.0000
1627637368104000,1,0.00736618,38428.0000
1627637368129000,1,0.53708265,38428.0000
1627637368287000,1,0.00280301,38428.0000
1627637368909000,1,0.13524000,38428.0000
1627637369056000,1,0.01405109,38428.0000
1627637369402000,1,0.03752198,38428.0000
1627637369459000,1,0.00081536,38428.0000
1627637369875000,1,0.00561138,38428.0000
1627637370200000,1,0.00392000,38428.0000
1627637370805000,1,0.34335280,38428.0000
1627637370873000,1,0.00630891,38428.0000
1627637371465000,1,0.05673724,38428.0000
1627637371492000,1,0.06448300,38428.0000
1627637371520000,1,0.02130226,38428.0000
1627637371569000,1,0.05520100,38428.0000
1627637371753000,1,0.05100000,38428.0000
1627637371808000,1,0.10400000,38428.0000
1627637371823000,1,0.04851600,38428.0000
1627637372131000,1,0.05477182,38428.0000
1627637372135000,1,0.00400000,38428.0000
1627637372139000,1,0.05228771,38428.0000
1627637372270000,1,0.01372000,38428.0000
1627637372808000,1,0.03898512,38428.0000
1627637372907000,1,0.75689730,38428.0000
1627637372957000,1,0.02815497,38428.0000
1627637373152000,1,0.01122944,38428.0000
1627637373642000,1,0.46973935,38428.0000
1627637374204000,1,0.84055874,38428.0000
1627637374884000,1,0.00980000,38428.0000
1627637375243000,1,0.00596510,38428.0000
1627637375486000,1,0.00717164,38428.0000
1627637376382000,1,0.66595891,38428.0000
1627637376850000,1,0.00289365,38428.0000
1627637377509000,1,0.04802000,38428.0000
1627637378312000,1,0.00083398,38428.0000
1627637379133000,1,0.09310000,38428.0000
1627637379567000,1,0.01665412,38428.0000
1627637380229000,1,0.00615440,38428.0000
1627637380846000,1,0.00980000,38428.0000
1627637381521000,1,0.78596000,38428.0000
1627637382140000,1,0.16934931,38428.0000
1627637382836000,1,0.28408057,38428.0000
1627637383688000,1,0.01478918,38428.0000
1627637384145000,1,0.02492140,38428.0000
1627637384777000,1,0.25381452,38428.0000
1627637394174000,1,1.85612000,38428.0000
1627637394208000,1,0.17951869,38428.0000
1627637394373000,1,0.13694030,38428.0000
1627637394401000,1,0.13693611,38428.0000
1627637394444000,1,0.13693611,38428.0000
1627637405054000,1,0.00582000,38428.0000
1627637405088000,1,0.00653851,38428.0000
1627637405190000,1,0.02157475,38428.0000
1627637405194000,1,0.00665103,38428.0000
1627637405195000,1,0.41465633,38428.0000
1627637405461000,1,0.04164860,38428.0000
1627637405616000,1,0.03948879,38428.0000
1627637407248000,1,0.65092693,38428.0000
1627637407647000,1,0.13015738,38428.0000
1627637409143000,1,0.03343225,38428.0000
1627638356378000,0,0.02100000,38574.2000
1627638394379000,0,0.00042077,38574.2000
1627638731177000,0,0.00772919,38619.7800
1627638833443000,0,0.00500000,38680.0000
1627638835741000,0,0.00008816,38680.0000
1627638835741000,0,0.00010384,38680.0000
1627639055614000,1,0.00284400,38709.0800
1627639204964000,1,0.01000000,38780.8100
1627639204964000,1,0.00684000,38762.9800
1627639267297000,0,0.00116939,38811.5700
1627640138446000,1,0.00980000,38633.5300
1627640791926000,1,0.00214100,38681.0300
1627641715201000,0,0.00517000,38836.0000
1627642159207000,1,0.00100000,38883.0800
1627642178774000,1,0.00100000,38892.2700
1627642314602000,1,0.00244200,38929.2500
1627642804301000,1,0.01000000,38867.1300
1627642804301000,1,0.00684000,38867.1200
1627644726599000,0,0.00504700,38993.0000
1627645989324000,1,0.02600000,38681.0200
1627645990074000,1,0.00506660,38681.0000
1627645990282000,1,0.00010340,38681.0000
1627646404716000,1,0.01000000,38630.5200
1627646404716000,1,0.00674000,38630.5100
1627646444413000,1,0.01000000,38683.4400
1627646444413000,1,0.02099690,38683.4300
1627646572181000,0,0.00999989,38683.4400
1627647138140000,0,0.00500000,38836.0000
1627647283698000,1,0.01000000,38814.6700
1627647763018000,1,0.00446900,38814.8300
1627647800352000,0,0.00006660,38836.0000
1627647800352000,0,0.00010340,38836.0000
1627648382859000,0,0.00200000,38762.1100
1627648383124000,0,0.00046989,38762.1100
1627648987265000,1,0.00700000,38834.6000
1627649201217000,0,0.00333492,38842.3500
1627650005221000,1,0.01684000,38714.3300
1627650007795000,1,0.11225141,38714.3300
1627650007795000,1,0.01000000,38713.2300
1627650007795000,1,0.05222002,38705.4500
1627650007795000,1,0.01000000,38705.4500
1627650007795000,1,0.09262405,38694.0300
1627650007795000,1,0.02290452,38694.0100
1627650428940000,1,0.00195438,38681.0300
1627650428940000,1,0.00502751,38681.0000
1627651246814000,0,0.00500000,38836.0000
1627651246865000,0,0.00002751,38836.0000
1627652862497000,1,0.01000000,38888.3500
1627652862497000,1,0.12851228,38888.3400
1627652862497000,1,0.03056001,38870.1500
1627652862497000,1,0.25699603,38870.1400
1627652862497000,1,0.05169703,38868.7600
1627652862497000,1,0.07639807,38855.5300
1627652862497000,1,0.05220440,38855.5200
1627652862497000,1,0.07640004,38853.7300
1627652862497000,1,0.09874971,38853.7200
1627652862497000,1,0.02984066,38853.6900
1627652862497000,1,0.05214266,38843.8700
1627652862497000,1,0.34600000,38839.6400
1627652862497000,1,0.05219411,38838.0500
1627652862497000,1,0.28182663,38759.2000
1627652862497000,1,0.38000000,38725.6300
1627652862497000,1,0.26700446,38700.4900
1627652862497000,1,1.26900000,38689.1500
1627652862497000,1,0.00014249,38681.0000
1627652862497000,1,0.00250000,38671.7200
1627652862497000,1,0.19459110,38602.3500
1627652862497000,1,0.58188328,38595.4400
1627652862497000,1,1.43900000,38533.6700
1627652862497000,1,0.48127035,38526.4400
1627652862844000,0,0.00014249,38836.0000
1627652879327000,0,0.02100000,38923.1800
1627653248766000,0,0.01508758,38911.2800
1627653249017000,0,0.07646815,38911.2800
1627653249797000,0,0.00156057,38911.2800
1627653604930000,1,0.01000000,38837.5600
1627653604930000,1,0.00684000,38837.5500
1627654100816000,0,0.00010300,38993.0000
1627654103980000,0,0.01418818,39012.0800
1627654103998000,0,0.06560602,39012.0800
1627654120300000,0,0.01000000,39076.2000
1627654120300000,0,0.01000000,39078.2600
1627654282920000,0,0.00079790,39131.5800
1627654291038000,0,0.01300000,39150.9400
1627654291038000,0,0.01300000,39150.9500
1627654291038000,0,0.00512800,39151.0000
1627654459640000,1,0.00200000,39109.2000
1627654459753000,1,0.00044200,39109.2000
1627654539935000,0,0.00424800,39083.6400
1627654570972000,0,0.01300000,39083.6300
1627654570983000,1,0.01300000,39083.6800
1627654571020000,1,0.02400000,39083.6800
1627654571127000,1,0.03969695,39083.6800
1627654571218000,1,0.12803614,39083.6800
1627654571275000,1,0.18130000,39083.6800
1627654571293000,1,0.02682833,39083.6800
1627654571632000,1,0.03790152,39083.6800
1627654572377000,1,0.00487158,39083.6800
1627654572411000,1,0.03136548,39083.6800
1627654997988000,0,0.00411900,39034.0000
1627655083510000,1,0.00502544,38994.0000
1627655120495000,1,0.00010256,38994.0000
1627655731849000,1,0.00286899,38969.3900
1627655839002000,1,0.01000000,38925.9900
1627655839002000,1,0.01000000,38925.4400
1627656203293000,0,0.00200000,38999.5000
1627656203420000,0,0.00050000,38999.5000
1627656598902000,0,0.00357200,39013.1000
1627656951989000,1,0.00423556,39001.3400
1627656952192000,1,0.00008644,39001.3400
1627657205511000,1,0.01000000,39018.6700
1627657205511000,1,0.00694000,39018.6600
1627657324042000,1,0.01000000,38962.3400
1627657324042000,1,0.12548316,38962.3300
1627657325856000,1,0.01000000,38962.3400
1627657325856000,1,0.00250966,38962.3300
1627657328179000,1,0.01000000,38962.3400
1627657328179000,1,0.00005019,38962.3300
1627657332238000,1,0.00020511,38962.3300
1627657366968000,1,0.01000000,38950.6400
1627657366968000,1,0.12554676,38950.6300
1627657368002000,1,0.00980000,38950.6300
1627657368221000,1,0.00020000,38950.6300
1627657368400000,1,0.00980000,38950.6300
1627657388758000,1,0.01000000,38938.8000
1627657388758000,1,0.12833456,38938.7900
1627657388758000,1,0.04801759,38938.1000
1627657410976000,1,0.01000000,38950.8700
1627657410976000,1,0.12553652,38950.8600
1627657412990000,1,0.00980000,38950.8600
1627657493971000,1,0.01000000,38927.2000
1627657493971000,1,0.12561118,38927.1900
1627657495384000,1,0.00276757,38927.1900
1627657495384000,1,0.00974465,38927.1900
1627657497613000,1,0.01000000,38927.2000
1627657497613000,1,0.12561118,38927.1900
1627657539755000,1,0.01000000,38903.5500
1627657539755000,1,0.12843753,38903.5400
1627657539755000,1,0.04831888,38891.0500
1627657545822000,0,0.00191000,38923.0300
1627658134530000,0,0.00158700,39001.4400
1627658958255000,1,0.00200000,38988.6600
1627658958788000,1,0.00500299,38988.6600
1627658958888000,1,0.00299701,38988.6600
1627659383870000,0,0.00167400,39036.6500
1627659913872000,0,0.00556800,39097.0300
1627660101756000,0,0.00200000,39073.4300
1627660347906000,0,0.00405800,39060.7600
1627660366907000,0,0.00169700,39060.7700
1627660804851000,1,0.01133250,39075.6500
1627660804851000,1,0.00560750,39075.6400
1627661004646000,1,0.00161400,39061.0500
1627661369327000,0,0.01000000,39022.8300
1627661369327000,0,0.08135782,39022.8400
1627661461753000,0,0.01856271,39022.0000
1627661463594000,0,0.03102848,39022.0000
1627661463618000,0,0.02608945,39022.0000
1627661463984000,0,0.02600000,39022.0000
1627661464753000,0,0.02498189,39022.0000
1627661770207000,1,0.01000000,38900.8700
1627661770207000,1,0.01373641,38900.8600
1627662008142000,0,0.02164822,39022.6000
1627662257911000,0,0.00502544,39151.0000
1627662258045000,0,0.00010256,39151.0000
1627662579443000,1,0.00500000,38994.0000
1627662610942000,1,0.02100000,39009.2000
1627662616995000,1,0.00012800,38994.0000
1627662786108000,1,0.00548000,39064.8900
1627662950487000,1,0.00338800,39051.8700
1627663325459000,1,0.00469900,39027.4700
1627663772166000,0,0.00230200,39016.1500
1627664405247000,1,0.01000000,38906.5400
1627664405247000,1,0.00684000,38906.5300
1627665315613000,0,0.00446300,39041.1900
1627665472255000,0,0.02600000,39020.0000
1627665472446000,0,0.43835518,39020.0000
1627665472483000,0,0.01015672,39020.0000
1627665472508000,0,0.01191465,39020.0000
1627665472541000,0,0.01453547,39020.0000
1627665472758000,0,0.04547312,39020.0000
1627665472872000,0,0.93949700,39020.0000
1627666647820000,0,0.00696200,39016.3700
1627667868551000,0,0.00391200,39038.5300
1627668004600000,1,0.01694000,39008.5900
1627668089379000,0,0.00359200,39039.3200
1627668400911000,0,0.00412000,39040.4900
1627669082444000,0,0.01000000,39065.6700
1627669157260000,0,0.00500000,39151.0000
1627669157260000,0,0.00012800,39151.0000
1627669568559000,0,0.01300000,39175.8500
1627669575292000,0,0.01300000,39187.3400
1627669575292000,0,0.01300000,39187.3500
1627669575292000,0,0.11472190,39187.3600
1627671604970000,1,0.00419422,39088.5400
1627671604970000,1,0.01274578,39088.5300
1627672034455000,0,0.01300000,39127.5000
1627672034455000,0,0.01300000,39127.5100
1627672034455000,0,0.11350448,39127.5600
1627672556518000,0,0.01000000,39253.2300
1627672559845000,0,0.00510800,39309.0000
1627672817186000,0,0.01000000,39343.4600
1627674856539000,1,0.00207500,39387.4500
1627674910117000,0,0.00100000,39421.5500
1627674914600000,0,0.01300000,39421.4900
1627674914600000,0,0.01248000,39421.5000
1627674914642000,0,0.00052000,39421.5000
1627674914751000,0,0.00497095,39421.5000
1627674918608000,0,0.01274000,39455.9700
1627674918646000,0,0.00026000,39455.9700
1627674919520000,0,0.00498624,39468.0000
1627674919520000,0,0.00010176,39468.0000
1627674954484000,0,0.00402780,39522.9500
1627674954507000,0,0.00897220,39522.9500
1627674954507000,0,0.01300000,39522.9600
1627675060767000,0,0.00506800,39627.0000
1627675060767000,0,0.01300000,39630.3100
1627675061274000,0,0.01300000,39637.2400
1627675180848000,0,0.00494508,39788.0000
1627675180848000,0,0.00010092,39788.0000
1627675204377000,1,0.01300000,39862.9200
1627675204377000,1,0.00424000,39862.9100
1627675210973000,0,0.00430000,39919.5300
1627675218608000,1,0.02972784,39794.4400
1627675218608000,1,0.02976704,39794.4400
1627675218608000,1,0.04012774,39781.7300
1627675218669000,1,0.08540543,39781.7300
1627675782740000,0,0.00492548,39948.0000
1627675782774000,0,0.00010052,39948.0000
1627675855988000,0,0.00100000,40000.0000
1627676045484000,1,0.00164500,40021.3800
1627676143029000,0,0.00245000,40100.5100
1627676159365000,0,0.00490588,40110.0000
1627676159419000,0,0.00010012,40110.0000
1627676176542000,0,0.03733952,40124.0900
1627676176542000,0,0.04961429,40124.0900
1627676177150000,0,0.02151975,40130.9000
1627676177197000,1,0.01200000,40124.0900
1627676177231000,1,0.00014632,40124.0900
1627676583781000,1,0.00309500,40221.7800
1627676897271000,1,0.00471130,40143.8700
1627676897271000,1,0.00234176,40143.8700
1627676897333000,1,0.00387786,40143.8700
1627677007669000,0,0.00400000,40272.0000
1627677007959000,0,0.00088628,40272.0000
1627677007959000,0,0.00009972,40272.0000
1627677007959000,0,0.01300000,40280.3400
1627677015777000,0,0.00236540,40318.6100
1627677029050000,0,0.00177337,40335.5600
1627677158717000,1,0.09760023,40200.0000
1627677159301000,1,0.17832276,40200.0000
1627677159911000,1,0.02359547,40200.0000
1627677159932000,1,0.00048154,40200.0000
1627677396731000,0,0.00137900,40246.2400
1627677819177000,1,0.00235200,40296.6900
1627678075446000,0,0.00486668,40435.0000
1627678075446000,0,0.00009932,40435.0000
1627678121553000,0,0.19589958,40500.0000
1627678130094000,0,0.00391799,40500.0000
1627678145115000,0,0.00007996,40500.0000
1627678177721000,0,0.00400000,40550.0000
1627678177929000,0,0.01386873,40550.0000
1627678178005000,0,0.01323833,40550.0000
1627678179028000,0,0.10199821,40550.0000
1627678179828000,0,0.61601589,40550.0000
1627678180362000,0,0.11416026,40550.0000
1627678180362000,0,0.00400000,40550.0000
1627678186950000,0,0.00484708,40598.0000
1627678189147000,0,0.00009892,40598.0000
1627678191929000,0,0.01000000,40671.2200
1627678194970000,0,0.00247142,40724.4600
1627678197584000,0,0.00482748,40762.0000
1627678197584000,0,0.00009852,40762.0000
1627678199886000,0,0.09653830,40845.6300
1627678202245000,1,0.01000000,40797.7400
1627678278841000,0,0.00490600,40927.0000
1627678281618000,0,0.00400000,40962.7300
1627678281661000,0,0.00600000,40962.7300
1627678284543000,0,0.09083424,41091.9800
1627678284543000,0,0.00478828,41092.0000
1627678284543000,0,0.00009772,41092.0000
1627678289659000,0,0.00486800,41258.0000
1627678292985000,0,0.00989300,41424.9800
1627678292985000,0,0.04861316,41424.9900
1627678292985000,0,0.00484800,41425.0000
1627678293039000,1,0.02264261,41432.3000
1627678295304000,0,0.04828003,41456.9500
1627678295373000,1,0.00298976,41466.5900
1627678298232000,1,0.00500000,41533.7900
1627678323950000,0,0.01388420,41329.0500
1627678330953000,1,0.01000000,41160.5600
1627678331534000,1,0.00097919,41160.5600
1627678333473000,1,0.01455108,41160.5600
1627678352771000,1,0.00484800,41259.0000
1627678369340000,1,0.03834645,41115.4000
1627678370383000,1,0.00486800,41093.0000
1627678378681000,0,0.00486800,41258.0000
1627678411587000,1,0.00486800,41093.0000
1627678433258000,1,0.00488600,40928.0000
1627678436215000,1,0.00490600,40763.0000
1627678437430000,1,0.00240000,40627.6300
1627678442663000,1,0.00492600,40599.0000
1627678450533000,0,0.00492600,40762.0000
1627678482667000,0,0.00400000,40927.0000
1627678483760000,0,0.00090600,40927.0000
1627678605174000,1,0.00490600,40763.0000
1627678728683000,0,0.01300000,40873.9400
1627678728683000,0,0.01300000,40873.9500
1627678780682000,0,0.00613300,40707.4500
1627678801038000,0,0.00600000,40697.5700
1627678801126000,0,0.00700000,40697.5700
1627678804745000,1,0.01754000,40712.2200
1627678864715000,0,0.01300000,40812.5300
1627678925833000,0,0.01300000,40869.2800
1627678925833000,0,0.01248000,40869.2900
1627678925906000,0,0.00052000,40869.2900
1627678957146000,1,0.02600000,40809.3900
1627678958139000,1,0.04671441,40809.3900
1627678958785000,1,0.03621890,40782.4400
1627678959026000,1,0.01471221,40782.4400
1627678959200000,1,0.03000000,40782.4400
1627679057115000,0,0.01300000,40736.9900
1627679085128000,0,0.01274000,40737.2700
1627679085509000,0,0.01300000,40740.1900
1627679239271000,0,0.01274000,40754.0400
1627679239639000,0,0.00026000,40754.0400
1627679256366000,0,0.01300000,40790.0100
1627679256366000,0,0.01300000,40790.0200
1627679284928000,1,0.03425724,40781.8200
1627679285763000,1,0.02600000,40781.8200
1627679286144000,1,0.06066419,40781.8200
1627679499346000,0,0.02600000,40926.9900
1627679499500000,0,0.02071426,40926.9900
1627679499500000,0,0.00490600,40927.0000
1627679574715000,0,0.00488600,41092.0000
1627679599840000,1,0.01418522,41062.3600
1627679764251000,1,0.00400000,40928.0000
1627679764310000,1,0.00088600,40928.0000
1627679769548000,1,0.08904317,40857.3600
1627680144432000,1,0.02200000,40988.4500
1627680144747000,1,0.34400000,40988.4500
1627680628843000,0,0.00116600,40927.8600
1627680691131000,0,0.00400000,41092.0000
1627680691131000,0,0.00078828,41092.0000
1627680720544000,0,0.00009772,41092.0000
1627680927259000,0,0.00486800,41258.0000
1627681150564000,0,0.04856872,41269.3500
1627681154406000,0,0.32000000,41373.1300
1627681169553000,0,0.00484800,41425.0000
1627681169922000,0,0.02600000,41446.4900
1627681171519000,0,0.00272962,41446.4900
1627681178436000,0,0.18679808,41482.0000
1627681178436000,0,0.06665875,41482.0000
1627681178487000,0,0.00517259,41482.0000
1627681210097000,0,0.02871421,41482.3800
1627681210097000,0,0.12063157,41482.3900
1627681210097000,0,0.07178554,41511.9200
1627681210097000,0,0.04882451,41511.9300
1627681210097000,0,0.02869055,41521.0700
1627681210097000,0,0.02869069,41521.0800
1627681210097000,0,0.24117281,41521.0900
1627681210097000,0,0.16348000,41531.1000
1627681210097000,0,0.04874900,41535.2000
1627681210097000,0,0.09140440,41535.2200
1627681210097000,0,0.00482800,41592.0000
1627681210097000,0,0.44800000,41592.2400
1627681210097000,0,0.89500000,41597.0500
1627681210097000,0,0.18239481,41654.7000
1627681232841000,1,0.00400000,41426.0000
1627681233033000,1,0.00082800,41426.0000
1627681293934000,0,0.12071332,41444.5900
1627681293981000,1,0.02200000,41452.8700
1627681294034000,1,0.03047378,41452.8700
1627681490862000,1,0.03570000,41422.2400
1627681641051000,0,0.03447705,41448.1500
1627681765010000,0,0.00520018,41483.1400
1627681868497000,1,0.03522817,41270.0000
1627681868501000,1,0.02312732,41270.0000
1627681868632000,1,0.00582088,41270.0000
1627681868956000,1,0.06868575,41270.0000
1627681869160000,1,0.28153788,41270.0000
1627681869691000,1,0.00484800,41259.0000
1627681871964000,1,0.60800105,41157.9200
1627681872490000,1,0.60817212,41157.9200
1627681872679000,1,0.41382683,41157.9200
1627681873810000,1,0.00243600,41094.5800
1627681875929000,0,0.05070749,41157.9300
1627681920828000,0,0.01300000,41190.2100
1627681949928000,1,0.00100000,41190.3300
1627681950727000,1,0.00070400,41190.3300
1627681957206000,0,0.00097973,41180.0600
1627681957658000,0,0.00100444,41180.0500
1627681957972000,0,0.00361887,41180.0500
1627681958244000,0,0.01202027,41180.0600
1627681976400000,1,0.00400000,41093.0000
1627681978620000,1,0.00086800,41093.0000
1627681981127000,1,0.33200000,40989.1000
1627681981530000,1,0.00122000,40928.0200
1627682082632000,0,0.01300000,41082.1200
1627682082632000,0,0.01300000,41082.1300
1627682101188000,0,0.01274000,41114.7100
1627682149429000,0,0.01300000,41095.7800
1627682149429000,0,0.01248000,41095.7900
1627682149458000,0,0.00052000,41095.7900
1627682185002000,0,0.01300000,41079.5000
1627682185002000,0,0.01300000,41079.5100
1627682405092000,1,0.01774000,41186.1100
1627682414698000,0,0.00400000,41258.0000
1627682414698000,0,0.00077064,41258.0000
1627682415040000,0,0.00009736,41258.0000
1627682768459000,1,0.00400000,41366.8100
1627682768564000,1,0.00013700,41366.8100
1627682803290000,1,0.00400000,41332.8400
1627682803586000,1,0.01843180,41332.8400
1627682804793000,1,0.03264690,41319.6000
1627682819240000,1,0.10485310,41319.6000
1627682829813000,0,0.00320800,41334.0100
1627682858043000,1,0.00480000,41265.8300
1627682858100000,1,0.01766823,41265.8300
1627683062479000,1,0.02260247,41253.1000
1627683336876000,1,0.02137171,41177.4200
1627683374624000,1,0.00100352,41093.0000
1627683375381000,1,0.00386448,41093.0000
1627683488370000,0,0.02600000,41072.1000
1627683491398000,0,0.02236372,41072.1000
1627683761021000,1,0.01377801,41105.0500
1627683761050000,1,0.03443595,41105.0500
1627683761123000,1,0.17050352,41105.0500
1627683761188000,1,0.16599296,41105.0500
1627683762139000,1,0.12228956,41105.0500
1627683769970000,1,0.08775894,41093.0200
1627683770574000,1,0.02142473,41075.5300
1627683772478000,1,0.00328100,40977.7300
1627683832156000,1,0.02100000,41074.4800
1627684163684000,0,0.00100352,41258.0000
1627684163684000,0,0.00299648,41258.0000
1627684196470000,0,0.00085064,41258.0000
1627684201233000,0,0.00001736,41258.0000
1627684481399000,1,0.00817302,41210.6300
1627684481471000,1,0.00016680,41210.6300
1627685409968000,0,0.12089749,41382.6100
1627685409968000,0,0.02873353,41390.0900
1627685409968000,0,0.01300000,41390.1000
1627685409968000,0,0.08987440,41390.1100
1627685793642000,0,0.00475104,41425.0000
1627685793736000,0,0.00009696,41425.0000
1627685832275000,0,0.00237121,41454.4800
1627685832456000,0,0.00004839,41454.4800
1627686004498000,1,0.01000000,41382.2400
1627686004498000,1,0.00784000,41371.8200
1627686104013000,1,0.01000000,41421.9200
1627686890017000,0,0.00400000,41592.0000
1627686890513000,0,0.00082800,41592.0000
1627686977916000,1,0.01000000,41487.3900
1627686999510000,0,0.01300000,41525.1700
1627686999510000,0,0.12051250,41525.2000
1627686999510000,0,0.02863565,41533.8300
1627686999510000,0,0.04779973,41533.8400
1627686999510000,0,0.02862696,41544.1700
1627686999510000,0,0.06048059,41545.7100
1627687036989000,1,0.00300000,41426.0000
1627687039095000,1,0.00179144,41426.0000
1627687039254000,1,0.00003656,41426.0000
1627687250882000,0,0.00799500,41434.3600
1627687939585000,0,0.00300000,41592.0000
1627687939585000,0,0.00100000,41592.0000
1627687939735000,0,0.00079144,41592.0000
1627687939735000,0,0.00003656,41592.0000
1627687943291000,0,0.01300000,41645.6100
1627687988662000,1,0.01000000,41621.1700
1627688249063000,0,0.01300000,41741.8400
1627688249063000,0,0.01300000,41741.8500
1627688249063000,0,0.11982362,41758.9300
1627688249063000,0,0.00480800,41760.0000
1627688249063000,0,0.02849627,41767.9900
1627688249063000,0,0.04734245,41768.0000
1627688249063000,0,0.07096611,41784.2000
1627688258431000,1,0.00994258,41704.9100
1627688280074000,1,0.00700000,41666.8200
1627688280173000,1,0.00295167,41666.8200
1627688695563000,0,0.02600000,41680.2900
1627688695953000,0,0.04851629,41680.8300
1627688695953000,0,0.01300000,41700.4400
1627688696989000,0,0.04828867,41703.3500
1627688696989000,0,0.04728858,41720.1500
1627688696991000,0,0.04127793,41798.7200
1627688698597000,0,0.04751820,41838.1400
1627688698814000,0,0.06496926,41850.0000
1627688699583000,0,0.04711589,41887.8200
1627688708855000,0,0.00479000,41929.0000
1627688726697000,0,0.09800000,42000.0000
1627688768128000,1,0.00469404,41761.0000
1627688768272000,1,0.00009596,41761.0000
1627688779828000,1,0.00300000,41711.7400
1627688781070000,1,0.00009649,41711.7400
1627688795396000,1,0.01764824,41653.3100
1627688801118000,0,0.00588203,41671.2600
1627688927778000,1,0.02300000,41879.1200
1627688929577000,0,0.00335900,41879.1300
1627688971012000,0,0.00469404,41929.0000
1627688971012000,0,0.00000016,41929.0000
1627688971032000,0,0.00009580,41929.0000
1627689044993000,0,0.02110000,41917.8700
1627689044993000,0,0.07914655,41917.8800
1627689044997000,0,0.04020921,41917.8800
1627689046213000,0,0.01000000,41956.7300
1627689247915000,0,0.01600000,41999.9900
1627689249285000,0,0.16826726,41999.9900
1627689249285000,0,0.00200000,42000.0000
1627689255521000,0,0.00477000,42098.0000
1627689545584000,0,0.00465500,42269.0000
