timestamp ms,type,amount,price
1622769114539000,0,1.42723970,0.01836997
1622769114814000,0,0.16804000,0.01836997
1622769333114000,1,3.57172879,0.01829919
1622769333396000,0,1.72838340,0.01830999
1622769334834000,0,1.72838340,0.01829999
1622769377680000,1,0.24500000,0.01827939
1622769388121000,1,1.48467971,0.01827939
1622769388121000,1,0.01532029,0.01825474
1622769408358000,1,0.02351078,0.01823214
1622769408618000,1,2.76484252,0.01819001
1622769427497000,1,2.20958317,0.01814121
1622769427497000,1,0.03041683,0.01811905
1622769431581000,1,2.12847949,0.01811905
1622769443673000,0,1.74114198,0.01807993
1622769444846000,0,1.74114198,0.01807998
1622769449632000,1,0.02376260,0.01803893
1622769458426000,1,0.30000000,0.01800000
1622769501023000,0,0.26000000,0.01811060
1622769501121000,0,0.84238880,0.01811060
1622769505479000,1,0.50000000,0.01809971
1622769534878000,0,0.03400500,0.01813999
1622769544844000,0,10.00000000,0.01813999
1622769544917000,0,40.00000000,0.01814000
1622769544992000,0,14.50000000,0.01814000
1622769576820000,1,3.56736267,0.01812930
1622769632597000,1,10.55390728,0.01815519
1622769632597000,1,3.63687285,0.01815518
1622769632597000,1,17.63346288,0.01815000
1622769837067000,0,0.18660674,0.01812760
1622769920964000,0,4.43386698,0.01808908
1622769951235000,1,1.77242000,0.01811001
1622769987183000,1,4.42057244,0.01813046
1622769987183000,1,1.77036756,0.01813046
1622770003471000,1,7.53664000,0.01812000
1622770403880000,1,1.75344000,0.01816484
1622770526479000,1,1.75724000,0.01813273
1622770563742000,1,0.05429581,0.01809003
1622770790301000,1,1.75664000,0.01815076
1622770816220000,1,1.75422000,0.01816875
1622771059576000,1,4.41318000,0.01809743
1622771988048000,0,2.03868836,0.01813343
1622772001368000,0,0.18666673,0.01814996
1622772002056000,0,1.40613742,0.01814994
1622772585889000,1,1.77104210,0.01807001
1622772585889000,1,4.42778790,0.01807001
1622772606707000,0,1.77235000,0.01808678
1622772607644000,0,0.00000195,0.01808678
1622772638759000,0,1.76715796,0.01812997
1622772638759000,0,1.76731364,0.01812999
1622772834308000,0,1.16783421,0.01813854
1622772918627000,1,0.01994900,0.01815000
1622772920655000,1,1.77695000,0.01813932
1622773043628000,0,0.36069000,0.01820000
1622773152642000,1,0.26000000,0.01822001
1622773152648000,1,1.50328702,0.01822001
1622773651290000,0,9.11283800,0.01819996
1622773853012000,0,1.48390670,0.01822997
1622774164493000,0,0.67772200,0.01820944
1622776094881000,0,4.41208851,0.01819990
1622776096799000,0,5.07704148,0.01820200
1622776244829000,0,0.03397600,0.01819984
1622776800720000,0,0.05045600,0.01819695
1622777045773000,0,0.03769300,0.01820990
1622778985744000,1,0.36360816,0.01813732
1622778985822000,0,0.87255000,0.01813720
1622778985822000,0,0.00000625,0.01813720
1622779257800000,1,10.00000000,0.01811005
1622780410902000,0,0.54273800,0.01820990
1622780835157000,0,0.12649792,0.01825597
1622780932865000,0,0.12600000,0.01821631
1622780933416000,0,0.00049792,0.01821631
1622781729720000,1,0.07500000,0.01815121
1622781875736000,1,2.03750000,0.01814059
1622783065486000,0,0.05900000,0.01820000
1622783065498000,0,0.00030786,0.01820000
1622783238121000,1,0.36532939,0.01823796
1622783238121000,1,1.63317543,0.01823029
1622783238121000,1,0.34171893,0.01823028
1622783330594000,1,0.48352271,0.01821001
1622783501853000,1,1.23446932,0.01819012
1622783660982000,0,1.77829047,0.01825996
1622783667020000,0,1.77638104,0.01827999
1622783668092000,0,23.35220742,0.01828781
1622783668092000,0,4.44076298,0.01828782
1622783670671000,1,1.75265987,0.01828003
1622783989552000,0,0.10353700,0.01831995
1622785038379000,1,2.30863607,0.01820149
1622785038516000,1,6.05860345,0.01820017
1622785038540000,1,0.18500000,0.01820017
1622785038680000,1,1.48181000,0.01820017
1622785038700000,1,3.63039964,0.01820017
1622785038880000,1,0.34474026,0.01820017
1622785090527000,0,0.26000000,0.01816000
1622785090532000,0,0.42515500,0.01816000
1622785249991000,0,0.08470000,0.01811000
1622785306118000,1,0.03284300,0.01814002
1622785490294000,0,10.60799326,0.01814999
1622785557779000,1,1.44312000,0.01814025
1622785559883000,1,0.29260600,0.01813000
1622785691670000,1,0.03627000,0.01820005
1622785734747000,1,0.15101000,0.01818003
1622786248300000,0,0.03060200,0.01815000
1622786525694000,0,1.86924587,0.01815949
1622786525694000,0,1.13587813,0.01815950
1622786546990000,1,0.08600600,0.01814001
1622787082351000,0,0.05049700,0.01812197
1622788257818000,0,0.01399400,0.01807904
1622788274532000,1,1.77347021,0.01802315
1622788274542000,1,3.70578830,0.01802315
1622788612278000,0,2.28009654,0.01810466
1622788612466000,0,2.26980000,0.01810466
1622788612474000,0,0.45010346,0.01810466
1622789033003000,0,0.05786800,0.01805240
1622789055849000,1,17.78694291,0.01803002
1622789055849000,1,19.84748206,0.01803000
1622789304388000,1,1.83191367,0.01798497
1622789304388000,1,1.83201536,0.01798497
1622789304894000,1,2.24508709,0.01798001
1622789304894000,1,35.71332930,0.01798000
1622789311804000,1,11.91821866,0.01798001
1622789324593000,0,0.01761800,0.01801997
1622789389570000,0,0.02111500,0.01796568
1622789459181000,1,0.05246800,0.01797000
1622789587752000,0,0.05408550,0.01802122
1622789726958000,0,11.94568000,0.01797794
1622789729184000,0,0.00000349,0.01797794
1622790033101000,0,0.04020600,0.01799270
1622790054474000,0,0.02085000,0.01795509
1622790096370000,0,0.03141700,0.01795869
1622790118025000,0,0.05315000,0.01793512
1622790246695000,1,0.10570300,0.01794000
1622790356526000,0,1.87241000,0.01794000
1622790702607000,1,0.05466000,0.01799000
1622791089810000,0,0.01208300,0.01789231
1622791093408000,0,1.74705869,0.01790247
1622791255459000,0,0.07900000,0.01791000
1622791267830000,0,0.24712765,0.01792471
1622791283675000,0,0.03572000,0.01792986
1622791549642000,1,0.71643900,0.01798000
1622792124795000,1,3.88933700,0.01804000
1622793673807000,0,4.66806926,0.01800814
1622793752230000,1,1.84573718,0.01795001
1622793752230000,1,4.61488485,0.01795001
1622793752230000,1,11.99931344,0.01795001
1622793760601000,1,1.84549764,0.01795001
1622793819298000,0,0.07201400,0.01799985
1622793819573000,1,0.01900000,0.01800000
1622793819778000,1,0.00047800,0.01800000
1622793909620000,0,9.24362000,0.01799977
1622793909651000,0,9.22985166,0.01799977
1622794087159000,1,1.83475000,0.01803001
1622794335388000,0,0.15108478,0.01804999
1622794336002000,0,0.59869995,0.01805001
1622794918704000,0,0.67907000,0.01806848
1622794954664000,0,0.00000657,0.01806848
1622795129700000,1,1.82722133,0.01806734
1622797142457000,1,0.24910500,0.01794181
1622798151514000,1,42.56318000,0.01799000
1622798151514000,1,4.60345670,0.01798001
1622798151514000,1,1.84153086,0.01797851
1622798151514000,1,1.31096451,0.01797850
1622798688949000,0,0.01900000,0.01805000
1622798688996000,0,0.00712000,0.01805000
1622799923758000,1,1.81810523,0.01805113
1622799923758000,1,2.62911328,0.01805113
1622800176909000,0,1.81962389,0.01808781
1622800176909000,0,2.03081212,0.01808781
1622800176909000,0,4.54971896,0.01808800
1622800178064000,1,5.00000000,0.01806500
1622800178064000,1,1.81916692,0.01806494
1622800178064000,1,4.54809659,0.01806494
1622800178064000,1,11.82535344,0.01806494
1622800178064000,1,4.61615935,0.01806494
1622800941682000,0,1.81719710,0.01810604
1622800941682000,0,1.33959828,0.01810604
1622802048414000,0,1.01517100,0.01808053
1622802512894000,0,1.66930707,0.01808053
1622804280895000,1,3.50000547,0.01800446
1622804869780000,0,0.01833000,0.01801000
1622804869780000,0,0.37457916,0.01801820
1622804880337000,1,0.01337750,0.01799699
1622805983460000,1,0.01974900,0.01800215
1622808314224000,0,1.65059596,0.01798996
1622808314242000,0,1.12447406,0.01798996
1622808314299000,0,0.35299000,0.01798996
1622808314365000,0,0.21600000,0.01798996
1622808314365000,0,0.77128999,0.01798996
1622808314365000,0,0.52556132,0.01798996
1622808314365000,0,0.72362868,0.01798997
1622808314388000,0,0.41199999,0.01798997
1622808314433000,0,0.72081824,0.01798997
1622808314433000,0,0.82085176,0.01799415
1622808429114000,0,4.65742521,0.01799999
1622808429114000,0,1.86304762,0.01799999
1622808435057000,0,4.65184003,0.01803399
1622808435057000,0,4.65415151,0.01803400
1622808592744000,0,2.50000000,0.01802928
1622808594480000,0,2.17266000,0.01802928
1622808605189000,0,0.00000950,0.01802928
1622808605189000,0,3.86943591,0.01803954
1622808605189000,0,4.69146964,0.01804998
1622808605189000,0,12.19895476,0.01804998
1622808605189000,0,1.87635410,0.01804998
1622808605189000,0,6.23262565,0.01804999
1622808605189000,0,21.36040044,0.01805000
1622810342220000,1,2.25808019,0.01815130
1622810342857000,1,1.85168031,0.01814045
1622810342857000,1,4.62939146,0.01814045
1622810342857000,1,12.03690329,0.01814045
1622810346574000,1,2.84178648,0.01805326
1622810346574000,1,2.28792944,0.01805325
1622810347074000,1,2.26548079,0.01804781
1622810349480000,1,1.85168031,0.01803492
1622810349480000,1,4.62939146,0.01803492
1622810352616000,1,3.80714635,0.01796598
1622810352616000,1,7.61485284,0.01794815
1622810352616000,1,2.30912148,0.01794351
1622810352616000,1,7.61405588,0.01792335
1622810352637000,0,12.11507986,0.01792000
1622810413925000,0,1.83717000,0.01815913
1622810453681000,0,1.83473615,0.01817684
1622810453681000,0,4.57546711,0.01817685
1622810802782000,1,0.02594718,0.01810130
1622811039363000,0,9.64585000,0.01801000
1622811039504000,0,20.35415000,0.01801000
1622812307799000,0,1.82122954,0.01816912
1622812307799000,0,0.07500000,0.01816912
1622812307799000,0,3.74911122,0.01816913
1622812307799000,0,0.07500000,0.01816913
1622812307799000,0,0.07500000,0.01816998
1622812307799000,0,1.15386124,0.01817000
1622813132974000,1,0.06359757,0.01811862
1622815913875000,1,1.84291318,0.01811771
1622817312530000,0,1.37778725,0.01810159
1622818009491000,0,0.23528951,0.01809775
1622819800550000,0,0.18941707,0.01811074
1622820255677000,1,0.40000000,0.01808708
1622820272732000,0,0.20687694,0.01810740
1622820734267000,1,0.61772599,0.01806002
1622820945890000,0,0.20248093,0.01811074
1622821160151000,0,0.02622000,0.01812442
1622821428054000,1,0.03467100,0.01810000
1622822780072000,1,0.05700000,0.01804000
1622823021564000,0,0.01559600,0.01811135
1622823393389000,0,0.19896846,0.01812996
1622824175807000,1,0.50000000,0.01808001
1622824222861000,0,0.20015473,0.01810482
1622824921339000,0,0.19997679,0.01806950
1622824948833000,0,0.02153900,0.01806769
1622825312386000,0,0.20000349,0.01806141
1622825698896000,0,0.35636000,0.01802839
1622825974539000,0,0.05220700,0.01803706
1622828260779000,1,0.15417479,0.01811259
1622828261673000,1,0.50357573,0.01811260
1622828268382000,1,0.47925232,0.01811259
1622828392595000,1,1.80621819,0.01810361
1622828392595000,1,1.32244913,0.01810361
1622828392595000,1,1.42609000,0.01810360
1622828392595000,1,4.51439104,0.01810339
1622828396676000,0,3.71124892,0.01812626
1622828396676000,0,2.25124438,0.01812830
1622828396739000,1,4.58748647,0.01812921
1622834128630000,0,0.74369263,0.01813320
1622834128630000,0,1.80594561,0.01813867
1622834128630000,0,1.03421976,0.01813908
1622837497553000,0,1.80859162,0.01822978
1622837497553000,0,2.27888838,0.01822978
1622842032505000,1,2.72727114,0.01824779
1622842713342000,0,0.02341320,0.01824598
1622842981168000,1,4.48796718,0.01821115
1622842981168000,1,1.79512282,0.01821115
1622842981237000,1,0.00000772,0.01821115
1622842981237000,1,0.25999228,0.01820478
1622847136985000,1,0.04369700,0.01824178
1622848713577000,1,4.54802484,0.01821009
1622848713577000,1,1.81913583,0.01821009
1622848794769000,1,1.81128856,0.01822455
