timestamp ms,type,amount,price
1622769114539000,0,1.42723970,0.01836997
1622769114814000,0,0.16804000,0.01836997
1622769333114000,1,3.57172879,0.01829919
1622769333396000,0,1.72838340,0.01830999
1622769334834000,0,1.72838340,0.01829999
1622769377680000,1,0.24500000,0.01827939
1622769388121000,1,1.48467971,0.01827939
1622769388121000,1,0.01532029,0.01825474
1622769408358000,1,0.02351078,0.01823214
1622769408618000,1,2.76484252,0.01819001
1622769427497000,1,2.20958317,0.01814121
1622769427497000,1,0.03041683,0.01811905
1622769431581000,1,2.12847949,0.01811905
1622769443673000,0,1.74114198,0.01807993
1622769444846000,0,1.74114198,0.01807998
1622769449632000,1,0.02376260,0.01803893
1622769458426000,1,0.30000000,0.01800000
1622769501023000,0,0.26000000,0.01811060
1622769501121000,0,0.84238880,0.01811060
1622769505479000,1,0.50000000,0.01809971
1622769534878000,0,0.03400500,0.01813999
1622769544844000,0,10.00000000,0.01813999
1622769544917000,0,40.00000000,0.01814000
1622769544992000,0,14.50000000,0.01814000
1622769576820000,1,3.56736267,0.01812930
1622769632597000,1,10.55390728,0.01815519
1622769632597000,1,3.63687285,0.01815518
1622769632597000,1,17.63346288,0.01815000
1622769837067000,0,0.18660674,0.01812760
1622769920964000,0,4.43386698,0.01808908
1622769951235000,1,1.77242000,0.01811001
1622769987183000,1,4.42057244,0.01813046
1622769987183000,1,1.77036756,0.01813046
1622770003471000,1,7.53664000,0.01812000
1622770403880000,1,1.75344000,0.01816484
1622770526479000,1,1.75724000,0.01813273
1622770563742000,1,0.05429581,0.01809003
1622770790301000,1,1.75664000,0.01815076
1622770816220000,1,1.75422000,0.01816875
1622771059576000,1,4.41318000,0.01809743
1622771988048000,0,2.03868836,0.01813343
1622772001368000,0,0.18666673,0.01814996
1622772002056000,0,1.40613742,0.01814994
1622772585889000,1,1.77104210,0.01807001
1622772585889000,1,4.42778790,0.01807001
1622772606707000,0,1.77235000,0.01808678
1622772607644000,0,0.00000195,0.01808678
1622772638759000,0,1.76715796,0.01812997
1622772638759000,0,1.76731364,0.01812999
1622772834308000,0,1.16783421,0.01813854
1622772918627000,1,0.01994900,0.01815000
1622772920655000,1,1.77695000,0.01813932
1622773043628000,0,0.36069000,0.01820000
1622773152642000,1,0.26000000,0.01822001
1622773152648000,1,1.50328702,0.01822001
1622773651290000,0,9.11283800,0.01819996
1622773853012000,0,1.48390670,0.01822997
1622774164493000,0,0.67772200,0.01820944
1622776094881000,0,4.41208851,0.01819990
1622776096799000,0,5.07704148,0.01820200
1622776244829000,0,0.03397600,0.01819984
1622776800720000,0,0.05045600,0.01819695
1622777045773000,0,0.03769300,0.01820990
1622778985744000,1,0.36360816,0.01813732
1622778985822000,0,0.87255000,0.01813720
1622778985822000,0,0.00000625,0.01813720
1622779257800000,1,10.00000000,0.01811005
1622780410902000,0,0.54273800,0.01820990
1622780835157000,0,0.12649792,0.01825597
1622780932865000,0,0.12600000,0.01821631
1622780933416000,0,0.00049792,0.01821631
1622781729720000,1,0.07500000,0.01815121
1622781875736000,1,2.03750000,0.01814059
1622783065486000,0,0.05900000,0.01820000
1622783065498000,0,0.00030786,0.01820000
1622783238121000,1,0.36532939,0.01823796
1622783238121000,1,1.63317543,0.01823029
1622783238121000,1,0.34171893,0.01823028
1622783330594000,1,0.48352271,0.01821001
1622783501853000,1,1.23446932,0.01819012
1622783660982000,0,1.77829047,0.01825996
1622783667020000,0,1.77638104,0.01827999
1622783668092000,0,23.35220742,0.01828781
1622783668092000,0,4.44076298,0.01828782
1622783670671000,1,1.75265987,0.01828003
1622783989552000,0,0.10353700,0.01831995
1622785038379000,1,2.30863607,0.01820149
1622785038516000,1,6.05860345,0.01820017
1622785038540000,1,0.18500000,0.01820017
1622785038680000,1,1.48181000,0.01820017
1622785038700000,1,3.63039964,0.01820017
1622785038880000,1,0.34474026,0.01820017
1622785090527000,0,0.26000000,0.01816000
1622785090532000,0,0.42515500,0.01816000
1622785249991000,0,0.08470000,0.01811000
1622785306118000,1,0.03284300,0.01814002
1622785490294000,0,10.60799326,0.01814999
1622785557779000,1,1.44312000,0.01814025
1622785559883000,1,0.29260600,0.01813000
1622785691670000,1,0.03627000,0.01820005
1622785734747000,1,0.15101000,0.01818003
1622786248300000,0,0.03060200,0.01815000
1622786525694000,0,1.86924587,0.01815949
1622786525694000,0,1.13587813,0.01815950
1622786546990000,1,0.08600600,0.01814001
1622787082351000,0,0.05049700,0.01812197
1622788257818000,0,0.01399400,0.01807904
1622788274532000,1,1.77347021,0.01802315
1622788274542000,1,3.70578830,0.01802315
1622788612278000,0,2.28009654,0.01810466
1622788612466000,0,2.26980000,0.01810466
1622788612474000,0,0.45010346,0.01810466
1622789033003000,0,0.05786800,0.01805240
1622789055849000,1,17.78694291,0.01803002
1622789055849000,1,19.84748206,0.01803000
1622789304388000,1,1.83191367,0.01798497
1622789304388000,1,1.83201536,0.01798497
1622789304894000,1,2.24508709,0.01798001
1622789304894000,1,35.71332930,0.01798000
1622789311804000,1,11.91821866,0.01798001
1622789324593000,0,0.01761800,0.01801997
1622789389570000,0,0.02111500,0.01796568
1622789459181000,1,0.05246800,0.01797000
1622789587752000,0,0.05408550,0.01802122
1622789726958000,0,11.94568000,0.01797794
1622789729184000,0,0.00000349,0.01797794
1622790033101000,0,0.04020600,0.01799270
1622790054474000,0,0.02085000,0.01795509
1622790096370000,0,0.03141700,0.01795869
1622790118025000,0,0.05315000,0.01793512
1622790246695000,1,0.10570300,0.01794000
1622790356526000,0,1.87241000,0.01794000
1622790702607000,1,0.05466000,0.01799000
1622791089810000,0,0.01208300,0.01789231
1622791093408000,0,1.74705869,0.01790247
1622791255459000,0,0.07900000,0.01791000
1622791267830000,0,0.24712765,0.01792471
1622791283675000,0,0.03572000,0.01792986
1622791549642000,1,0.71643900,0.01798000
1622792124795000,1,3.88933700,0.01804000
1622793673807000,0,4.66806926,0.01800814
1622793752230000,1,1.84573718,0.01795001
1622793752230000,1,4.61488485,0.01795001
1622793752230000,1,11.99931344,0.01795001
1622793760601000,1,1.84549764,0.01795001
1622793819298000,0,0.07201400,0.01799985
1622793819573000,1,0.01900000,0.01800000
1622793819778000,1,0.00047800,0.01800000
1622793909620000,0,9.24362000,0.01799977
1622793909651000,0,9.22985166,0.01799977
1622794087159000,1,1.83475000,0.01803001
1622794335388000,0,0.15108478,0.01804999
1622794336002000,0,0.59869995,0.01805001
1622794918704000,0,0.67907000,0.01806848
1622794954664000,0,0.00000657,0.01806848
1622795129700000,1,1.82722133,0.01806734
1622797142457000,1,0.24910500,0.01794181
1622798151514000,1,42.56318000,0.01799000
1622798151514000,1,4.60345670,0.01798001
1622798151514000,1,1.84153086,0.01797851
1622798151514000,1,1.31096451,0.01797850
1622798688949000,0,0.01900000,0.01805000
1622798688996000,0,0.00712000,0.01805000
1622799923758000,1,1.81810523,0.01805113
1622799923758000,1,2.62911328,0.01805113
1622800176909000,0,1.81962389,0.01808781
1622800176909000,0,2.03081212,0.01808781
1622800176909000,0,4.54971896,0.01808800
1622800178064000,1,5.00000000,0.01806500
1622800178064000,1,1.81916692,0.01806494
1622800178064000,1,4.54809659,0.01806494
1622800178064000,1,11.82535344,0.01806494
1622800178064000,1,4.61615935,0.01806494
1622800941682000,0,1.81719710,0.01810604
1622800941682000,0,1.33959828,0.01810604
1622802048414000,0,1.01517100,0.01808053
1622802512894000,0,1.66930707,0.01808053
1622804280895000,1,3.50000547,0.01800446
1622804869780000,0,0.01833000,0.01801000
1622804869780000,0,0.37457916,0.01801820
1622804880337000,1,0.01337750,0.01799699
1622805983460000,1,0.01974900,0.01800215
1622808314224000,0,1.65059596,0.01798996
1622808314242000,0,1.12447406,0.01798996
1622808314299000,0,0.35299000,0.01798996
1622808314365000,0,0.21600000,0.01798996
1622808314365000,0,0.77128999,0.01798996
1622808314365000,0,0.52556132,0.01798996
1622808314365000,0,0.72362868,0.01798997
1622808314388000,0,0.41199999,0.01798997
1622808314433000,0,0.72081824,0.01798997
1622808314433000,0,0.82085176,0.01799415
1622808429114000,0,4.65742521,0.01799999
1622808429114000,0,1.86304762,0.01799999
1622808435057000,0,4.65184003,0.01803399
1622808435057000,0,4.65415151,0.01803400
1622808592744000,0,2.50000000,0.01802928
1622808594480000,0,2.17266000,0.01802928
1622808605189000,0,0.00000950,0.01802928
1622808605189000,0,3.86943591,0.01803954
1622808605189000,0,4.69146964,0.01804998
1622808605189000,0,12.19895476,0.01804998
1622808605189000,0,1.87635410,0.01804998
1622808605189000,0,6.23262565,0.01804999
1622808605189000,0,21.36040044,0.01805000
1622810342220000,1,2.25808019,0.01815130
1622810342857000,1,1.85168031,0.01814045
1622810342857000,1,4.62939146,0.01814045
1622810342857000,1,12.03690329,0.01814045
1622810346574000,1,2.84178648,0.01805326
1622810346574000,1,2.28792944,0.01805325
1622810347074000,1,2.26548079,0.01804781
1622810349480000,1,1.85168031,0.01803492
1622810349480000,1,4.62939146,0.01803492
1622810352616000,1,3.80714635,0.01796598
1622810352616000,1,7.61485284,0.01794815
1622810352616000,1,2.30912148,0.01794351
1622810352616000,1,7.61405588,0.01792335
1622810352637000,0,12.11507986,0.01792000
1622810413925000,0,1.83717000,0.01815913
1622810453681000,0,1.83473615,0.01817684
1622810453681000,0,4.57546711,0.01817685
1622810802782000,1,0.02594718,0.01810130
1622811039363000,0,9.64585000,0.01801000
1622811039504000,0,20.35415000,0.01801000
1622812307799000,0,1.82122954,0.01816912
1622812307799000,0,0.07500000,0.01816912
1622812307799000,0,3.74911122,0.01816913
1622812307799000,0,0.07500000,0.01816913
1622812307799000,0,0.07500000,0.01816998
1622812307799000,0,1.15386124,0.01817000
1622813132974000,1,0.06359757,0.01811862
1622815913875000,1,1.84291318,0.01811771
1622817312530000,0,1.37778725,0.01810159
1622818009491000,0,0.23528951,0.01809775
1622819800550000,0,0.18941707,0.01811074
1622820255677000,1,0.40000000,0.01808708
1622820272732000,0,0.20687694,0.01810740
1622820734267000,1,0.61772599,0.01806002
1622820945890000,0,0.20248093,0.01811074
1622821160151000,0,0.02622000,0.01812442
1622821428054000,1,0.03467100,0.01810000
1622822780072000,1,0.05700000,0.01804000
1622823021564000,0,0.01559600,0.01811135
1622823393389000,0,0.19896846,0.01812996
1622824175807000,1,0.50000000,0.01808001
1622824222861000,0,0.20015473,0.01810482
1622824921339000,0,0.19997679,0.01806950
1622824948833000,0,0.02153900,0.01806769
1622825312386000,0,0.20000349,0.01806141
1622825698896000,0,0.35636000,0.01802839
1622825974539000,0,0.05220700,0.01803706
1622828260779000,1,0.15417479,0.01811259
1622828261673000,1,0.50357573,0.01811260
1622828268382000,1,0.47925232,0.01811259
1622828392595000,1,1.80621819,0.01810361
1622828392595000,1,1.32244913,0.01810361
1622828392595000,1,1.42609000,0.01810360
1622828392595000,1,4.51439104,0.01810339
1622828396676000,0,3.71124892,0.01812626
1622828396676000,0,2.25124438,0.01812830
1622828396739000,1,4.58748647,0.01812921
1622834128630000,0,0.74369263,0.01813320
1622834128630000,0,1.80594561,0.01813867
1622834128630000,0,1.03421976,0.01813908
1622837497553000,0,1.80859162,0.01822978
1622837497553000,0,2.27888838,0.01822978
1622842032505000,1,2.72727114,0.01824779
1622842713342000,0,0.02341320,0.01824598
1622842981168000,1,4.48796718,0.01821115
1622842981168000,1,1.79512282,0.01821115
1622842981237000,1,0.00000772,0.01821115
1622842981237000,1,0.25999228,0.01820478
1622847136985000,1,0.04369700,0.01824178
1622848713577000,1,4.54802484,0.01821009
1622848713577000,1,1.81913583,0.01821009
1622848794769000,1,1.81128856,0.01822455
1622848794769000,1,4.52822140,0.01822455
1622851550292000,0,0.13488079,0.01825000
1622852347028000,0,1.78356119,0.01831394
1622852347028000,0,4.45793417,0.01831394
1622852347112000,1,5.24532000,0.01831394
1622852347291000,1,0.00000101,0.01831394
1622852386470000,0,0.02399600,0.01829000
1622852467589000,0,0.02819200,0.01828840
1622853366060000,1,0.88957000,0.01823000
1622853366565000,1,0.00000600,0.01823000
1622853615858000,0,0.69895563,0.01824073
1622856191323000,0,1.77589645,0.01819583
1622856191323000,0,2.77425419,0.01819583
1622858673692000,0,2.72851376,0.01819720
1622859535168000,1,0.69677571,0.01819758
1622859843915000,0,1.77319377,0.01819257
1622859843915000,0,0.69600186,0.01819257
1622860338307000,1,0.83532400,0.01822065
1622863783637000,0,3.65875579,0.01818712
1622865735489000,0,0.49479504,0.01815000
1622865735514000,0,4.46334530,0.01815000
1622865735659000,0,0.30187000,0.01815000
1622868669522000,0,0.01286837,0.01814828
1622868874701000,1,4.43333680,0.01813245
1622868874701000,1,1.77327744,0.01813245
1622868908849000,0,1.65501600,0.01814385
1622869392877000,0,0.17171400,0.01812753
1622869921088000,1,0.01738300,0.01815000
1622870217491000,0,0.02579500,0.01815054
1622871227266000,0,0.03112100,0.01814999
1622871442825000,0,2.02794300,0.01812119
1622871711478000,0,0.03232600,0.01813001
1622872172644000,0,0.03029100,0.01811303
1622872251865000,1,0.01805245,0.01810230
1622872320770000,0,0.01171200,0.01812088
1622872385056000,1,3.66958458,0.01810024
1622872635872000,0,0.25259700,0.01812234
1622873358290000,1,0.59900000,0.01806681
1622874518276000,1,3.65969000,0.01809581
1622874525293000,1,0.00000962,0.01809581
1622874525293000,1,3.65968038,0.01809581
1622874527257000,1,0.00001924,0.01809581
1622874585151000,0,1.77496739,0.01810910
1622874585151000,0,3.65798890,0.01810911
1622874585151000,0,4.43732163,0.01811532
1622874585151000,0,11.53486991,0.01812029
1622874585151000,0,4.31990517,0.01812030
1622874604678000,1,3.65644000,0.01808768
1622874610311000,1,0.00000718,0.01808768
1622874610311000,1,3.65643282,0.01808768
1622874777381000,1,0.51586000,0.01811000
1622874777825000,1,0.00000400,0.01811000
1622875538843000,0,0.05891700,0.01813517
1622875687517000,0,0.09772800,0.01812723
1622875899686000,0,0.02062500,0.01809414
1622875941314000,0,0.01759400,0.01810276
1622876068699000,1,0.02060600,0.01810000
1622876347278000,0,0.25738800,0.01813158
1622876410807000,0,0.02058400,0.01815097
1622876959562000,0,0.01263200,0.01811526
1622876966528000,0,0.10483300,0.01811999
1622877195468000,1,1.76802770,0.01810849
1622877195468000,1,1.76802770,0.01810849
1622877195468000,1,2.19318816,0.01810848
1622877195468000,1,5.00000000,0.01810847
1622877195468000,1,11.49512456,0.01810157
1622877195468000,1,2.19529520,0.01810156
1622877195468000,1,12.03671177,0.01810000
1622877195583000,1,3.64563751,0.01810029
1622877195617000,0,4.42045562,0.01810529
1622877196086000,0,1.76679750,0.01813919
1622877196086000,0,2.68110304,0.01813919
1622877196086000,0,32.02423878,0.01814000
1622877198069000,1,25.00000000,0.01810849
1622877198069000,1,2.68398965,0.01810849
1622878323477000,1,0.11218485,0.01815215
1622878323478000,1,0.15962181,0.01815215
1622878728334000,1,0.01608067,0.01814505
1622880492752000,0,0.03461400,0.01806989
1622880576687000,1,0.03192200,0.01807000
1622881107331000,1,1.00000000,0.01806001
1622881204067000,1,1.00000000,0.01804000
1622881360159000,1,1.00000000,0.01802000
1622881528077000,0,0.03457100,0.01804161
1622882279641000,1,3.68597885,0.01798566
1622882279641000,1,0.18145955,0.01798169
1622884006931000,1,1.29032147,0.01801001
1622884884428000,0,1.77862077,0.01808853
1622884884428000,0,4.44611425,0.01808853
1622884884428000,0,11.55997498,0.01808853
1622884898478000,1,1.77612864,0.01808001
1622884898478000,1,34.84634463,0.01808000
1622884899343000,0,35.00000000,0.01811134
1622886334793000,1,52.01034000,0.01794000
1622886334793000,1,7.45126974,0.01793175
1622886334793000,1,3.73332856,0.01793122
1622886334793000,1,4.12463123,0.01793000
1622886372206000,1,13.22850284,0.01794000
1622886441210000,1,3.74588663,0.01794182
1622886441210000,1,52.44622000,0.01794000
1622886441210000,1,3.64242707,0.01794000
1622886492954000,1,3.65435246,0.01801643
1622886547271000,1,3.65566388,0.01798538
1622886611010000,0,4.52832249,0.01800982
1622886611010000,0,1.81138676,0.01800982
1622886611010000,0,11.77363847,0.01800982
1622886611010000,0,11.00000000,0.01800998
1622886611170000,1,0.18665228,0.01802200
1622886611666000,0,1.62320712,0.01801789
1622886613522000,1,2.84157995,0.01808120
1622886613699000,1,5.15842005,0.01808120
1622886614901000,1,8.10000000,0.01808490
1622886617310000,1,10.00000000,0.01817360
1622886619043000,1,2.25600335,0.01813001
1622886619110000,1,0.27228172,0.01809816
1622886620801000,0,0.10300000,0.01821419
1622886620801000,0,0.07500000,0.01821419
1622886620801000,0,6.00000000,0.01822722
1622886620801000,0,3.74563805,0.01825914
1622886620801000,0,7.49268591,0.01827956
1622886620801000,0,0.13488080,0.01830000
1622886620801000,0,7.49127610,0.01830515
1622886621021000,1,1.79312803,0.01809964
1622886621021000,1,2.21624623,0.01809963
1622886624101000,0,0.10507280,0.01816843
1622886624137000,1,0.22464170,0.01822800
1622886628177000,1,0.22535381,0.01822810
1622886667235000,0,0.34819500,0.01807000
1622886674233000,0,1.82872854,0.01806871
1622886674233000,0,4.57144224,0.01806871
1622886764019000,0,0.09094400,0.01805000
1622887036703000,1,1.83613117,0.01811789
1622887036703000,1,4.58969622,0.01811789
1622887036703000,1,1.83606812,0.01811788
1622887145037000,0,0.12249970,0.01815830
1622887145099000,0,0.52449133,0.01815830
1622888271249000,0,9.62090000,0.01816000
1622888610803000,0,1.18059700,0.01814999
1622889496497000,1,0.13147900,0.01809000
1622889624290000,1,0.02214200,0.01810000
1622889842877000,0,6.34015409,0.01810000
1622889881136000,0,4.59366393,0.01812663
1622889881136000,0,1.83757607,0.01812663
1622890282199000,1,0.01376100,0.01812000
1622892460483000,0,20.00000000,0.01807000
1622892873690000,1,0.25878400,0.01808001
1622894837078000,1,24.50000000,0.01819000
1622894837148000,1,8.50000000,0.01819000
1622894990474000,1,38.56540322,0.01820000
1622894990600000,1,3.85654033,0.01819619
1622895207733000,1,2.32362970,0.01818291
1622895207765000,0,4.66124634,0.01818000
1622895991463000,0,0.38332943,0.01816218
1622895991463000,0,2.29208057,0.01816999
1622896448640000,0,1.00374800,0.01817000
1622898558770000,0,0.13218500,0.01813998
1622899912188000,0,26.31587000,0.01813998
1622899912194000,0,0.00000761,0.01813998
1622900235626000,0,0.42648300,0.01816050
1622900405752000,1,1.85937000,0.01815352
1622900405883000,1,0.00000665,0.01815352
1622900405883000,1,4.64868349,0.01815352
1622900406188000,1,2.31945718,0.01814477
1622900406195000,1,5.39600000,0.01814477
1622900406240000,1,4.37325142,0.01814477
1622900642406000,0,1.54401398,0.01816999
1622901076392000,0,1.03306200,0.01816591
1622901613430000,0,1.15324000,0.01813021
1622902280191000,0,1.19800000,0.01817741
1622903946563000,0,3.85148657,0.01814898
1622903946626000,1,6.87146000,0.01815000
1622903946673000,1,0.00000443,0.01815000
1622905276958000,0,0.31447000,0.01812213
1622905276987000,0,0.00000365,0.01812213
1622907105710000,1,0.03477488,0.01815295
1622908089594000,0,0.38310689,0.01808490
1622908089594000,0,0.61647344,0.01809108
1622908089594000,0,0.41928267,0.01809108
1622908182789000,0,0.53254100,0.01809150
1622908209693000,1,6.00000000,0.01806660
1622908540807000,0,0.05025500,0.01806775
1622909521264000,0,0.63409000,0.01811403
1622912728240000,0,0.01646400,0.01809000
1622912730918000,1,4.23775100,0.01811000
1622916554050000,0,0.01404600,0.01809212
1622920176979000,0,0.12087800,0.01819058
1622920260284000,0,0.10000000,0.01817734
1622920323494000,0,0.10000000,0.01817068
1622921682465000,0,0.10574600,0.01818406
1622922335539000,1,1.14381382,0.01815303
1622925169850000,0,1.84735873,0.01829807
1622925181591000,0,0.79011000,0.01831000
1622925181870000,0,0.00000500,0.01831000
1622925568963000,0,0.17076100,0.01831927
1622926085121000,0,0.01227362,0.01834604
1622927145927000,0,0.02124800,0.01829855
1622927190445000,1,0.01999514,0.01827350
1622928852382000,1,3.18258854,0.01822001
1622928852391000,1,1.56176676,0.01822001
1622928852391000,1,0.42823324,0.01822001
1622928852450000,1,0.21290000,0.01822001
1622928852534000,1,0.59709508,0.01822001
1622928852560000,1,0.66006529,0.01822001
1622928852722000,1,12.33538000,0.01821041
1622928853000000,1,1.23072934,0.01821041
1622928853683000,1,2.29200000,0.01821000
1622928853745000,1,0.37400000,0.01821000
1622928853780000,1,6.39219253,0.01821000
1622928853872000,1,1.52522415,0.01821000
1622928854234000,1,11.74560653,0.01821000
1622928854248000,1,2.04575582,0.01821000
1622928854268000,1,0.30184864,0.01821000
1622928854298000,1,1.42897641,0.01821000
1622928854399000,1,0.24493524,0.01821000
1622928854517000,1,2.13914911,0.01821000
1622928854524000,1,0.22920139,0.01821000
1622928854562000,1,6.36051484,0.01821000
1622928854564000,1,5.57320121,0.01821000
1622928854958000,1,2.34208000,0.01820288
1622928856313000,1,1.89840421,0.01819003
1622928856313000,1,4.75180768,0.01819002
1622928856313000,1,0.28472600,0.01819002
1622928860710000,0,17.10834000,0.01819002
1622928880422000,1,0.23622047,0.01821053
1622928881755000,1,1.66138323,0.01821053
1622928881755000,1,0.06527546,0.01821053
1622928881793000,1,0.05491329,0.01821053
1622928883070000,1,4.62499922,0.01821053
1622928883070000,1,12.33886315,0.01821053
1622928895533000,1,1.90688426,0.01817236
1622928895533000,1,4.76735351,0.01817236
1622928895533000,1,5.00000000,0.01817235
1622929105061000,0,0.29591665,0.01825000
1622929106824000,0,0.96798347,0.01825000
1622929106853000,0,1.05008475,0.01825000
1622929106903000,0,0.16340000,0.01825000
1622929107041000,0,1.29844391,0.01825000
1622929107136000,0,1.24988636,0.01825000
1622929107255000,0,2.32364984,0.01825000
1622929113502000,0,1.69925827,0.01825000
1622929113550000,0,0.58740000,0.01825000
1622929160350000,0,0.40000000,0.01827000
1622929227421000,0,1.26534863,0.01827000
1622929276915000,0,1.16500640,0.01826674
1622929276959000,0,2.30909784,0.01827000
1622929366709000,0,0.08200000,0.01827000
1622929516547000,0,0.71657452,0.01824000
1622929516583000,0,0.25614396,0.01824000
1622929516586000,0,0.97271848,0.01824000
1622930430897000,0,0.01812900,0.01819996
1622930524275000,1,0.01813900,0.01820000
1622930989831000,0,0.03122474,0.01821444
1622931302931000,0,0.16000000,0.01824041
1622931303146000,0,0.70226049,0.01824041
1622931303265000,0,1.40430901,0.01824041
1622931483244000,0,1.57202402,0.01824000
1622931483579000,0,0.98634885,0.01824000
1622931543983000,0,1.41422914,0.01822000
1622932916869000,0,1.88312361,0.01827857
1622932916869000,0,4.70694122,0.01827999
1622932916869000,0,12.23856467,0.01828999
1622932916869000,0,0.80000000,0.01829494
1622932916869000,0,7.77242657,0.01829495
1622932916869000,0,18.77591393,0.01830000
1622932917763000,0,4.70694122,0.01829999
1622932917763000,0,12.23856467,0.01829999
1622932917763000,0,32.28531411,0.01830000
1622932917786000,0,5.89169196,0.01830000
1622932917867000,1,2.37507354,0.01830660
1622932918762000,0,2.31741448,0.01831947
1622932935367000,0,1.87926780,0.01831998
1622935272889000,1,1.87748246,0.01824001
1622935885003000,0,0.35947400,0.01823867
