timestamp ms,type,amount,price
1623024763807000,0,0.02966630,0.01837543
1623025529390000,1,0.02224972,0.01826633
1623025641806000,1,0.97799000,0.01820000
1623025644780000,1,0.00000175,0.01820000
1623025871542000,0,1.45615000,0.01822414
1623025871542000,0,1.83850855,0.01822425
1623025871542000,0,4.59576234,0.01822425
1623025871542000,0,2.65141211,0.01822425
1623026456342000,0,0.81257165,0.01825777
1623026521593000,0,1.83719071,0.01825994
1623026521593000,0,4.59297677,0.01825994
1623027143786000,0,2.05841600,0.01825094
1623029319305000,0,0.41280500,0.01826113
1623030452306000,0,1.07497619,0.01823000
1623030633396000,0,0.12983300,0.01820999
1623030869962000,0,1.50204188,0.01819610
1623031308329000,0,0.15824300,0.01816435
1623032047261000,0,1.89464900,0.01823000
1623033481435000,0,0.01392828,0.01822882
1623035553994000,1,1.35000000,0.01822561
1623036213641000,0,0.27292962,0.01822561
1623036385629000,0,0.37494700,0.01822561
1623036553271000,0,2.23230325,0.01824663
1623036728195000,0,0.21900000,0.01824000
1623036728307000,0,0.00015200,0.01824000
1623037205941000,0,4.56391854,0.01822814
1623037208943000,0,3.76847569,0.01823434
1623037506929000,0,0.71560000,0.01825275
1623037506940000,0,1.11420303,0.01825275
1623037506940000,0,1.18971724,0.01825275
1623037506952000,0,2.27000000,0.01825275
1623037507098000,0,0.33570000,0.01825275
1623038405355000,0,1.82627014,0.01825552
1623038405355000,0,1.82653147,0.01825569
1623042772485000,0,3.45802300,0.01829000
1623042887603000,1,5.18017000,0.01828450
1623042892949000,1,0.00000282,0.01828450
1623042924250000,1,0.47404949,0.01826960
1623043896790000,0,4.57686073,0.01828998
1623043896790000,0,1.83082010,0.01828998
1623043896790000,0,11.89646697,0.01829877
1623043896790000,0,7.55132756,0.01830065
1623043896790000,0,2.22976278,0.01830965
1623046741444000,1,0.09698300,0.01824151
1623048281928000,1,0.20700000,0.01830000
1623048285679000,1,0.00021200,0.01830000
1623048511641000,0,0.12595310,0.01830205
1623048794375000,1,1.35374248,0.01827396
1623049163167000,1,1.99900000,0.01826851
1623049671465000,1,0.24226900,0.01828645
1623050592203000,0,0.05304900,0.01823509
1623051022511000,1,0.01200000,0.01825000
1623051022511000,1,8.35845900,0.01825000
1623051542175000,0,1.84174206,0.01825096
1623051542512000,0,0.08298905,0.01825801
1623051542686000,0,1.66732581,0.01827000
1623051542732000,0,0.82543895,0.01827000
1623051542755000,0,1.84079332,0.01826999
1623051542755000,0,1.86298284,0.01826999
1623051542967000,0,2.18388823,0.01826999
1623052739520000,1,1.00000000,0.01825979
1623054719330000,0,0.04224800,0.01825997
1623055267447000,1,1.00000000,0.01822000
1623056575519000,1,1.43652841,0.01820000
1623056576294000,1,0.13972598,0.01820000
1623057247784000,0,1.84332889,0.01820998
1623057247784000,0,4.60813185,0.01820998
1623057247784000,0,4.60783267,0.01821589
1623057514818000,1,0.72717700,0.01825196
1623060162370000,1,0.27799103,0.01826661
1623060617600000,0,0.06302000,0.01828736
1623060670978000,1,0.06302000,0.01824502
1623060687559000,0,0.06313500,0.01827185
1623060705126000,1,0.06313500,0.01825025
1623060713047000,0,0.06313500,0.01828831
1623060729912000,1,0.06313500,0.01824936
1623060736324000,0,0.06313500,0.01827948
1623060759953000,1,0.06313500,0.01826372
1623060770110000,0,0.06313500,0.01828007
1623060790620000,1,0.06313500,0.01825690
1623061069430000,0,1.50069856,0.01828297
1623061069906000,0,0.06313500,0.01828901
1623062839720000,1,0.06313500,0.01822341
1623062917221000,0,0.69000000,0.01825549
1623063213684000,0,1.41051362,0.01824965
1623063253308000,1,0.06900000,0.01822868
1623064202283000,0,0.04700000,0.01824000
1623064202294000,0,0.00025220,0.01824000
1623067655981000,1,0.04700000,0.01829000
1623068725354000,1,1.83000371,0.01824071
1623068725354000,1,4.57490096,0.01824071
1623068725354000,1,0.85845933,0.01824070
1623069248336000,1,0.02931922,0.01819000
1623073392314000,1,1.83781178,0.01812005
1623073392314000,1,1.93951227,0.01812005
1623073936917000,0,0.04231800,0.01811993
1623074602323000,1,1.85313417,0.01817001
1623074602323000,1,1.93682645,0.01817001
1623074602329000,1,2.69603103,0.01817001
1623074602329000,1,2.28616217,0.01816933
1623074602329000,1,2.59482274,0.01816370
1623074602332000,1,7.58080679,0.01816370
1623074815308000,1,0.03040000,0.01819186
1623075135116000,1,4.62718028,0.01819646
1623075135116000,1,1.85081503,0.01819646
1623075695064000,1,0.14024222,0.01819646
1623076531163000,1,3.82256040,0.01813702
1623076531163000,1,2.14944396,0.01813649
1623076944334000,1,3.82905980,0.01811247
1623076944334000,1,7.65351369,0.01811130
1623076944334000,1,47.49028000,0.01811000
1623076944334000,1,50.67842000,0.01811000
1623076944334000,1,0.03051687,0.01810842
1623077047244000,0,0.03581400,0.01812999
1623077109765000,0,0.04805800,0.01813957
1623077130471000,0,0.03579500,0.01812999
1623077151810000,0,0.01790700,0.01812999
1623077660652000,1,0.14364500,0.01811000
1623077912226000,1,1.86150987,0.01810477
1623077912226000,1,4.65390013,0.01810477
1623078020582000,0,0.03609500,0.01809000
1623078041374000,0,0.01796000,0.01807000
1623078067078000,0,0.16174600,0.01808000
1623078750468000,0,0.01797600,0.01806888
1623078800072000,1,0.05392700,0.01807000
1623078875646000,0,0.01793800,0.01808995
1623078938920000,1,0.01794400,0.01808000
1623079022030000,0,0.03589300,0.01807997
1623079186003000,0,0.01224600,0.01807000
1623079212871000,0,0.08900000,0.01806000
1623079242584000,0,0.00093600,0.01806000
1623079308579000,0,0.01796300,0.01807000
1623079334073000,1,0.05390300,0.01807000
1623079350077000,0,1.09134464,0.01807000
1623079657066000,0,0.03593700,0.01806901
1623079698100000,0,0.03591100,0.01808000
1623079759964000,0,0.01794200,0.01809000
1623079812537000,0,0.17957600,0.01809000
1623079865588000,0,0.02115100,0.01809000
1623079885626000,0,1.07309400,0.01809000
1623079947678000,0,0.01793200,0.01809000
1623080352513000,0,9.49729500,0.01810000
1623080502712000,0,0.85380200,0.01811582
1623080755596000,1,4.65961580,0.01809742
1623080755596000,1,1.39420269,0.01809742
1623080789098000,0,0.01605700,0.01812881
1623080933638000,0,0.03573700,0.01812374
1623081091499000,0,0.35781100,0.01812999
1623081097537000,0,0.03578200,0.01812998
1623081200238000,1,0.02900000,0.01813000
1623081202140000,1,0.00023600,0.01813000
1623081202140000,1,0.03476400,0.01813000
1623081204810000,1,0.00102400,0.01813000
1623081352623000,0,0.17915900,0.01812644
1623081404722000,0,0.02146300,0.01812710
1623081438263000,0,1.00033000,0.01812710
1623081438460000,0,0.06723400,0.01812710
1623081629018000,1,2.00000000,0.01809615
1623081688853000,1,0.02500000,0.01809000
1623081695356000,1,0.02704600,0.01809000
1623081790105000,0,1.47203000,0.01808772
1623081790105000,0,2.11098300,0.01808773
1623081882065000,1,0.03585800,0.01809000
1623081898510000,0,0.03586700,0.01808852
1623081922860000,1,0.09679400,0.01809000
1623082025674000,0,0.99439800,0.01809551
1623082058235000,0,0.26000000,0.01809999
1623082058302000,0,1.61263101,0.01809999
1623082058806000,0,8.50000000,0.01811430
1623082061954000,1,5.00000000,0.01810024
1623082329705000,0,0.05370900,0.01811754
1623082391712000,0,0.02086900,0.01810381
1623082447575000,1,0.53272897,0.01807622
1623082447580000,1,1.33905350,0.01807622
1623082493980000,0,0.05382500,0.01807000
1623082642426000,1,0.15000000,0.01809000
1623082656634000,0,0.25256300,0.01809638
1623082664712000,1,0.00047100,0.01809000
1623082717840000,0,0.01794700,0.01809859
1623082738572000,0,0.01794900,0.01809263
1623082741631000,0,1.85440434,0.01809263
1623082741631000,0,4.68072566,0.01809263
1623082741793000,0,12.16984000,0.01809859
1623082741814000,0,0.00000539,0.01809859
1623082803100000,1,0.11000000,0.01812000
1623082808456000,1,0.42772000,0.01812000
1623082809935000,1,0.00000200,0.01812000
1623082820470000,0,0.02914500,0.01811999
1623082843288000,1,0.05747760,0.01809659
1623082946792000,0,0.49514100,0.01810828
1623083040878000,0,4.68890483,0.01810171
1623083040878000,0,1.87560517,0.01810171
1623083040986000,0,0.00001422,0.01810171
1623083120861000,0,0.35837900,0.01811737
1623083230660000,0,0.09186000,0.01811553
1623083418760000,1,0.17996100,0.01809000
1623083483800000,1,0.61204000,0.01810000
1623083494863000,1,0.00000200,0.01810000
1623083579395000,0,1.88006434,0.01810477
1623083579395000,0,4.69991566,0.01810477
1623083587771000,1,4.56744558,0.01808171
1623083587852000,1,0.12836212,0.01808171
1623083587852000,1,0.51631108,0.01808171
1623083587870000,1,1.36214141,0.01808171
1623083598964000,0,0.01799000,0.01809998
1623083616901000,0,0.01799700,0.01809998
1623083639373000,0,0.07565800,0.01809998
1623083659715000,0,0.03599000,0.01809998
1623083903599000,0,0.01124262,0.01811380
1623084128638000,0,1.07899700,0.01809321
1623084252336000,0,0.58128200,0.01809998
1623084355783000,0,0.03601000,0.01810679
1623084639985000,0,0.01489800,0.01811915
1623084843812000,0,0.07186500,0.01811498
1623084908112000,0,0.07177300,0.01810814
1623085461173000,1,0.03605000,0.01807000
1623085503654000,0,2.78058358,0.01810213
1623085520247000,0,0.07195400,0.01809998
1623085598378000,0,0.26998800,0.01811316
1623085661597000,1,1.88912000,0.01806570
1623085662130000,0,0.17997800,0.01808000
1623086381163000,0,0.01805700,0.01807657
1623086626632000,0,0.21633500,0.01808400
1623086688437000,0,0.03610700,0.01808417
1623086749803000,0,0.05406700,0.01808443
1623086899617000,0,1.00000000,0.01807604
1623086974403000,0,0.03609800,0.01806829
1623087154556000,1,0.02376260,0.01803893
1623087208496000,1,3.87498737,0.01801016
1623087208496000,1,2.29996254,0.01801001
1623087208496000,1,2.29642330,0.01800444
1623087208496000,1,7.74676330,0.01800135
1623087208496000,1,0.83000000,0.01800001
1623087208496000,1,2.00000000,0.01800000
1623087208496000,1,19.65641115,0.01800000
1623087300226000,0,0.01809000,0.01800999
1623087300431000,0,0.16253100,0.01800999
1623087423886000,0,0.22676613,0.01801999
1623087443025000,0,0.21675200,0.01801998
1623087484247000,0,0.03620600,0.01801999
1623087522969000,0,0.01810200,0.01801797
1623087761012000,1,5.00000000,0.01797140
1623087761012000,1,3.89948834,0.01797121
1623087761012000,1,7.45894326,0.01797091
1623087795062000,1,3.89665747,0.01796368
1623087795062000,1,2.23571596,0.01796066
1623087809767000,0,0.01380000,0.01797999
1623087893584000,0,0.02144500,0.01796999
1623087893794000,0,0.01813200,0.01796999
1623088094337000,0,0.71016000,0.01796998
1623088094797000,0,0.63895705,0.01796998
1623088140096000,0,0.03634700,0.01797631
1623088198036000,0,0.26000000,0.01796999
1623088202036000,0,0.21808000,0.01796999
1623088385295000,0,0.21726800,0.01797308
1623088412771000,0,0.52091451,0.01797308
1623088599233000,0,0.54537694,0.01795999
1623088599793000,0,3.54510616,0.01796999
1623088599793000,0,1.24042625,0.01796999
1623088600638000,0,0.10180517,0.01799000
1623088699816000,0,0.09084600,0.01795999
1623088792909000,0,0.03634500,0.01796666
1623088793112000,0,0.01229000,0.01796666
1623088915638000,0,0.02175900,0.01796998
1623089166380000,0,0.04412058,0.01796838
1623089166380000,0,0.08897242,0.01796838
1623089221819000,0,0.03633000,0.01797430
1623089436708000,1,5.00000000,0.01790316
1623089466829000,0,0.03044277,0.01790999
1623089466829000,0,0.00597623,0.01790999
1623089501269000,1,0.03641900,0.01791000
1623089542963000,0,0.17550740,0.01792999
1623089542963000,0,0.06748702,0.01792999
1623089542963000,0,0.02699481,0.01792999
1623089869951000,0,0.01460250,0.01792692
1623090148044000,0,0.49661537,0.01794486
1623090148179000,0,3.43092967,0.01794486
1623090234555000,1,0.10000000,0.01797000
1623090738695000,0,0.07195400,0.01796000
1623091060590000,1,0.12156367,0.01795433
1623091494469000,0,0.02186900,0.01792878
1623094021594000,0,0.10000000,0.01795409
1623094021705000,0,0.03209500,0.01795409
1623094038228000,0,0.97198467,0.01797268
1623094038228000,0,1.02801533,0.01797269
1623096685870000,1,0.01200000,0.01794000
1623096686569000,1,0.00012700,0.01794000
1623097691937000,1,0.17520400,0.01795676
1623098489313000,0,0.01200000,0.01795000
1623098489500000,0,0.11035300,0.01795000
1623098698951000,1,0.63000000,0.01793428
1623098801577000,1,1.91868282,0.01788132
1623098801577000,1,4.24658930,0.01788132
1623098950385000,0,1.30690401,0.01799000
1623099063303000,0,0.44296786,0.01806000
1623099086308000,0,59.16771000,0.01804000
1623099086308000,0,0.02985607,0.01808015
1623099086308000,0,5.00000000,0.01808016
1623099086308000,0,4.04313077,0.01808017
1623099086308000,0,2.45652371,0.01808054
1623099086308000,0,8.11827112,0.01808338
1623099086619000,0,0.02985607,0.01808017
1623100337607000,1,1.96869335,0.01792421
1623100337607000,1,1.96869335,0.01791435
1623100337607000,1,4.92179528,0.01791435
1623100392897000,1,0.02401711,0.01784777
1623100452634000,0,1.58508658,0.01782155
1623100454134000,1,0.07982693,0.01780101
1623100477046000,0,1.99581817,0.01783599
1623100477046000,0,1.99550738,0.01783599
1623100477046000,0,2.43694789,0.01783600
1623100477307000,1,17.57172656,0.01784060
1623100499971000,0,0.20000000,0.01790342
1623100534395000,1,6.47921435,0.01790000
1623100542702000,1,0.10000000,0.01794000
1623100605243000,1,2.04177000,0.01786000
1623100667699000,0,0.50000000,0.01792744
1623100816475000,1,11.41084100,0.01795000
1623101115027000,1,0.30369586,0.01799000
1623101387255000,0,0.21734200,0.01793999
1623101470602000,0,1.99352579,0.01792998
1623101529227000,0,0.06151862,0.01792459
1623101719372000,1,1.07087854,0.01790000
1623101823660000,1,5.00000000,0.01786163
1623102046367000,0,0.01119719,0.01787794
1623102369313000,0,0.31344243,0.01786998
1623102638153000,0,2.00005000,0.01788170
1623103122203000,0,1.99559828,0.01789794
1623103122203000,0,0.29302972,0.01789794
1623103177723000,1,0.50694444,0.01788000
1623103328265000,1,1.99969636,0.01783087
1623103328265000,1,5.00397364,0.01783087
1623103328670000,1,0.29548872,0.01782446
1623103542152000,0,1.00000000,0.01788414
1623103567664000,0,0.92543900,0.01788414
1623103568763000,1,0.05600000,0.01789000
1623103568888000,1,0.00094000,0.01789000
1623105036859000,0,0.03878086,0.01792843
1623105515075000,0,0.07622079,0.01789997
1623105803647000,0,0.20340925,0.01788896
1623105995966000,0,0.31335380,0.01789999
1623106579534000,0,0.31241471,0.01784000
1623106579553000,0,0.23000000,0.01784000
1623106579615000,0,2.05319642,0.01784000
1623106579679000,0,2.12443946,0.01784000
1623106579954000,0,1.45179372,0.01784000
1623106580187000,0,10.44429140,0.01784000
1623107860167000,1,0.05640000,0.01776000
1623107860696000,1,0.20400000,0.01774557
1623107981248000,0,0.03134700,0.01777998
1623108344176000,1,2.02362000,0.01775294
1623108782570000,1,1.03904000,0.01786000
1623108784374000,1,0.00000400,0.01786000
1623108836118000,0,2.59757000,0.01787001
1623108900397000,0,0.00000400,0.01787001
1623108996525000,1,2.01242000,0.01785217
1623108996600000,1,0.00000583,0.01785217
1623108996600000,1,2.01240417,0.01785216
1623109372975000,1,1.78215461,0.01777276
1623109516239000,1,8.99862326,0.01773003
