timestamp ms,type,amount,price
1623110468446000,1,0.01215000,0.01771143
1623110560594000,1,0.02427436,0.01765863
1623110598392000,0,0.03910400,0.01762685
1623110853093000,0,1.06790640,0.01772998
1623110875833000,0,2.33268300,0.01772998
1623110983387000,1,5.06618762,0.01771505
1623110983387000,1,2.02622362,0.01771505
1623110983387000,1,4.16251100,0.01771504
1623110983387000,1,0.04841554,0.01771001
1623110997968000,1,0.94591200,0.01771506
1623111302413000,1,2.01928318,0.01774773
1623111304020000,1,17.02519454,0.01773497
1623111335831000,1,2.01926043,0.01774001
1623111335831000,1,5.04714894,0.01774001
1623111335831000,1,1.34484065,0.01773823
1623111619185000,1,2.01668290,0.01775222
1623111619185000,1,2.20940031,0.01774707
1623111686228000,0,3.84693694,0.01778000
1623111687154000,1,0.37175371,0.01775700
1623111874160000,0,0.38108500,0.01775000
1623111911891000,0,2.02096523,0.01775525
1623111911891000,0,4.15429941,0.01775526
1623111911891000,0,5.05209593,0.01775999
1623111911891000,0,2.50048422,0.01776024
1623111911891000,0,13.13420344,0.01776707
1623111911891000,0,2.46035814,0.01776708
1623111911891000,0,8.30161823,0.01776863
1623111911891000,0,9.72567540,0.01777000
1623111912040000,0,38.89019460,0.01777000
1623111912130000,1,5.05302805,0.01777310
1623111912132000,1,2.02136362,0.01777310
1623111912249000,1,13.13740227,0.01777310
1623111912848000,0,49.00463000,0.01777000
1623111914053000,0,0.26000000,0.01777784
1623111969336000,0,51.35148000,0.01774000
1623111981096000,0,0.04591300,0.01775000
1623111990154000,0,52.19930000,0.01774000
1623111991153000,0,28.23555000,0.01774000
1623112002171000,0,0.11666700,0.01774948
1623112473363000,0,2.05865937,0.01765736
1623112473363000,0,5.14817063,0.01765736
1623112592735000,0,2.06612026,0.01764838
1623112592735000,0,5.16510417,0.01764838
1623112897964000,1,0.11326800,0.01768000
1623113375226000,0,0.67769000,0.01765993
1623113375263000,0,0.00000662,0.01765993
1623113375782000,0,0.67769662,0.01767000
1623113376365000,0,13.67118196,0.01768000
1623113376922000,0,7.14941894,0.01768000
1623114370613000,0,2.95114919,0.01777639
1623114370675000,0,2.02817456,0.01777999
1623114370773000,0,2.02857623,0.01777999
1623114370773000,0,5.07124547,0.01777999
1623114859957000,0,2.00000000,0.01775227
1623115042501000,1,2.02757818,0.01775056
1623115042501000,1,1.60154000,0.01775055
1623115042501000,1,5.06940211,0.01774880
1623115042501000,1,4.16681696,0.01774879
1623115042501000,1,13.18356316,0.01774203
1623115042501000,1,2.53224265,0.01774095
1623115042501000,1,5.06672204,0.01774007
1623116372885000,1,2.03269722,0.01777986
1623116372885000,1,5.07518152,0.01777259
1623116372885000,1,1.19505023,0.01777252
1623116882323000,1,1.99900000,0.01779246
1623117265971000,0,0.07017288,0.01783823
1623117635097000,1,0.06497500,0.01777001
1623117654510000,0,0.06453787,0.01780474
1623117662123000,1,0.06497500,0.01777377
1623117689926000,0,0.06454888,0.01780542
1623117700775000,1,0.06497500,0.01778066
1623117715102000,0,0.06454841,0.01781252
1623117729256000,1,0.06497500,0.01778066
1623117739035000,0,0.06457365,0.01780556
1623117750994000,1,0.06497500,0.01778066
1623117757074000,0,0.06457365,0.01780556
1623117772487000,0,0.14381240,0.01780556
1623117960977000,1,0.06497500,0.01775485
1623117978913000,0,0.06457671,0.01777870
1623118039816000,1,2.12018996,0.01774734
1623118048813000,1,1.59014247,0.01774734
1623118058229000,1,1.19260685,0.01775357
1623118061624000,1,2.38521371,0.01774683
1623118075840000,1,1.19260686,0.01774686
1623118730527000,1,2.09919567,0.01775872
1623119336275000,1,0.56208395,0.01777907
1623119407299000,1,0.42156296,0.01778000
1623120052159000,0,0.02287400,0.01778891
1623120093442000,0,2.53798267,0.01780964
1623120095075000,1,38.62220000,0.01780000
1623120095223000,1,5.50000000,0.01780000
1623120183236000,0,1.44596860,0.01780000
1623120328327000,0,0.02890000,0.01782570
1623120328327000,0,44.30652000,0.01783000
1623120341781000,0,0.02171855,0.01788038
1623120341781000,0,1.61246000,0.01788039
1623120341884000,1,0.26000000,0.01788044
1623120345084000,1,0.19856859,0.01783001
1623120675482000,0,0.20000000,0.01776000
1623120785793000,0,0.20552900,0.01769000
1623121784831000,0,0.10014700,0.01762756
1623121791291000,1,0.03100000,0.01757146
1623121832020000,0,0.09903200,0.01755675
1623121923123000,1,3.00000000,0.01749689
1623121940634000,1,0.35578640,0.01747734
1623121940660000,1,0.27839043,0.01747734
1623121940661000,1,1.42922073,0.01747734
1623121940677000,1,0.05997462,0.01747734
1623121940677000,1,5.31008305,0.01747734
1623121941098000,1,0.02453435,0.01747150
1623121941142000,0,0.12300000,0.01749000
1623121942951000,0,0.61100000,0.01748000
1623121966225000,0,2.18931126,0.01752000
1623122053023000,0,1.21333934,0.01749000
1623122171821000,0,2.32960936,0.01752000
1623122307671000,0,2.17009210,0.01753000
1623122307680000,0,2.54225030,0.01753000
1623122309301000,0,2.55996833,0.01753000
1623122551965000,0,5.32533983,0.01750999
1623122624986000,1,0.20037400,0.01750000
1623122633638000,1,1.58646298,0.01746390
1623122653547000,0,2.14655000,0.01745999
1623122654950000,0,0.00000289,0.01745999
1623122835167000,1,0.01403600,0.01755000
1623122871949000,1,2.67077901,0.01750081
1623122872037000,1,1.72024769,0.01750081
1623122872037000,1,0.28265273,0.01750000
1623122938376000,0,2.12789058,0.01757999
1623122938376000,0,3.92033408,0.01757999
1623122977627000,0,7.35345000,0.01761422
1623123133639000,0,2.11428830,0.01765547
1623123133639000,0,2.11278908,0.01765797
1623123133639000,0,1.84645562,0.01765798
1623123163756000,0,0.34072513,0.01766967
1623123175087000,0,0.60590200,0.01766797
1623123236403000,0,0.02521800,0.01760256
1623123319787000,0,0.03673000,0.01759963
1623123334954000,0,2.52277887,0.01759964
1623123335391000,0,1.83284994,0.01759964
1623123352908000,0,2.45000000,0.01760250
1623123482011000,1,1.51585032,0.01757101
1623123552437000,1,3.02445600,0.01760000
1623123632923000,0,0.15049400,0.01758273
1623123651169000,0,0.06371900,0.01757173
1623123783842000,0,0.26000000,0.01758273
1623123783891000,0,0.22028870,0.01758273
1623123809675000,1,2.10832229,0.01757001
1623123809675000,1,4.05341410,0.01757000
1623123948132000,0,5.26878627,0.01759999
1623123948132000,0,2.10749373,0.01759999
1623123967867000,0,0.43146228,0.01762356
1623124207220000,1,2.09560805,0.01763001
1623124207220000,1,41.07715927,0.01763000
1623124207740000,1,6.52648073,0.01763000
1623124207740000,1,2.56200716,0.01762950
1623124214017000,1,5.23915711,0.01763001
1623124221967000,1,5.24546000,0.01760726
1623124474317000,0,0.01185600,0.01762999
1623124612032000,0,0.28917765,0.01762999
1623124612032000,0,4.28498183,0.01763000
1623125061251000,0,0.03959900,0.01768999
1623125061391000,0,2.04122433,0.01768999
1623125061391000,0,0.34523767,0.01769000
1623125427927000,0,2.00586000,0.01769000
1623125428514000,0,0.00000942,0.01769000
1623125837754000,1,2.08035000,0.01770182
1623125837804000,1,0.00000921,0.01770182
1623125838243000,1,5.20109361,0.01769313
1623125838243000,1,5.20108639,0.01769313
1623125841660000,1,2.08167000,0.01768001
1623125841997000,1,0.00000256,0.01768001
1623125844978000,1,2.08470000,0.01766001
1623125933239000,1,2.08490963,0.01764957
1623125941716000,1,0.01900000,0.01765000
1623125942129000,1,0.00061500,0.01765000
1623125951981000,1,0.32289000,0.01760000
1623125962300000,0,0.03927300,0.01762998
1623126001318000,0,0.83000000,0.01762998
1623126091254000,0,0.83000000,0.01764998
1623126162734000,1,0.90096767,0.01764882
1623126198388000,1,2.09120414,0.01763280
1623126198388000,1,4.40879586,0.01763280
1623126198580000,1,0.81931265,0.01763280
1623126198637000,1,1.76820000,0.01763001
1623126198647000,1,0.94310000,0.01763001
1623126198870000,1,1.34273327,0.01762552
1623126211549000,0,0.03967600,0.01762998
1623126769183000,1,0.24100000,0.01766052
1623126769263000,1,1.85029820,0.01766052
1623126830852000,0,2.09508095,0.01766216
1623126831356000,0,2.09454364,0.01766997
1623126831356000,0,5.23613388,0.01766997
1623126831356000,0,0.83000000,0.01766998
1623127045113000,0,1.19207200,0.01769991
1623127086801000,0,0.05981500,0.01771000
1623127480624000,0,0.02979800,0.01770000
1623127627842000,0,0.07875900,0.01772999
1623127687398000,0,0.47644600,0.01771666
1623127891091000,1,0.11802100,0.01770000
1623128250189000,0,0.04169500,0.01768866
1623128334351000,0,0.03970400,0.01768852
1623128426237000,0,0.19670100,0.01767949
1623128460307000,0,0.01970700,0.01767243
1623128481168000,0,0.15201600,0.01768999
1623128546172000,0,0.02363700,0.01767982
1623128588044000,0,0.02007800,0.01766331
1623128609421000,0,0.02086100,0.01766330
1623128616413000,0,2.07179000,0.01766330
1623128653834000,0,0.06520800,0.01768092
1623128698156000,0,0.11973000,0.01767840
1623128946144000,0,1.00311100,0.01768815
1623129007813000,1,0.17087600,0.01768000
1623129007813000,1,0.14849900,0.01768000
1623129199361000,0,0.01193100,0.01765999
1623129199560000,0,0.59754800,0.01765999
1623129284390000,0,3.58775300,0.01765189
1623129404353000,1,0.11855400,0.01766000
1623129412056000,0,0.03993700,0.01765999
1623129562689000,0,0.17536600,0.01767389
1623129661184000,1,0.00000399,0.01760000
1623129668411000,0,0.01980400,0.01760999
1623129790616000,0,0.83000000,0.01762646
1623129928358000,0,0.05167000,0.01756998
1623129949599000,0,0.19569000,0.01754000
1623129971395000,0,0.36148600,0.01756999
1623129982954000,0,0.38844500,0.01756000
1623130057463000,0,1.09807900,0.01753998
1623130133337000,0,0.50282700,0.01754277
1623130165255000,0,0.03987600,0.01748000
1623130320369000,0,0.04003900,0.01748952
1623130320520000,0,0.04851700,0.01748952
1623130343245000,0,0.02002600,0.01748997
1623130588066000,0,4.01353400,0.01752929
1623130657109000,0,0.75549000,0.01752929
1623130667484000,0,0.00000430,0.01752929
1623130690771000,0,0.02211100,0.01754969
1623130735785000,0,0.02009100,0.01755700
1623130766770000,1,0.02008900,0.01757000
1623130773073000,1,0.01610300,0.01757000
1623130924261000,1,0.99900000,0.01752009
1623131235761000,0,0.02405500,0.01757988
1623131329806000,0,0.82243800,0.01757641
1623131344608000,1,1.83712000,0.01758000
1623131344717000,1,0.00000100,0.01758000
1623131499193000,1,1.50780310,0.01754001
1623131537991000,0,0.02403400,0.01756591
1623131677270000,0,1.20167300,0.01756777
1623132048987000,0,0.02000000,0.01760048
1623132049096000,0,0.00003967,0.01760048
1623132061916000,0,0.14423100,0.01763048
1623132105243000,0,0.05843200,0.01762423
1623132380225000,0,0.03607300,0.01760999
1623132380486000,0,0.01200500,0.01760999
1623132666267000,1,0.96606500,0.01758000
1623132666267000,1,1.03393500,0.01758000
1623132669513000,1,10.10504500,0.01758000
1623133184450000,0,0.07967200,0.01751892
1623133243352000,0,0.01699500,0.01751983
1623133243471000,0,0.05187500,0.01751983
1623133243683000,0,0.01295700,0.01751983
1623133307627000,0,3.63292200,0.01750926
1623133315920000,0,0.73545305,0.01750926
1623133315920000,0,1.27524395,0.01751000
1623133375548000,0,0.01296500,0.01752998
1623133375698000,0,1.21220800,0.01752998
1623133446510000,0,0.07996500,0.01753000
1623133463165000,1,0.02000000,0.01753000
1623133464069000,1,0.00000300,0.01753000
1623133484533000,0,0.01211500,0.01753705
1623133551089000,1,2.25404300,0.01755000
1623133560164000,1,1.15181000,0.01754000
1623133596119000,0,0.05162800,0.01753996
1623133625251000,1,0.02000400,0.01754000
1623133640387000,0,0.62082800,0.01754686
1623133773467000,0,0.49458600,0.01755674
1623133986497000,1,3.01032700,0.01761000
1623134142559000,0,0.83000000,0.01764728
1623134167132000,0,0.29645000,0.01765999
1623134167175000,0,0.53355000,0.01765999
1623134267908000,0,0.10385100,0.01763548
1623134331516000,1,0.03999300,0.01763000
1623134528688000,1,0.03002600,0.01763000
1623134740609000,0,0.20047900,0.01759084
1623134860696000,1,0.91284750,0.01755000
1623134921686000,0,0.01212400,0.01756000
1623134925068000,0,0.04015400,0.01755999
1623135375171000,0,0.21810700,0.01756999
1623135482029000,0,0.60652100,0.01753915
1623135556856000,1,1.63207062,0.01752002
1623135675604000,0,1.05966900,0.01751997
1623136026222000,0,2.14102428,0.01754998
1623136026222000,0,3.85897572,0.01754998
1623136036131000,0,1.66201494,0.01756999
1623136036981000,1,5.53639000,0.01756990
1623136039095000,1,5.76361000,0.01756990
1623136215503000,0,2.12910609,0.01755997
1623136215503000,0,0.70699591,0.01755999
1623136367167000,1,0.01421700,0.01756000
1623136762783000,1,0.24000000,0.01764000
1623136827444000,0,1.19949600,0.01763314
1623136848419000,0,0.12021000,0.01763975
1623136848553000,0,0.03999300,0.01763975
1623136848757000,0,0.03000100,0.01763975
1623137249615000,0,7.21296000,0.01765891
1623137420586000,0,0.00000623,0.01765891
1623137809870000,0,2.08293217,0.01766999
1623137927115000,0,0.24050300,0.01769996
1623138048768000,0,0.01689000,0.01770999
1623138124789000,0,0.11910800,0.01768999
1623138742670000,1,1.98970000,0.01769000
1623139438704000,1,0.01947700,0.01766000
1623139612581000,0,2.82478000,0.01764000
1623139705043000,0,0.00000342,0.01764000
1623139730486000,0,0.26000000,0.01766000
1623139732726000,0,12.97160000,0.01766000
1623139733192000,0,0.00000276,0.01766000
1623139866835000,1,0.26000000,0.01769000
1623139866842000,1,2.46134800,0.01769000
1623140123296000,0,0.12195900,0.01770274
1623140143489000,1,2.06830309,0.01768001
1623140143489000,1,13.20853855,0.01768000
1623140886163000,0,1.00000000,0.01778431
1623140886335000,0,0.30454094,0.01778431
1623140886354000,0,0.75132860,0.01778431
1623140886459000,0,0.90367189,0.01778790
1623140932757000,1,0.15030808,0.01776000
1623141007074000,0,0.04706700,0.01776311
1623141967071000,0,2.36075000,0.01776028
1623142169903000,1,1.99900000,0.01773630
1623142491943000,0,0.99271100,0.01775799
1623143478361000,0,0.25090500,0.01772000
1623144395952000,0,0.04795600,0.01769391
1623144545695000,0,0.01199600,0.01770000
1623144744362000,0,0.04000000,0.01767000
1623145488765000,0,2.09572928,0.01766224
1623145627807000,0,0.01500000,0.01768500
1623145792331000,1,1.10000000,0.01765000
1623145821582000,0,4.31297843,0.01766614
1623145821582000,0,2.09585516,0.01767231
1623145821582000,0,1.97751541,0.01767232
1623145863356000,1,2.09497035,0.01765001
1623145863356000,1,5.23768697,0.01765001
1623145863642000,1,0.50957701,0.01764797
1623146587136000,1,2.00000000,0.01757000
1623146869096000,0,13.55753579,0.01765060
1623146869096000,0,5.21460311,0.01765060
1623146869096000,0,2.08592932,0.01765060
1623146894221000,0,0.32259500,0.01765988
1623148285324000,0,2.16089100,0.01767920
1623151631747000,1,1.90070000,0.01773000
1623152537807000,1,0.04000000,0.01774001
1623152537890000,1,2.03988577,0.01774001
1623152537890000,1,5.19986080,0.01774001
1623152560672000,1,0.10000000,0.01770001
1623152599054000,1,2.08028872,0.01770592
1623152599054000,1,0.00051128,0.01770195
1623153660626000,1,0.15700289,0.01773136
1623154171609000,0,4.25197297,0.01776804
1623154171609000,0,2.07218848,0.01777778
1623154171609000,0,5.18032493,0.01777778
1623154171609000,0,0.35533262,0.01777779
1623154382147000,1,0.01288700,0.01778049
1623154493212000,0,0.02400000,0.01783492
1623154493343000,0,0.00053435,0.01783492
1623154513003000,1,2.05780087,0.01787001
1623154513003000,1,0.68725896,0.01787001
1623155086416000,0,0.02427436,0.01802594
1623155344753000,0,0.01915500,0.01808000
1623155383543000,1,0.54028461,0.01810046
1623155383551000,1,0.65235082,0.01810046
1623155929391000,0,0.01107809,0.01796338
1623156071756000,0,2.06317701,0.01792752
1623156456196000,0,0.10373600,0.01784000
1623157537446000,1,0.01341574,0.01775002
1623158255582000,0,0.01671500,0.01773998
1623158311969000,0,0.14000000,0.01773998
1623158505771000,0,0.01793900,0.01773316
1623158579775000,1,8.58465000,0.01771904
1623159001569000,0,0.09600000,0.01771332
1623159001589000,0,2.00750527,0.01771332
1623159001589000,0,5.26024870,0.01771333
1623159002247000,0,1.20952923,0.01773674
1623159002535000,0,3.79047077,0.01773674
1623159115812000,1,1.17000000,0.01768000
1623159143261000,0,2.09940000,0.01770806
1623159780708000,1,0.02427436,0.01765863
1623160017521000,1,4.32369347,0.01765026
1623160027770000,0,0.04009300,0.01766000
1623160078678000,1,2.10621176,0.01764198
1623160078678000,1,5.27234323,0.01764054
1623160078678000,1,4.33233340,0.01764051
1623160079278000,1,2.10932449,0.01763428
1623160505447000,1,0.08037300,0.01766000
1623160674480000,0,0.02822900,0.01763985
1623160747512000,1,2.12232860,0.01761680
1623160747512000,1,5.30536689,0.01761680
1623160747512000,1,4.35403756,0.01761679
1623160747512000,1,6.95821395,0.01761079
1623160770710000,0,0.12101400,0.01763984
1623160812018000,0,0.00142816,0.01763985
1623160851615000,1,0.02016100,0.01767000
1623160956099000,0,2.12217829,0.01766999
1623161612915000,1,0.05365722,0.01766203
1623161612915000,1,1.29811559,0.01766202
1623161979001000,1,44.78037007,0.01764000
1623162270384000,1,2.16908013,0.01763937
1623162270384000,1,5.41620783,0.01763937
1623162486964000,0,0.37613000,0.01763000
1623162488501000,0,0.00000800,0.01763000
1623162622494000,0,5.22487000,0.01766868
1623162938422000,1,0.02772200,0.01767437
1623163468698000,1,0.37506790,0.01763000
1623163471215000,1,0.10900000,0.01763000
1623163471338000,1,0.00081962,0.01763000
1623163491626000,1,3.99011400,0.01759460
1623163536228000,1,0.43180100,0.01763002
1623163577880000,1,4.15573800,0.01763131
1623163978147000,0,0.10900000,0.01757000
1623163978316000,0,0.01905100,0.01757000
1623164274370000,1,0.33917615,0.01759001
1623164274370000,1,2.22442208,0.01758330
1623164289760000,1,5.00000000,0.01759261
1623164294814000,0,0.26981417,0.01762998
1623164294814000,0,0.67453543,0.01762998
1623164294814000,0,0.15588829,0.01762998
1623164294814000,0,0.11384308,0.01762998
1623164294814000,0,1.00000000,0.01762999
1623164424409000,1,0.59506700,0.01762035
1623164463725000,0,0.24708300,0.01765998
1623164463725000,0,0.61770751,0.01765998
1623164463725000,0,1.60617656,0.01765999
1623164463725000,0,4.45135318,0.01766559
1623164463797000,1,1.60596449,0.01767000
1623164464414000,0,0.61814733,0.01767279
1623164464414000,0,1.60596449,0.01767279
1623164464915000,0,2.25673533,0.01773557
1623164464915000,0,19.20614380,0.01773559
1623164465619000,0,0.00052183,0.01773998
1623164471299000,0,4.69600453,0.01774000
1623164848149000,0,0.02074400,0.01763000
1623164912643000,1,2.80000000,0.01762068
1623165321033000,1,0.06001006,0.01760027
1623165321033000,1,0.02400284,0.01760027
1623165321033000,1,0.15601552,0.01759330
1623165321033000,1,0.44435658,0.01759000
1623165547660000,0,0.48930600,0.01762999
1623165560899000,1,2.20930263,0.01758002
1623165589984000,1,0.04300000,0.01758000
1623165590106000,1,0.00068700,0.01758000
1623165664557000,0,0.04300000,0.01755000
1623165664579000,0,2.96300700,0.01755000
1623165665232000,0,0.36012300,0.01756000
1623165747566000,0,2.00611000,0.01752000
1623165747726000,0,0.00000800,0.01752000
1623165931474000,1,0.02468433,0.01752001
1623165931474000,1,0.60799667,0.01752000
1623166090303000,0,3.57173200,0.01751000
1623166183368000,1,1.00000000,0.01757847
1623166226280000,1,1.74045000,0.01759161
1623166226280000,1,6.71432700,0.01759000
1623166226436000,1,0.02001687,0.01759162
1623166226436000,1,1.29395813,0.01759000
1623166285569000,0,7.50000000,0.01763370
1623166331417000,0,0.02509100,0.01763400
1623166374167000,0,7.80000000,0.01764560
1623166374244000,1,0.26000000,0.01765000
1623166374247000,1,4.42347600,0.01765000
1623166413135000,0,0.49195139,0.01767739
1623166413729000,0,0.07200498,0.01767739
1623166414831000,0,0.02074974,0.01767739
1623166415937000,0,0.31552056,0.01767739
1623166417030000,0,0.05729645,0.01767739
1623166418193000,0,0.02000000,0.01767739
1623166419311000,0,0.02000000,0.01768000
1623166427636000,0,7.60854056,0.01770000
1623166430941000,0,11.00000000,0.01768530
1623166430941000,0,57.53762300,0.01769000
1623166436884000,0,4.47784027,0.01770185
1623166441298000,0,12.80000000,0.01769990
1623166441298000,0,42.61378640,0.01771000
1623166457737000,0,4.46911508,0.01771401
1623166457737000,0,1.57450509,0.01771401
1623166457737000,0,44.40681000,0.01772000
1623166457737000,0,26.03358000,0.01772000
1623166457737000,0,2.12796065,0.01772048
1623166463643000,0,0.02510000,0.01773440
1623166463643000,0,8.93945631,0.01773682
1623166463643000,0,18.20296000,0.01774000
1623166463643000,0,6.41638633,0.01774000
1623166482627000,0,0.20000000,0.01772461
1623166490341000,0,4.38459162,0.01773556
1623166505558000,0,0.06775500,0.01772000
1623166529168000,0,2.63567922,0.01778929
1623166529168000,0,11.08432078,0.01778930
1623166529687000,0,2.91567000,0.01778930
1623166564680000,0,12.83800000,0.01778390
1623166567995000,0,0.26200000,0.01778390
1623166567995000,0,11.26476000,0.01778600
1623166578640000,1,0.06921325,0.01777094
1623166578640000,1,0.17308762,0.01777004
1623166578640000,1,1.26879009,0.01777002
1623166588630000,0,1.74704997,0.01778634
1623166630287000,1,44.72479815,0.01776000
1623166980330000,0,12.25000000,0.01774310
1623166982715000,0,0.43956734,0.01775315
1623167033697000,0,7.64400000,0.01776190
1623167065573000,0,5.00000000,0.01778485
1623167065573000,0,10.68000000,0.01778710
1623167067832000,0,0.87580918,0.01778772
1623167071890000,0,0.01787366,0.01778772
1623167071890000,0,0.56836374,0.01779481
1623167071890000,0,2.71611659,0.01779482
1623167071890000,0,1.42100322,0.01779514
1623167071890000,0,1.31337921,0.01779515
1623167076084000,0,0.89368284,0.01778772
1623167076084000,0,2.67068816,0.01778832
1623167076084000,0,0.45350307,0.01779430
1623167076084000,0,2.65738835,0.01779512
1623167076084000,0,0.56837685,0.01779514
1623167076084000,0,0.31963395,0.01779515
1623167094063000,0,2.65776000,0.01781057
1623167105082000,0,0.02700000,0.01782914
1623167105462000,0,0.00025688,0.01782914
1623167116466000,1,0.03805391,0.01782002
1623167116466000,1,0.04744073,0.01782002
1623167116466000,1,0.89913336,0.01782001
1623167223236000,1,0.17836100,0.01771000
1623167301063000,0,0.43704204,0.01776544
1623167310217000,0,0.43683455,0.01777487
1623167331304000,1,21.04037000,0.01778000
1623167352732000,0,31.94422000,0.01782000
1623167376444000,0,0.10600000,0.01778000
1623167376915000,0,0.00016900,0.01778000
1623167376915000,0,2.61502038,0.01780575
1623167377740000,0,2.65091948,0.01781107
1623167382714000,0,31.94719000,0.01782000
1623167382714000,0,17.69780076,0.01782000
1623167400443000,0,2.64631858,0.01780999
1623167400443000,0,23.83513223,0.01781000
1623167411960000,0,5.00000000,0.01780899
1623167411960000,0,10.10000000,0.01780920
1623167411960000,0,23.05642740,0.01780999
1623167445941000,0,0.25264204,0.01781000
1623167454153000,0,0.00515596,0.01781000
1623167492419000,0,5.00000000,0.01782325
1623167492419000,0,11.90000000,0.01782330
1623167492419000,0,2.29449273,0.01782516
1623167519862000,1,0.21333100,0.01780002
1623167544166000,0,2.57337062,0.01781563
1623167563098000,0,2.59220051,0.01782509
1623167570989000,0,11.46600000,0.01783110
1623167880044000,1,0.12241669,0.01779001
1623167883073000,1,2.33555435,0.01773000
1623167899119000,1,2.03133880,0.01775000
1623167939383000,0,5.00000000,0.01776360
1623167947493000,0,0.12700000,0.01776000
1623167947507000,0,5.17445348,0.01776000
1623168021607000,1,0.80597047,0.01767000
1623168116744000,0,2.64791000,0.01776578
1623168179839000,0,0.01530000,0.01779999
1623168179839000,0,24.41527033,0.01780000
1623168199891000,0,0.43070509,0.01781330
1623168234431000,0,0.42945404,0.01785700
1623168294532000,0,0.85603272,0.01781934
1623168312429000,0,0.42850909,0.01780995
1623168323585000,0,0.42857445,0.01779731
1623168330982000,0,0.00874642,0.01779731
1623168330982000,0,0.85734311,0.01779976
1623168339977000,0,13.90026460,0.01781000
1623168389371000,0,0.43515294,0.01785059
1623168389371000,0,5.00000000,0.01786250
1623168389371000,0,2.04285793,0.01786407
1623168395945000,0,0.42644988,0.01785059
1623168410289000,0,4.90000000,0.01785825
1623168423713000,0,0.03811400,0.01786907
1623168423713000,0,5.00000000,0.01786908
1623168423713000,0,2.42131455,0.01787485
1623168440467000,0,5.00000000,0.01785178
1623168444802000,1,0.26000000,0.01784151
1623168450771000,0,5.00000000,0.01783720
1623168560540000,0,0.01588500,0.01780000
1623168611781000,1,0.08503900,0.01781000
1623168690018000,0,0.02682541,0.01781939
1623168690018000,0,0.02223459,0.01781939
1623168805857000,0,0.06373152,0.01783875
1623168805857000,0,0.15931848,0.01783875
1623168806089000,0,0.06213953,0.01783876
1623168806238000,0,0.15534881,0.01783899
1623168992330000,1,0.05411600,0.01783094
1623169204681000,1,1.38911614,0.01786272
1623169204686000,1,0.30631856,0.01786272
1623169521024000,0,0.24792603,0.01788858
1623169521024000,0,0.61985670,0.01788858
1623169521024000,0,1.61191377,0.01788858
1623169521024000,0,0.86892030,0.01789214
1623169521024000,0,5.00000000,0.01789629
1623169521024000,0,1.73822500,0.01789630
1623169521024000,0,2.57712459,0.01790555
1623169521024000,0,1.73872290,0.01790936
1623169521024000,0,2.58948053,0.01791534
1623169521024000,0,33.00339018,0.01792000
1623169707769000,0,0.15352381,0.01797966
1623169707769000,0,0.15351361,0.01797999
1623169707769000,0,0.15352381,0.01797999
1623169872261000,0,0.01967000,0.01791000
1623171242705000,1,2.60046082,0.01787647
1623171243972000,1,0.01660000,0.01787647
1623171244433000,1,2.69564000,0.01787647
1623171583962000,0,0.04860200,0.01784867
1623172291741000,1,0.33497600,0.01784323
1623172652804000,0,0.01500000,0.01785000
1623172652912000,0,0.00016000,0.01785000
1623173231968000,1,2.13327322,0.01782913
1623173231968000,1,1.68742000,0.01782912
1623173231968000,1,3.38985478,0.01782879
1623173295398000,1,1.50000000,0.01782196
1623173981516000,0,0.06615300,0.01786998
1623174637980000,1,2.11328088,0.01796002
1623174637980000,1,2.11470676,0.01796001
1623174637980000,1,5.28710535,0.01796001
1623174637980000,1,2.78854151,0.01796001
1623174637980000,1,17.29182250,0.01796000
1623175411916000,0,0.02427436,0.01802594
1623175540222000,0,5.22518000,0.01809999
1623175541758000,0,0.00000745,0.01809999
1623175565101000,1,0.06032800,0.01809001
1623175696704000,0,0.03213811,0.01808385
1623175700287000,1,0.44437038,0.01807002
1623175705565000,1,0.01500000,0.01808001
1623175705792000,1,2.06797581,0.01808001
1623175705792000,1,5.20759069,0.01808001
1623175708858000,1,0.02410358,0.01807002
1623175786609000,1,2.07846009,0.01800001
1623175787123000,1,2.07882706,0.01799001
1623175787123000,1,2.07882706,0.01796720
1623175787174000,0,2.07882706,0.01798780
1623175787705000,1,42.82763995,0.01794000
1623175863865000,0,5.20253189,0.01798173
1623175863865000,0,2.08110467,0.01798173
1623175884809000,1,0.44635386,0.01800000
1623175937282000,1,0.44635386,0.01799001
1623175944605000,1,0.50000000,0.01799001
1623176080458000,1,0.15661333,0.01805000
1623176136462000,1,0.15055169,0.01810000
1623176183209000,1,2.06127000,0.01811311
1623176379583000,0,1.18435000,0.01808999
1623176761133000,0,0.02369200,0.01811666
1623176866816000,0,0.24269700,0.01811227
1623176936271000,0,0.68207000,0.01813000
1623176938141000,0,0.00000300,0.01813000
1623177313565000,0,2.05879488,0.01818000
1623177313565000,0,34.18473512,0.01820000
1623178527698000,0,0.74959999,0.01813627
1623178527698000,0,1.31149831,0.01813627
1623178859235000,1,1.00752767,0.01794002
1623178859236000,1,1.05969841,0.01794002
1623178859236000,1,1.05967787,0.01794001
1623178899831000,1,0.27245700,0.01800002
1623179192463000,0,0.02961100,0.01804143
1623180482730000,1,2.05857227,0.01801013
1623180482730000,1,5.14665559,0.01801013
1623180482730000,1,13.38369870,0.01801012
1623180491207000,0,0.01181400,0.01800999
1623180744192000,0,0.01660200,0.01803888
1623180851299000,1,0.01182000,0.01802000
1623180892246000,0,0.01287100,0.01802998
1623182343277000,0,0.07846000,0.01798381
1623182477165000,1,5.13870161,0.01798369
1623182477165000,1,2.05504793,0.01798369
1623182529374000,1,4.23390721,0.01798323
1623182529374000,1,2.05905429,0.01798001
1623182529374000,1,4.91921296,0.01797540
1623182602295000,1,0.06138300,0.01806399
1623182614683000,1,2.04896195,0.01806552
1623182614683000,1,5.12267805,0.01806552
1623183872797000,0,0.02470000,0.01803979
1623183889510000,1,2.05463951,0.01802001
1623183889510000,1,5.13705083,0.01802001
1623183889510000,1,13.35658939,0.01801902
1623183889510000,1,8.44162798,0.01801071
1623184094965000,1,2.04013000,0.01797860
1623185174615000,0,2.10668904,0.01780000
1623185564042000,0,0.01166100,0.01782550
1623185850783000,1,0.01130000,0.01779462
1623185883367000,0,1.69516606,0.01784797
1623186616983000,0,2.02588000,0.01777999
1623186617191000,0,0.00000573,0.01777999
1623186617191000,0,5.06383427,0.01778242
1623186621945000,1,2.02353000,0.01777211
1623186787697000,1,0.90415267,0.01779611
1623186787722000,1,1.12729899,0.01779611
1623186787722000,1,4.17486863,0.01779611
1623186788115000,1,0.01800000,0.01777437
1623186788269000,1,2.01380442,0.01777437
1623186788269000,1,0.47684210,0.01777437
1623186788282000,1,4.60282910,0.01777437
1623187565223000,0,0.72944605,0.01782834
1623187683821000,1,0.65799993,0.01779592
1623187750617000,1,0.16318323,0.01774258
1623187750617000,1,4.10570471,0.01774257
1623187927215000,0,2.25025225,0.01779592
1623188409868000,0,5.12765345,0.01779676
1623188409868000,0,2.05112030,0.01779676
1623188409943000,0,0.26000000,0.01779999
1623189118169000,0,0.01940000,0.01777980
1623190066913000,1,0.42197000,0.01777925
1623190067714000,1,0.00000055,0.01777925
1623190079827000,0,0.01759900,0.01778571
1623190939139000,1,0.50000000,0.01786230
1623191027337000,0,0.05816400,0.01785346
1623191435215000,0,0.02796788,0.01786675
1623191641789000,0,0.02097591,0.01782999
1623191793511000,1,2.02911000,0.01783458
1623191793593000,1,0.00000207,0.01783458
1623191793664000,1,0.26000000,0.01783002
1623191793977000,1,2.02992764,0.01783002
1623191794093000,1,5.07509837,0.01781897
1623192299418000,0,2.04263250,0.01779998
1623192299418000,0,5.10643517,0.01779998
1623192299518000,0,0.26000000,0.01780167
1623193514555000,0,2.02363877,0.01791999
1623193514555000,0,5.05898611,0.01791999
1623193516295000,0,2.02363877,0.01793999
1623193516295000,0,5.05897123,0.01793999
