timestamp ms,type,amount,price
1623283230343000,1,3.86394165,0.01695000
1623283236411000,0,0.14046905,0.01697560
1623283236411000,0,0.35112686,0.01697560
1623283236411000,0,0.91303749,0.01697561
1623283327592000,0,0.20926830,0.01697432
1623283327592000,0,0.52317074,0.01697432
1623283395081000,1,1.65547814,0.01695370
1623283569373000,0,0.08140347,0.01692848
1623283569373000,0,0.20351829,0.01692848
1623283781467000,0,0.48732286,0.01694666
1623283781467000,0,0.07499394,0.01694666
1623283781467000,0,0.18747320,0.01694666
1623284577227000,0,1.26216000,0.01693312
1623285446458000,0,5.00000000,0.01690308
1623286010685000,0,0.01807100,0.01690734
1623286122121000,0,6.50000000,0.01689000
1623286125865000,0,0.26000000,0.01689000
1623286125999000,0,15.54446000,0.01689000
1623286190786000,0,0.00000786,0.01689000
1623287809209000,0,0.02192649,0.01711998
1623288597314000,0,1.00000000,0.01711998
1623288767390000,1,1.92026095,0.01702001
1623288767390000,1,4.80084905,0.01702001
1623288767390000,1,32.77892614,0.01702000
1623290083703000,1,4.84025035,0.01696126
1623290083703000,1,1.93655651,0.01696126
1623291159124000,0,2.13877000,0.01697000
1623291173918000,0,0.00000400,0.01697000
1623291357085000,1,0.03368000,0.01700482
1623291400983000,1,0.04530100,0.01701142
1623291802311000,0,0.39778000,0.01700365
1623292752432000,1,1.93237355,0.01697959
1623292752923000,1,4.83328150,0.01697333
1623292752923000,1,1.93237355,0.01697333
1623293106221000,1,0.02144800,0.01690034
1623293222448000,0,0.20717591,0.01695999
1623293222449000,0,0.95685456,0.01695999
1623293222504000,0,0.77590625,0.01695999
1623293222504000,0,1.93900551,0.01695999
1623293222504000,0,3.49041397,0.01695999
1623293222504000,0,1.35905341,0.01695999
1623293222685000,0,0.79710509,0.01695961
1623293222712000,0,4.08090619,0.01695961
1623293632965000,0,0.11433800,0.01694000
1623293995432000,0,0.07831097,0.01691000
1623294076593000,1,1.93188993,0.01690619
1623294076593000,1,0.82808663,0.01690619
1623294076611000,1,2.27300000,0.01690619
1623294076611000,1,1.72903686,0.01690619
1623294076611000,1,4.17587740,0.01690619
1623294076638000,1,4.85604343,0.01690619
1623294076647000,1,1.64590473,0.01690619
1623294076739000,1,1.87861272,0.01690619
1623294857570000,0,1.91944044,0.01693999
1623294857570000,0,15.99482156,0.01694000
1623294886872000,1,1.92027000,0.01691445
1623295068893000,0,1.92057000,0.01692584
1623295068937000,0,0.00000381,0.01692584
1623295068937000,0,4.80126501,0.01692607
1623295069005000,0,0.68050000,0.01692998
1623295069042000,0,1.67490000,0.01692998
1623295069071000,0,1.80439659,0.01692998
1623295069222000,0,1.30177692,0.01692997
1623295069316000,0,0.61820653,0.01692997
1623295069316000,0,3.54158347,0.01692997
1623295069434000,0,1.25814931,0.01692997
1623295069434000,0,12.47785561,0.01693998
1623299545367000,1,0.02794800,0.01687364
1623300633180000,0,0.09719300,0.01690000
1623300690113000,0,0.07619900,0.01691000
1623302106918000,0,0.06202000,0.01678353
1623302107362000,1,2.76338145,0.01675968
1623302258575000,1,4.90738430,0.01675071
1623302258575000,1,1.96287570,0.01675071
1623302260492000,1,0.02560249,0.01674259
1623302290819000,0,0.15090111,0.01675502
1623302291524000,0,0.47746883,0.01675502
1623303369933000,1,0.05399832,0.01680526
1623303385587000,1,0.03781200,0.01681389
1623303903981000,0,1.96383199,0.01682999
1623304315554000,1,8.40000000,0.01673500
1623304337820000,0,1.13051000,0.01672806
1623305292763000,1,1.68867000,0.01672514
1623305338338000,1,0.00000764,0.01672514
1623306500803000,0,1.97588344,0.01671869
1623306500803000,0,4.93959321,0.01671869
1623306500803000,0,4.07401651,0.01671870
1623306500803000,0,12.84308776,0.01671999
1623306500803000,0,6.12895520,0.01672000
1623307102155000,0,0.65576237,0.01668821
1623308881216000,1,1.97673734,0.01669623
1623308881216000,1,4.94165266,0.01669623
1623308881238000,1,0.00001026,0.01669623
1623309176192000,1,0.07500000,0.01668001
1623309176192000,1,2.87147000,0.01668000
1623310244452000,1,1.00408176,0.01665525
1623311281979000,1,4.93538706,0.01668482
1623311281979000,1,1.97407294,0.01668482
1623311361441000,0,1.97286668,0.01669519
1623311361441000,0,4.93198332,0.01669519
1623311361524000,0,0.00000864,0.01669519
1623311361680000,0,2.45214431,0.01669999
1623312121203000,1,1.97290280,0.01665769
1623312121203000,1,0.44982778,0.01665769
1623312782333000,1,1.33949858,0.01667149
1623314217502000,1,0.06152000,0.01667231
1623314317516000,1,4.09755021,0.01669070
1623314317653000,1,0.26000000,0.01669070
1623314317749000,1,19.64244979,0.01669070
1623314387779000,1,1.99901515,0.01665440
1623314387779000,1,4.99777116,0.01665440
1623314421108000,1,1.99907172,0.01664003
1623314421108000,1,4.99784828,0.01664003
1623315097910000,1,0.87634100,0.01668000
1623315366889000,0,0.11204700,0.01669000
1623316057187000,1,2.00700565,0.01665002
1623316057187000,1,5.01768910,0.01665002
1623316057361000,1,1.27268894,0.01664768
1623316057407000,1,1.41790574,0.01664768
1623316101630000,1,1.57736000,0.01663001
1623316101632000,1,0.43204672,0.01663001
1623316101632000,1,5.02477883,0.01663001
1623316838703000,1,0.01611600,0.01662065
1623317370098000,1,1.09828600,0.01661622
1623317446954000,1,2.01054920,0.01658001
1623317454710000,1,0.02587671,0.01656516
1623317455941000,0,0.06600000,0.01655000
1623317457770000,0,0.00004100,0.01655000
1623317522322000,0,0.04393200,0.01657000
1623317525843000,0,1.00000000,0.01658999
1623317532278000,0,1.00000000,0.01659999
1623317704156000,0,0.19400000,0.01656000
1623317704958000,0,3.63427129,0.01656000
1623317743508000,0,1.00000000,0.01659999
1623318007282000,1,1.97317881,0.01660001
1623318007282000,1,4.93288651,0.01660001
1623318007699000,1,0.23345540,0.01659231
1623318007784000,1,1.74074550,0.01659231
1623318007784000,1,1.97291531,0.01658767
1623318083252000,0,1.00000000,0.01662761
1623318083768000,0,1.00000000,0.01662856
1623318180829000,1,0.02019800,0.01666000
1623318181384000,1,0.78473999,0.01665379
1623318235469000,0,1.96938000,0.01668092
1623318335475000,0,0.01485000,0.01667000
1623318363129000,0,1.00000000,0.01668182
1623318564705000,1,4.89367905,0.01665049
1623318564705000,1,1.95744188,0.01665049
1623318871708000,1,1.95189285,0.01663164
1623318871708000,1,3.93393715,0.01663164
1623318871788000,1,0.94567000,0.01663164
1623318871958000,1,0.00000748,0.01663164
1623319281732000,1,12.72187749,0.01660001
1623319281732000,1,4.89305527,0.01660001
1623319281732000,1,1.95748155,0.01660001
1623319281732000,1,50.20843000,0.01660000
1623319281732000,1,8.04768854,0.01658866
1623319281774000,0,1.54510000,0.01658585
1623319281774000,0,2.48029663,0.01658730
1623319282039000,0,5.00000000,0.01658730
1623319282076000,0,16.39117052,0.01658730
1623319340721000,1,0.02707577,0.01655039
1623319346092000,1,0.02030683,0.01655039
1623319358258000,1,1.95027748,0.01653692
1623319358258000,1,12.67585269,0.01653001
1623319358258000,1,1.95043486,0.01653001
1623319358258000,1,0.06050000,0.01653000
1623319411910000,0,39.71830732,0.01650000
1623319415070000,1,1.59866665,0.01645938
1623319680762000,1,1.93874550,0.01643095
1623319680762000,1,4.84706530,0.01643095
1623319680762000,1,1.93874550,0.01643001
1623319680762000,1,38.86819370,0.01643000
1623319896415000,1,0.01800000,0.01651000
1623319910483000,1,0.00056400,0.01651000
1623319917143000,0,2.21532500,0.01650000
1623321328414000,1,0.01800000,0.01652000
1623321897336000,1,13.65299000,0.01650000
1623321905315000,0,1.15894033,0.01651809
1623321905411000,0,0.18100000,0.01651809
1623321921996000,0,0.37113572,0.01654935
1623321922615000,0,0.42277792,0.01654935
1623323207123000,0,0.03600000,0.01646592
1623323207129000,0,1.73034912,0.01646592
1623323526999000,0,0.28522000,0.01646592
1623323527702000,0,0.00000573,0.01646592
1623324609934000,0,0.41714000,0.01646926
1623325118576000,1,0.19893800,0.01647558
1623325545553000,0,0.01877100,0.01647831
1623329051989000,1,0.02615388,0.01638961
1623329222765000,1,1.00566578,0.01635277
1623330544247000,1,0.01994200,0.01639013
1623331490438000,1,0.06084184,0.01643606
1623331510706000,1,0.26000000,0.01645302
1623331510809000,1,4.00000000,0.01645302
1623331510989000,1,0.24350649,0.01645302
1623331533468000,0,1.77373847,0.01644000
1623331565619000,1,1.96920595,0.01642001
1623331565735000,1,0.24350649,0.01642007
1623331565973000,1,4.00000000,0.01642007
1623331566170000,1,0.75649351,0.01642007
1623331566498000,0,0.24350649,0.01642007
1623332311956000,1,1.97535507,0.01634661
1623332638214000,1,5.00000000,0.01631629
1623332680979000,1,1.97485742,0.01629475
1623332713566000,0,4.06061183,0.01629671
1623333668187000,1,3.00000000,0.01629556
1623333684614000,0,1.51700000,0.01627000
1623333684624000,0,2.08630482,0.01627000
1623333684682000,0,0.73017947,0.01627000
1623333685079000,0,0.49374278,0.01627000
1623333685191000,0,7.83771572,0.01627000
1623333685224000,0,3.46718212,0.01627000
1623334677682000,1,12.92488017,0.01628001
1623334989940000,0,2.20000000,0.01628001
1623335865625000,1,13.03315142,0.01630001
1623335865625000,1,2.00535440,0.01630001
1623335865625000,1,5.01356472,0.01630001
1623336515305000,1,2.51166288,0.01626878
1623336556258000,0,5.00000000,0.01635552
1623336556348000,0,0.04298746,0.01635552
1623336556348000,0,2.01727254,0.01635552
1623336603967000,1,1.38418400,0.01634000
1623337221310000,1,0.05583600,0.01640036
1623337746270000,0,0.02282600,0.01643753
1623338666673000,1,0.25794300,0.01643000
1623338916265000,1,0.04755100,0.01640182
1623339193880000,0,2.00392010,0.01641459
1623339193880000,0,3.96883190,0.01641507
1623339655411000,0,0.01272600,0.01642580
1623340118577000,1,0.50000000,0.01642972
1623340440876000,0,0.19623990,0.01644758
1623341168551000,0,0.13081250,0.01640000
1623341510228000,0,0.03138100,0.01636818
1623342438258000,1,0.23534000,0.01637000
1623342546998000,1,0.53683158,0.01637552
1623342547144000,1,2.47259664,0.01637552
1623342547168000,1,4.17594636,0.01637552
1623342547184000,1,0.29304961,0.01637552
1623342547219000,1,0.67157203,0.01637552
1623342548564000,1,0.26633891,0.01637552
1623342549086000,1,2.11016933,0.01637552
1623344644328000,1,0.29121740,0.01636000
1623345032719000,0,0.03147200,0.01630226
1623345421198000,0,0.26000000,0.01633537
1623345421213000,0,1.77568992,0.01633537
1623345421213000,0,5.08904618,0.01633537
1623345421584000,0,2.03568992,0.01633999
1623345422662000,0,0.02300000,0.01637850
1623345452618000,0,0.07497856,0.01637188
1623346185612000,0,2.02639889,0.01638999
1623351963393000,1,2.02316727,0.01635556
1623353423886000,0,2.03921745,0.01636357
1623353423886000,0,13.25250024,0.01636358
1623353423886000,0,5.09761585,0.01636358
1623353424429000,0,2.03835926,0.01638585
1623353424429000,0,3.85359117,0.01638585
1623353424495000,0,1.24159401,0.01638585
1623353424495000,0,0.19421334,0.01638585
1623353551236000,1,2.03608249,0.01638599
1623353551236000,1,5.08998283,0.01638599
1623355621430000,0,0.49190416,0.01626333
1623355625595000,0,0.49200492,0.01625000
1623355748541000,0,7.77136000,0.01631730
1623355782568000,0,0.10721300,0.01631143
1623356120737000,0,2.05436379,0.01635998
1623356120737000,0,2.05460230,0.01636283
1623356196096000,1,0.22101823,0.01638001
1623357522317000,1,2.04609922,0.01648074
1623357522317000,1,5.11553078,0.01648074
1623357522321000,1,0.00001751,0.01648074
1623357522453000,1,8.00000000,0.01647419
1623357522617000,1,1.13509573,0.01647419
1623357522652000,1,3.48161969,0.01647419
1623359521701000,0,2.03425236,0.01649682
1623359521701000,0,5.08545678,0.01649682
1623359660886000,1,2.03963382,0.01648296
1623359660886000,1,5.09851067,0.01648296
1623360347630000,1,1.49302249,0.01639763
1623360347633000,1,0.53896870,0.01639763
1623360348274000,1,2.03248522,0.01639046
1623360778568000,1,0.12040000,0.01640037
1623360889527000,0,0.03042963,0.01642161
1623364648745000,1,5.00000000,0.01645775
1623365703152000,1,2.01054375,0.01642668
1623365703152000,1,5.02658625,0.01642668
1623366521202000,0,0.01936100,0.01642779
1623366561966000,1,2.01205962,0.01639047
1623366561966000,1,1.73241738,0.01639047
1623366642459000,0,0.03876400,0.01642336
1623366785099000,0,0.06936000,0.01643188
1623367958951000,0,0.01935800,0.01642321
1623368161643000,0,0.03875000,0.01641599
1623369135237000,0,0.01935000,0.01641006
1623369448481000,0,0.01427559,0.01640878
1623369621620000,0,0.45263929,0.01642186
1623369621853000,0,5.05199586,0.01642186
1623369623673000,0,4.50705100,0.01644000
1623370820283000,1,1.09092425,0.01628827
1623371230621000,1,0.02643400,0.01621593
1623371419221000,0,2.04133000,0.01624330
1623371950795000,0,2.05361658,0.01627227
1623371950795000,0,5.13385342,0.01627227
1623371950848000,0,0.00000866,0.01627227
1623371950848000,0,2.05036298,0.01627228
1623373006205000,1,0.01300000,0.01621200
1623373252495000,0,5.15241058,0.01624338
1623373252495000,0,2.06115817,0.01624338
1623373938091000,1,0.03985700,0.01626000
1623374261154000,0,1.97114900,0.01625957
1623376913689000,1,0.05787950,0.01628786
1623378424268000,1,2.06311000,0.01628261
1623378424405000,1,0.00000280,0.01628261
1623379999635000,0,2.05238513,0.01635631
1623379999635000,0,5.13078434,0.01635631
1623379999635000,0,13.33846053,0.01635631
1623379999734000,0,0.00001754,0.01635631
1623380000562000,0,5.00000000,0.01636846
1623380526856000,0,0.97861439,0.01633996
1623380526856000,0,1.54344461,0.01633998
1623380649858000,1,4.85508000,0.01632347
1623380660417000,1,0.00000694,0.01632347
1623382149311000,0,0.97725000,0.01630034
1623382149341000,0,0.06476460,0.01630034
1623382149341000,0,0.23577840,0.01630034
1623382381375000,1,5.08706981,0.01630081
1623382381375000,1,2.03475019,0.01630081
1623382689152000,1,2.03739044,0.01629102
1623382689152000,1,5.09365494,0.01629102
1623382689152000,1,8.04224462,0.01629102
1623382689293000,1,0.50000000,0.01629102
1623382766879000,0,0.16109866,0.01629101
1623383198621000,1,1.44461794,0.01625903
1623385151931000,1,2.02943067,0.01627411
1623385151931000,1,5.07365933,0.01627411
1623386362451000,0,0.01253500,0.01625884
1623387839727000,0,0.05800800,0.01621837
1623389950104000,0,1.37322000,0.01621837
1623389954818000,0,0.00000937,0.01621837
1623391275387000,1,2.02688935,0.01620895
1623391275387000,1,4.97311065,0.01620895
1623391814144000,1,5.05007659,0.01638158
1623391814144000,1,2.01994341,0.01638158
1623392042227000,0,1.62510000,0.01635981
1623392042433000,0,0.00000411,0.01635981
1623392042433000,0,1.62476589,0.01636194
1623392042527000,0,2.43816993,0.01636194
1623392042527000,0,8.12432007,0.01636389
1623392080220000,0,2.15448000,0.01636000
1623392080314000,0,0.00000400,0.01636000
1623392104789000,1,1.76488491,0.01635058
1623392104789000,1,0.72511508,0.01634461
1623392104818000,1,1.29653754,0.01634461
1623392104818000,1,5.05430618,0.01634461
1623392189334000,1,2.02253736,0.01634124
1623392189334000,1,5.05633264,0.01634124
1623392648592000,0,0.40500000,0.01629953
1623393772932000,1,2.03966000,0.01625961
1623393773438000,1,0.00000058,0.01625961
1623393773438000,1,5.09919942,0.01625960
1623393773447000,1,0.00000319,0.01625960
1623393837902000,1,3.31708651,0.01621164
1623393837977000,1,0.77246781,0.01621164
1623393837999000,1,1.22505072,0.01621164
1623393838030000,1,2.48533122,0.01621164
1623394231314000,0,1.72399649,0.01623508
1623394231314000,0,3.82678351,0.01623508
1623395077602000,1,0.55363589,0.01623191
1623396607650000,0,0.81654912,0.01627593
1623396607650000,0,2.04134088,0.01627593
1623396608002000,0,5.30800000,0.01627670
1623396681123000,0,0.34888608,0.01628884
1623396681177000,0,0.26556780,0.01628884
1623397082991000,1,5.07114122,0.01620137
1623397082991000,1,2.02867878,0.01620137
1623397143103000,0,0.50628915,0.01620417
1623397143103000,0,1.26572288,0.01620417
1623397143103000,0,3.29074797,0.01620417
1623397143233000,0,0.00001593,0.01620417
1623397143870000,0,5.00000000,0.01623016
1623397164168000,1,2.00629100,0.01620187
1623397255732000,0,0.13796344,0.01623631
1623397255732000,0,0.34490861,0.01623631
1623397334913000,1,2.02808941,0.01621221
1623397334913000,1,0.74790200,0.01621221
1623397608912000,1,0.01630400,0.01621909
1623397652892000,1,0.52166093,0.01619765
1623398468082000,0,0.29115512,0.01623204
1623398468082000,0,0.72791519,0.01623204
1623398474696000,1,1.89231000,0.01622835
1623398474739000,1,0.12868473,0.01622835
1623398474739000,1,1.77131527,0.01622835
1623398474768000,1,1.54900000,0.01622835
1623398474891000,1,1.73300087,0.01622835
1623398499358000,0,0.68845024,0.01622998
1623398499358000,0,1.72114402,0.01622998
1623398512576000,0,0.02745012,0.01624998
1623398597628000,0,0.82985594,0.01625998
1623398597628000,0,2.07385406,0.01625998
1623398598216000,0,5.39253000,0.01626576
1623398624264000,0,0.01473510,0.01625999
1623398668181000,0,1.51380619,0.01627999
1623398668181000,0,0.60552506,0.01627999
1623398668181000,0,3.93613875,0.01627999
1623398668280000,0,0.00001619,0.01627999
1623398816072000,1,0.01253000,0.01630001
1623398837029000,0,1.04130400,0.01632011
1623399092232000,0,0.25830405,0.01628722
1623399092232000,0,0.64575595,0.01628722
1623399092416000,0,0.00000418,0.01628722
1623399092416000,0,1.67855582,0.01628969
1623399527580000,1,1.00621072,0.01630002
1623399527601000,1,1.00963412,0.01630002
1623399527601000,1,3.16865461,0.01630002
1623399679136000,1,0.29999427,0.01626854
1623400572390000,1,0.26000000,0.01630001
1623400572496000,1,0.71010013,0.01630001
1623400572496000,1,2.42530491,0.01630001
1623400572496000,1,6.21112050,0.01629861
1623400573298000,1,6.21088402,0.01626980
1623401169785000,0,1.16529634,0.01623632
1623401169785000,0,2.91320774,0.01623632
1623402049583000,1,1.00165000,0.01625436
1623402049690000,1,0.00000063,0.01625436
1623402257026000,1,0.02262300,0.01631535
1623402958635000,1,3.00000000,0.01629021
1623403141716000,0,0.15737403,0.01636852
1623404184022000,1,0.03150670,0.01636000
1623404193934000,1,0.14289031,0.01636001
1623404194050000,0,0.15100000,0.01636000
1623404194121000,0,0.00012569,0.01636000
1623406666900000,1,0.21688472,0.01618001
1623407223175000,1,0.33566032,0.01623517
1623407223175000,1,0.83915079,0.01623517
1623407223364000,1,2.18211980,0.01623001
1623407642338000,1,0.29732999,0.01619339
1623407642338000,1,0.74332498,0.01619339
1623408228350000,0,0.16153039,0.01623939
1623408891347000,1,1.24750000,0.01619339
1623408892003000,1,0.00000504,0.01619339
1623409927911000,1,1.26899426,0.01610000
1623409981009000,0,0.39615564,0.01611227
1623409981009000,0,0.99038909,0.01611227
1623410611176000,0,0.10900000,0.01615000
1623410630814000,0,0.03977000,0.01615000
1623411853398000,0,0.75078617,0.01615000
1623412151406000,1,0.02200000,0.01615378
1623412151444000,1,0.00015345,0.01615378
1623413225318000,1,0.02930000,0.01614860
1623413945982000,1,0.10633060,0.01611226
1623413945982000,1,0.07351356,0.01611225
1623417038142000,0,0.54210443,0.01612119
1623417540279000,0,0.02261450,0.01611486
1623417540279000,0,0.05652779,0.01611486
1623417540279000,0,0.06300000,0.01611486
1623417540279000,0,1.45785771,0.01611488
1623418267204000,1,12.00000000,0.01627370
1623420123155000,0,0.60500000,0.01627920
1623420123422000,0,0.71999999,0.01627700
1623420123508000,0,1.04622822,0.01627700
1623420171479000,1,0.02400000,0.01624904
1623420172043000,1,0.06473601,0.01624078
1623420172043000,1,0.02490445,0.01624078
1623420172088000,1,10.40000000,0.01622610
1623420518788000,0,0.04600000,0.01622610
1623420520896000,0,0.37144176,0.01622610
1623421780639000,0,0.26554976,0.01621275
1623421780639000,0,0.66392317,0.01621275
1623421780639000,0,1.72603707,0.01621275
1623422571388000,1,0.03800000,0.01616000
1623422571495000,1,0.00081000,0.01616000
1623422702149000,0,0.18605977,0.01613360
1623422702149000,0,0.07442391,0.01613360
1623422702149000,0,0.48375541,0.01613360
1623423883381000,0,2.66124260,0.01613360
1623424008770000,1,0.02685200,0.01611982
1623424325436000,1,1.67338200,0.01612000
1623424990400000,1,0.20672916,0.01606128
1623424990400000,1,0.51682291,0.01606128
1623425779276000,1,0.26594322,0.01605404
1623425779276000,1,0.66485805,0.01605404
1623425941453000,0,0.58599817,0.01606873
1623425941453000,0,1.46499143,0.01606873
1623426095625000,1,0.02671714,0.01604408
1623426114036000,1,0.23923697,0.01602454
1623426114036000,1,0.23923697,0.01602453
1623426114113000,1,0.22200000,0.01602283
1623426114178000,1,1.33306268,0.01602283
1623426121571000,1,0.30000000,0.01600000
1623426121757000,1,1.62682000,0.01596170
1623426121757000,1,1.37318000,0.01596161
1623426136792000,1,0.22846812,0.01597001
1623426136792000,1,0.57108188,0.01597001
1623426136987000,1,0.00000985,0.01597001
1623426141851000,1,0.22438176,0.01594084
1623426141851000,1,0.56095440,0.01594084
1623426141851000,1,1.45872384,0.01594084
1623426528291000,1,0.23181364,0.01602447
1623426528291000,1,0.57952636,0.01602447
1623426528373000,1,0.00000773,0.01602447
1623426678670000,0,30.00000000,0.01605500
1623426880962000,1,4.22769889,0.01605933
1623426880962000,1,0.60130111,0.01605753
1623426901021000,1,0.28970467,0.01605292
1623426901021000,1,0.72426533,0.01605292
1623426901350000,1,0.00000536,0.01605292
1623427028280000,1,0.09119000,0.01608222
1623427183007000,1,0.68709812,0.01605001
1623427183007000,1,0.27482188,0.01605001
1623427806775000,1,2.15048000,0.01605001
1623427821297000,1,0.00000192,0.01605001
1623428585597000,0,0.13437200,0.01603479
1623428585597000,0,0.33593000,0.01603479
1623429319953000,1,0.07500000,0.01598623
1623429319953000,1,0.07500000,0.01598622
1623429319953000,1,0.07500000,0.01598621
1623429319953000,1,0.07500000,0.01598620
1623429319953000,1,0.12922118,0.01598619
1623429559395000,1,0.10406702,0.01597755
1623430148011000,1,0.32860829,0.01596140
1623430148011000,1,0.12641787,0.01596140
1623430148011000,1,0.05056715,0.01596140
1623431076825000,1,2.90860280,0.01591961
1623432020645000,1,0.01426041,0.01592941
1623432601792000,1,0.13308290,0.01591337
1623432601792000,1,0.33256105,0.01591296
1623432602300000,1,0.86503886,0.01591001
1623432834012000,0,1.59973165,0.01595035
1623432834474000,0,0.24611360,0.01595680
1623433709443000,0,0.04500000,0.01592000
1623433834290000,0,0.00014500,0.01592000
1623433968599000,1,0.37685216,0.01590004
1623433968599000,1,0.15073784,0.01590004
1623433968640000,1,0.00000302,0.01590004
1623433968640000,1,0.97997573,0.01589811
1623434018764000,1,0.02700329,0.01587406
1623434482968000,0,1.81977000,0.01583999
1623434830404000,1,0.92192000,0.01583001
1623434926817000,0,0.67812024,0.01584998
1623434926845000,0,0.98623318,0.01584998
1623434926845000,0,0.64823228,0.01584999
1623434926901000,0,1.01612009,0.01584999
1623434999976000,0,5.07840000,0.01587776
1623435000462000,0,0.23585983,0.01589607
1623435325520000,0,0.79412000,0.01586999
1623435325702000,0,0.00000337,0.01586999
1623436618579000,1,0.41032507,0.01589249
1623436618579000,1,1.02581267,0.01589249
1623436801283000,1,0.39712556,0.01587430
1623436801283000,1,0.99281391,0.01587430
1623437105719000,1,0.02431400,0.01585000
1623437712136000,1,0.30419383,0.01582279
1623438004828000,1,0.30474718,0.01582960
1623438004828000,1,0.76186794,0.01582960
1623438061106000,1,0.66948142,0.01580918
1623438061106000,1,1.74066294,0.01580918
1623438061106000,1,0.26778564,0.01580918
1623438084677000,1,0.21461059,0.01578758
1623439187847000,0,0.01993400,0.01577690
1623439517086000,0,1.19659500,0.01577750
1623440056555000,1,0.25712718,0.01573114
1623440056555000,1,0.10357930,0.01573114
1623440083236000,1,0.24581477,0.01572537
1623440083236000,1,0.25418023,0.01572537
1623440427408000,1,0.02729252,0.01570584
1623443068915000,0,42.76835543,0.01570000
1623443069913000,1,1.00571656,0.01568970
1623443069913000,1,0.40228663,0.01568970
1623443069913000,1,2.61488801,0.01568970
1623445472489000,1,0.09390004,0.01566862
1623445472489000,1,0.03756002,0.01566862
1623445472494000,1,0.24414011,0.01566408
1623446711135000,1,0.16730530,0.01565182
1623447126407000,0,1.61134426,0.01555350
1623447126407000,0,4.00384385,0.01555350
1623447144418000,0,1.34735143,0.01557478
1623447152996000,1,52.78323000,0.01558000
1623447152996000,1,3.19650430,0.01557619
1623447197789000,1,0.02758484,0.01553940
1623447201150000,1,50.16933000,0.01551000
1623447201150000,1,1.67246000,0.01550360
1623447201150000,1,8.71360361,0.01550359
1623447201150000,1,4.36500301,0.01550057
1623447201150000,1,52.68963000,0.01550000
1623447201150000,1,0.22622504,0.01549921
1623447202720000,0,0.28621108,0.01553000
1623448829061000,1,0.04500000,0.01552791
1623448889876000,1,0.10635678,0.01552962
1623448889876000,1,0.26587322,0.01552962
1623448902197000,0,0.03542745,0.01555319
1623449614226000,1,0.02846300,0.01557088
1623449977266000,0,0.14470277,0.01560000
1623450138039000,1,0.04622100,0.01560492
1623451210296000,1,2.01678100,0.01550119
1623451210563000,1,0.04730530,0.01550119
1623453241587000,1,1.35694812,0.01542605
1623453241587000,1,0.52194840,0.01542605
1623453241587000,1,0.20876348,0.01542605
1623453241623000,1,0.00001657,0.01542605
1623453346230000,0,0.40587100,0.01542518
1623453408128000,0,0.02374200,0.01542997
1623453605526000,1,0.23376552,0.01539282
1623453605526000,1,0.58440448,0.01539282
1623453605599000,1,0.00000933,0.01539282
1623453605599000,1,1.48272067,0.01539279
1623453619848000,0,0.04066700,0.01540998
1623453787614000,0,0.03040800,0.01541172
1623455303531000,0,0.16694123,0.01549683
1623455454590000,1,1.01306712,0.01550285
1623455454590000,1,0.40523207,0.01550285
1623455454590000,1,2.63374462,0.01550285
1623455581935000,0,1.72695517,0.01551246
1623455581935000,0,4.48989926,0.01551246
