timestamp ms,type,amount,price
1628553749325000,0,1.98505373,0.01282397
1628553749837000,0,1.98505373,0.01282484
1628553789222000,0,0.01981500,0.01285999
1628553910870000,0,0.05950600,0.01280879
1628554158791000,0,1.97481191,0.01278988
1628554158791000,0,0.77933609,0.01279000
1628554222079000,1,0.04684400,0.01279000
1628554685402000,0,0.19954500,0.01281734
1628554872132000,1,2.63550000,0.01281734
1628554873357000,1,0.00000455,0.01281734
1628554911918000,0,4.22879379,0.01282973
1628554911918000,0,1.99078378,0.01283259
1628554911918000,0,2.84725614,0.01283260
1628555077723000,0,0.06832900,0.01281669
1628555112763000,1,4.23486403,0.01279781
1628555112763000,1,0.73313596,0.01279409
1628555329335000,0,4.26638489,0.01283908
1628555332840000,0,4.63615000,0.01283772
1628555428039000,0,0.03947300,0.01285831
1628556091914000,0,0.02186600,0.01280997
1628556194343000,1,0.61959082,0.01279697
1628556688746000,1,1.54854282,0.01279697
1628556761847000,1,2.00189946,0.01278079
1628556761916000,0,0.04000500,0.01279965
1628556761955000,1,0.82268756,0.01277400
1628556785391000,1,3.12198572,0.01277400
1628556864834000,0,0.04004400,0.01278328
1628557147209000,0,0.47727000,0.01278750
1628557147254000,0,0.00000170,0.01278750
1628557475321000,0,0.01993200,0.01277650
1628557517342000,0,0.01994800,0.01277764
1628557566900000,0,0.31559400,0.01277702
1628557791703000,0,0.03785900,0.01277538
1628558350169000,0,1.53800000,0.01277888
1628558350464000,0,0.20063805,0.01277888
1628558569082000,1,2.01080000,0.01274291
1628558569124000,1,0.00000930,0.01274291
1628558569149000,1,2.25885242,0.01274067
1628558569220000,1,1.12400000,0.01274067
1628558569300000,1,1.64408998,0.01274067
1628558781647000,0,0.07370100,0.01275955
1628558802260000,0,0.02008000,0.01275954
1628559263210000,1,2.00406843,0.01275254
1628559263210000,1,2.99593157,0.01275253
1628559267199000,1,0.02284300,0.01277000
1628559686043000,0,0.01990900,0.01279011
1628559748884000,0,2.00011251,0.01279584
1628559748884000,0,4.25605664,0.01279585
1628559748884000,0,2.52421303,0.01279967
1628559977400000,0,0.26940300,0.01278108
1628560127378000,0,0.01996800,0.01278156
1628560356350000,1,4.25833212,0.01274955
1628560356350000,1,2.53630735,0.01274846
1628560356350000,1,8.50977999,0.01274819
1628560356350000,1,2.54539698,0.01274521
1628560356350000,1,2.16560760,0.01274066
1628560380878000,0,0.05292200,0.01276349
1628561111683000,0,0.19905000,0.01277655
1628561288712000,0,0.01992300,0.01277309
1628561688203000,0,0.02001200,0.01275813
1628562469298000,0,4.26054733,0.01277199
1628562469298000,0,3.37563067,0.01277566
1628562510654000,0,0.02076300,0.01277612
1628562863407000,1,1.52549921,0.01277267
1628563565794000,0,0.12168200,0.01278894
1628563607116000,0,0.12924900,0.01278009
1628563715375000,0,0.01614300,0.01277973
1628564203689000,0,0.02823900,0.01280723
1628564224451000,0,0.01988700,0.01280724
1628565561074000,1,1.20171400,0.01281002
1628565636046000,0,1.99362111,0.01283223
1628565636182000,1,2.61015000,0.01283223
1628565636221000,1,0.00000238,0.01283223
1628565772290000,0,0.02188300,0.01282247
1628565939020000,0,1.23368288,0.01280085
1628566388063000,0,0.13604300,0.01278301
1628568171035000,0,0.01874900,0.01275229
1628568422559000,0,0.08410000,0.01275388
1628569026392000,1,1.03724837,0.01274610
1628570606431000,1,0.20839200,0.01274721
1628571377683000,0,0.02496800,0.01275133
1628571545468000,0,0.01965600,0.01275373
1628571566243000,0,0.05211200,0.01275872
1628571566350000,0,0.11230200,0.01275872
1628571988886000,0,0.01783100,0.01276765
1628572592768000,1,0.99405800,0.01275207
1628572802123000,0,0.11295800,0.01276842
1628572873485000,1,0.03029400,0.01274521
1628572968925000,0,0.11194200,0.01276423
1628573011007000,0,0.04668300,0.01276423
1628573219716000,0,0.13038200,0.01276751
1628573576455000,0,0.89524000,0.01277206
1628573701682000,1,0.08382600,0.01277000
1628573722444000,1,2.00964000,0.01275078
1628573845632000,0,0.28020100,0.01276158
1628573923595000,0,2.20000000,0.01276158
1628573945513000,0,0.12005100,0.01276158
1628574088936000,0,7.71339298,0.01276158
1628574092115000,0,12.09175834,0.01276158
1628574142005000,0,1.23297606,0.01276158
1628574168782000,0,10.35562062,0.01276158
1628574179815000,0,0.07659200,0.01277245
1628574187785000,1,1.72092795,0.01275699
1628574210331000,1,0.99902279,0.01275698
1628574420701000,1,0.04521800,0.01276038
1628574564576000,0,0.04000700,0.01276994
1628574619512000,1,1.41900000,0.01275078
1628574660294000,1,0.30762538,0.01275078
1628574662104000,1,0.63343000,0.01274736
1628574669007000,1,0.00000272,0.01274736
1628574694096000,0,0.20028400,0.01275344
1628574715495000,1,4.30117521,0.01273739
1628574715495000,1,2.01825907,0.01273608
1628574715495000,1,3.98303898,0.01273607
1628574971904000,0,2.00828000,0.01283878
1628574996978000,0,0.05442800,0.01284445
1628575008882000,0,2.00584000,0.01284991
1628575099760000,1,0.06108400,0.01281864
1628575194259000,0,0.18722446,0.01281864
1628575213711000,1,2.00978000,0.01280546
1628575221916000,1,0.04000400,0.01279154
1628575267473000,0,0.99900000,0.01280110
1628575321924000,1,0.66829101,0.01279273
1628575324995000,1,0.01872800,0.01279273
1628575591560000,1,2.81177554,0.01279879
1628575592144000,1,0.02454600,0.01279880
1628575612326000,0,0.33532600,0.01281525
1628575639507000,1,1.40419000,0.01281525
1628575651273000,1,0.00000022,0.01281525
1628575879229000,1,0.08182434,0.01281525
1628576108611000,1,0.00166988,0.01281525
1628576108611000,1,0.65058312,0.01280999
1628576339895000,0,2.00985472,0.01283875
1628576340001000,0,2.35740492,0.01284220
1628576340063000,0,2.66684214,0.01284220
1628576340063000,0,1.63241359,0.01284498
1628576340112000,0,0.64879678,0.01284498
1628576340181000,0,6.12900000,0.01284498
1628576341010000,0,0.14575738,0.01288848
1628576341172000,0,0.02500000,0.01289788
1628576363314000,1,1.99986772,0.01286471
1628576363314000,1,5.00035228,0.01286471
1628576406667000,0,1.99812893,0.01289973
1628576406667000,0,4.25959148,0.01289974
1628576406667000,0,0.00163462,0.01289999
1628576600364000,1,0.04000000,0.01284856
1628576620929000,1,0.13502600,0.01284856
1628577036142000,1,0.39787900,0.01284551
1628577117798000,1,0.28977100,0.01284864
1628577249957000,0,0.77956583,0.01287999
1628577406486000,0,0.07771600,0.01287901
1628577406677000,1,2.38974000,0.01286070
1628577506689000,1,0.03977700,0.01285643
1628577527457000,0,0.03977700,0.01286978
1628577634608000,0,4.27008551,0.01287093
1628577634608000,0,2.00588347,0.01287552
1628577634608000,0,5.01580172,0.01287905
1628577634608000,0,5.77268039,0.01287907
1628577734389000,1,1.16241500,0.01284119
1628577775628000,1,0.04265300,0.01284119
1628577857907000,0,0.66815200,0.01285805
1628577918285000,1,0.66869000,0.01286000
1628577918413000,1,0.00000100,0.01286000
1628578006988000,1,2.96723983,0.01283929
1628578106323000,1,0.11500400,0.01285756
1628578149248000,0,1.11286400,0.01288114
1628578186336000,0,0.40678000,0.01288114
1628578314315000,1,0.23550000,0.01286253
1628578457935000,0,0.00000280,0.01288114
1628578457935000,0,2.96839720,0.01288114
1628578528973000,1,0.09329500,0.01286482
1628578638800000,1,0.50125900,0.01287278
1628578655813000,0,0.00000342,0.01288114
1628578655813000,0,0.74000000,0.01288114
1628578941437000,0,0.01990800,0.01285098
1628578982063000,1,0.02737000,0.01283147
1628579162331000,1,0.72110000,0.01283001
1628579192988000,1,0.00000583,0.01283001
1628579192988000,1,0.91532717,0.01282353
1628579357009000,0,0.02285200,0.01284000
1628579438602000,1,0.16731000,0.01286000
1628579453094000,1,0.00000700,0.01286000
1628579810115000,0,0.22361100,0.01283532
1628580214413000,1,3.59813194,0.01284554
1628580348177000,1,0.30000000,0.01283227
1628580493876000,1,0.04656800,0.01284900
1628580544816000,1,4.28108242,0.01284468
1628580544883000,0,6.20827000,0.01284468
1628580544903000,0,0.00000169,0.01284468
1628580577128000,0,0.01993700,0.01286114
1628580618463000,0,0.08115800,0.01286121
1628580750658000,0,3.00000000,0.01286121
1628580750658000,0,1.77741000,0.01286121
1628580755393000,0,0.00000076,0.01286121
1628580766550000,0,4.09900000,0.01287480
1628580846324000,0,0.21024600,0.01285000
1628581149249000,1,0.25422200,0.01285151
1628581221271000,1,0.10207500,0.01284836
1628581438933000,0,5.00000000,0.01287031
1628581573002000,0,0.06224900,0.01285000
1628581849038000,1,0.96650000,0.01284520
1628582182993000,0,1.05089400,0.01283105
1628582203530000,0,0.01945600,0.01282561
1628582286204000,1,0.05109500,0.01281297
1628582421047000,0,4.24228860,0.01283711
1628582421047000,0,8.22692540,0.01284052
1628582818083000,0,0.22781700,0.01284973
1628582967381000,0,7.56668745,0.01285000
1628583011274000,1,0.04947000,0.01284745
1628583299702000,1,5.92987227,0.01284253
1628583347420000,1,0.12758300,0.01284334
1628583412155000,0,0.04453000,0.01287246
1628583433112000,0,0.27567000,0.01286747
1628583512892000,0,0.01584100,0.01286036
1628583620870000,1,4.26721371,0.01284253
1628583621348000,1,6.45409000,0.01284253
1628583630249000,1,0.00000938,0.01284253
1628583704080000,1,0.05951000,0.01281375
1628584099170000,1,0.02397000,0.01280532
1628584117657000,0,5.00624648,0.01281375
1628584131025000,1,0.11843200,0.01282000
1628584131025000,1,5.21600076,0.01282000
1628584672001000,1,0.24113500,0.01281542
1628584728962000,1,0.25323700,0.01281542
1628584756997000,0,0.01999100,0.01283114
1628584757104000,0,1.97122203,0.01283114
1628584757104000,0,1.00273097,0.01283404
1628584777985000,0,0.01982600,0.01282969
1628584778094000,0,0.12118700,0.01282969
1628584820765000,1,0.01999100,0.01280536
1628584864292000,0,0.12685800,0.01281957
1628584887602000,0,0.13453400,0.01281957
1628584908367000,1,0.14301600,0.01280628
1628584930880000,0,0.11498400,0.01282923
1628584957283000,0,0.09867500,0.01282923
1628584975646000,0,0.03963500,0.01282530
1628584997302000,0,0.01982400,0.01282530
1628585190332000,1,0.29457888,0.01279982
1628585237629000,1,4.24516499,0.01279976
1628585237629000,1,0.85483501,0.01279587
1628585544387000,1,0.01634600,0.01282000
1628585606904000,0,0.03968200,0.01280963
1628585668999000,0,0.01655900,0.01281424
1628585754856000,0,0.19603000,0.01279985
1628585990347000,0,0.05494900,0.01279991
1628586002103000,0,0.21834300,0.01279991
1628586095486000,0,0.02176100,0.01281658
1628586181145000,0,0.05500400,0.01281909
1628586399224000,0,0.10990200,0.01282538
1628586420660000,0,0.33001400,0.01282538
1628586557458000,1,1.69900000,0.01280495
1628586740989000,1,0.03302400,0.01282000
1628587088504000,1,0.53511000,0.01275000
1628587116769000,0,0.22825803,0.01277326
1628587124961000,1,0.03981900,0.01277000
1628587128247000,0,1.99377700,0.01276999
1628587354062000,1,0.00000018,0.01275000
1628587688333000,1,0.01739000,0.01273312
1628587708947000,0,0.03329500,0.01275010
1628587808811000,0,2.00325000,0.01276646
1628587808874000,0,0.00000394,0.01276646
1628587808874000,0,0.51999606,0.01276647
1628587809040000,0,0.00000394,0.01276647
1628587809040000,0,2.00536606,0.01276874
1628587809206000,0,0.00000412,0.01276874
1628587809992000,1,0.90100000,0.01277000
1628587815263000,1,0.90100000,0.01276840
1628588220964000,0,0.03996300,0.01275323
1628588363189000,1,1.84262000,0.01275000
1628588363195000,1,0.00000998,0.01275000
1628588373515000,0,0.04430200,0.01274542
1628588394625000,0,0.02229900,0.01274976
1628588759816000,1,0.37350862,0.01274976
1628588870276000,0,0.13503500,0.01275839
1628589104458000,0,0.11771800,0.01275593
1628589174317000,1,0.04389700,0.01276000
1628589368488000,0,4.00000000,0.01276085
1628589630850000,1,4.26053533,0.01274667
1628589630850000,1,2.04368467,0.01274553
1628589633322000,1,0.01755000,0.01274274
1628589717922000,0,5.47320000,0.01276083
1628590001376000,0,0.00000332,0.01276083
1628590001376000,0,0.08224768,0.01277384
1628590044257000,0,0.03986600,0.01277834
1628590085641000,1,0.13503500,0.01276033
1628590450429000,0,0.04067000,0.01277650
1628590727059000,0,0.53379300,0.01277490
1628590814144000,1,0.04855600,0.01274636
1628590912866000,0,2.07585800,0.01275974
1628591047441000,1,0.03438700,0.01273059
1628591411894000,1,0.23392600,0.01273847
1628591495429000,0,0.02039600,0.01275999
1628591560241000,0,0.03998600,0.01276465
1628591669102000,1,0.16981500,0.01274959
1628591906812000,1,0.15000000,0.01275806
1628591928577000,0,0.02003000,0.01277487
1628591928674000,1,0.04647900,0.01275302
1628592080832000,0,0.11148100,0.01278110
1628592101616000,1,0.11011200,0.01276797
1628592164248000,1,0.34924100,0.01276500
1628592228667000,0,0.02004200,0.01278316
1628592308569000,0,4.30225000,0.01278297
1628592367922000,1,4.29530697,0.01278549
1628592367922000,1,2.01348523,0.01278320
1628592367922000,1,1.37130532,0.01278319
1628592485195000,0,0.52000000,0.01281416
1628592485245000,1,1.09601000,0.01282000
1628592485401000,1,0.00000200,0.01282000
1628592668490000,0,0.14746188,0.01282000
1628592668490000,0,1.35253812,0.01282000
1628592685591000,0,0.93400757,0.01282000
1628592764399000,1,0.07900000,0.01280544
1628593082557000,0,0.11121700,0.01281844
1628593124561000,1,0.50181800,0.01280373
1628593236018000,0,0.02235800,0.01280000
1628593743907000,1,0.08115800,0.01279095
1628593766645000,0,0.04336200,0.01280573
1628593829797000,1,0.06775200,0.01278903
1628594088810000,1,0.89375700,0.01280318
1628594150469000,0,2.00851771,0.01282840
1628594150469000,0,4.28670887,0.01282841
1628594150469000,0,2.00811992,0.01283069
1628594150469000,0,3.67817550,0.01283613
1628594193060000,1,0.01804900,0.01281580
1628594470380000,1,0.05499400,0.01283373
1628594472919000,0,0.18701500,0.01284253
1628594567066000,0,0.17508140,0.01290000
1628594567414000,0,1.99776000,0.01290839
1628594567530000,0,0.00000225,0.01290839
1628594567530000,0,2.04212127,0.01290840
1628594567576000,0,0.13600000,0.01290840
1628594567582000,0,40.32187873,0.01290840
1628594567582000,0,2.19519773,0.01290999
1628594567931000,0,1.87239302,0.01291610
1628594806019000,0,1.98821000,0.01294558
1628594813810000,0,4.23782376,0.01295671
1628594813810000,0,8.48095578,0.01295877
1628594834722000,0,3.75159719,0.01295668
1628594834722000,0,1.50069022,0.01295668
1628594834722000,0,0.74771259,0.01295668
1628594851351000,0,1.02703461,0.01295657
1628594851351000,0,2.56754077,0.01295657
1628594851351000,0,6.67535462,0.01295657
1628594897490000,1,4.50000000,0.01294770
1628594941800000,0,0.19053358,0.01297991
1628594941800000,0,0.47633396,0.01297991
1628594941800000,0,1.23845246,0.01297991
1628594956127000,0,0.14743817,0.01297991
1628594979683000,0,4.22157943,0.01299888
1628595798197000,1,0.01979500,0.01296000
1628596133448000,1,0.44642729,0.01294202
1628596270552000,1,0.02518000,0.01294305
1628596336171000,1,0.01731600,0.01295581
1628596676781000,1,0.23035300,0.01294036
1628596823804000,0,0.04524000,0.01295237
1628596865721000,0,0.03252000,0.01296215
1628596865813000,1,0.11436900,0.01294657
1628596907873000,1,0.11475700,0.01293062
1628596925951000,1,4.25703893,0.01293588
1628596926944000,1,0.12333800,0.01293588
1628596927483000,1,3.73738619,0.01293588
1628596927991000,1,0.39631474,0.01293588
1628597014800000,1,0.08264700,0.01291911
1628597033249000,1,1.91720000,0.01291911
1628597036291000,1,0.00000768,0.01291911
1628597036291000,1,4.85217232,0.01291899
1628597080731000,1,2.00186873,0.01290845
1628597080731000,1,5.00482533,0.01290845
1628597080731000,1,8.52414796,0.01290841
1628597080731000,1,0.55623098,0.01290838
1628597658359000,0,0.01566300,0.01295725
1628598168481000,0,0.02000100,0.01295985
1628598205704000,0,1.50520265,0.01295985
1628598237978000,1,0.16483600,0.01297371
1628598276629000,0,0.02054600,0.01297000
1628598276629000,0,0.07992000,0.01297000
1628598290937000,0,0.14647499,0.01297371
1628598379381000,0,0.02377000,0.01296000
1628598395604000,0,0.29113000,0.01296000
1628598471252000,0,2.63263000,0.01298999
1628598471392000,0,0.00000689,0.01298999
1628598612726000,1,0.01611500,0.01297286
1628598658715000,1,0.04093300,0.01298254
1628598767905000,1,0.09507400,0.01296695
1628598884763000,0,0.52000000,0.01300431
1628598984134000,0,2.17993000,0.01300000
1628598984207000,0,0.00000100,0.01300000
1628599247571000,1,0.23797196,0.01300330
1628599282502000,0,0.02416500,0.01300000
1628599307542000,1,0.04689400,0.01299689
1628599406464000,1,0.13506500,0.01300272
1628599477578000,1,0.07461700,0.01301656
1628599479445000,1,0.11771800,0.01301656
1628599585792000,1,0.02855200,0.01300783
1628599775808000,0,0.04268600,0.01301000
1628599838978000,1,2.03973700,0.01300481
1628599926204000,0,0.04097700,0.01301000
1628599992391000,1,37.00000000,0.01299820
1628599992516000,1,0.30000000,0.01299820
1628600181399000,0,0.02290500,0.01298565
1628600353461000,1,0.38285600,0.01297784
1628600472123000,0,4.18146644,0.01301460
1628600472123000,0,8.37469605,0.01301573
1628600472123000,0,2.51542332,0.01301613
1628600472123000,0,2.50168528,0.01301802
1628600472123000,0,50.80352000,0.01302000
1628600472123000,0,43.25910017,0.01302000
1628600538487000,0,4.17368264,0.01304918
1628600538487000,0,1.00000000,0.01305000
1628600538487000,0,2.37533270,0.01305142
1628600587946000,1,0.04264900,0.01302706
1628600603363000,0,0.40931398,0.01305664
1628600603930000,0,5.00000000,0.01307295
1628600629882000,0,2.01924300,0.01308345
1628601133429000,0,0.02646664,0.01304266
1628601228966000,1,0.21627500,0.01306000
1628601393693000,1,0.01658400,0.01309000
1628601414868000,1,0.03920400,0.01310000
1628601465320000,0,1.47605000,0.01310150
1628601466303000,0,0.89372000,0.01310277
1628601544704000,1,0.03406334,0.01312312
1628601545214000,1,0.02554751,0.01312312
1628601693135000,1,1.13493200,0.01310024
1628601736812000,1,0.88470000,0.01311026
1628601827308000,0,1.90597800,0.01312069
1628602185392000,1,0.12809400,0.01306466
1628602251210000,0,0.01768000,0.01308000
1628602271851000,1,0.08561000,0.01308042
1628602315111000,1,1.45599744,0.01308753
1628602329729000,0,0.01775400,0.01309000
1628602401789000,1,0.74101300,0.01309564
1628602496877000,1,0.11300000,0.01311528
1628602532765000,0,0.66714400,0.01313844
1628602633114000,1,1.58339000,0.01316586
1628602633114000,1,0.75991287,0.01316585
1628602659533000,0,0.02671000,0.01315735
1628602680418000,0,0.03625100,0.01315000
1628602745091000,0,0.49816000,0.01314588
1628602893450000,1,22.44858000,0.01311561
1628602893735000,1,0.00000727,0.01311561
1628602907751000,1,1.32651739,0.01308262
1628602921076000,1,1.95335000,0.01307528
1628602921516000,0,0.93947100,0.01310000
1628602927656000,1,1.95575000,0.01305919
1628602927822000,1,2.50197574,0.01305920
1628602927822000,1,0.00000414,0.01305919
1628602928485000,1,1.96262407,0.01305584
1628602937575000,0,6.50000000,0.01305120
1628602937645000,0,4.50000000,0.01305120
1628602937893000,0,5.00000000,0.01305120
1628602938244000,0,5.00000000,0.01305120
1628602938321000,0,7.00000000,0.01305120
1628602938449000,0,5.00000000,0.01305120
1628602978328000,0,0.03902100,0.01304905
1628603009939000,1,4.20532000,0.01302438
1628603014978000,1,0.00000861,0.01302438
1628603202464000,1,4.94321000,0.01301775
1628603208107000,1,0.00000637,0.01301775
1628603209210000,1,5.97614000,0.01301432
1628603209262000,1,4.00000000,0.01301432
1628603209389000,1,2.87694000,0.01301432
1628603211088000,1,0.00000108,0.01301432
1628603316052000,1,0.15383600,0.01299921
1628603421925000,1,0.44077792,0.01300820
1628603469789000,0,0.02007900,0.01301000
1628603495770000,1,29.62306000,0.01302150
1628603495848000,1,8.00000000,0.01302150
1628603495979000,1,2.67694000,0.01302150
1628603637353000,0,0.03947200,0.01300387
1628603678928000,0,0.05829900,0.01300003
1628603812177000,0,1.50107000,0.01301530
1628603834243000,0,0.00000796,0.01301530
1628604095932000,0,0.01965000,0.01303040
1628604165980000,0,1.23761826,0.01302604
1628604179479000,0,0.02355600,0.01302604
1628604263108000,1,0.02152000,0.01303184
1628604270412000,1,1.97402201,0.01303185
1628604270412000,1,3.10533295,0.01303184
1628604910592000,0,0.19631800,0.01299445
1628605002124000,0,0.11776700,0.01301500
1628605044901000,0,0.03848000,0.01301500
1628605145528000,0,0.01613800,0.01300000
1628605192954000,1,0.04142100,0.01300684
1628605215382000,0,0.20300700,0.01302280
1628605254469000,0,0.06893813,0.01302269
1628605302060000,0,2.52572074,0.01302274
1628605311309000,1,1.97329550,0.01301240
1628605311309000,1,0.02570450,0.01301239
1628605374128000,1,1.97365000,0.01301095
1628605391451000,0,5.93579000,0.01301239
1628605392611000,0,0.00000926,0.01301239
1628605491339000,0,0.04535000,0.01302584
1628605621066000,0,0.50000000,0.01302584
1628605621066000,0,2.26636300,0.01302625
1628606110327000,1,0.01707700,0.01299160
1628606386350000,0,0.01573000,0.01300340
1628606411889000,1,1.28974000,0.01299476
1628606442412000,1,1.98310000,0.01298021
1628606630566000,1,0.10000000,0.01293104
1628606708949000,0,0.12119200,0.01294034
1628607709261000,1,0.21970000,0.01294413
1628607732401000,0,0.04095400,0.01294000
1628607922325000,0,0.03865300,0.01294256
1628608471085000,1,0.29744737,0.01291552
1628608572577000,0,0.34911800,0.01293220
1628608985931000,0,0.03127800,0.01294561
1628609216731000,0,6.53829000,0.01294561
1628609218433000,0,0.00000411,0.01294561
1628609772268000,1,0.02165700,0.01293394
1628609779259000,1,0.08316000,0.01293394
1628610522230000,0,0.11017500,0.01293923
1628610768674000,1,0.98384000,0.01294000
1628610769265000,1,0.00000500,0.01294000
1628610824002000,0,0.04701400,0.01293336
1628610942544000,0,0.11938000,0.01292831
1628610996835000,0,0.03983500,0.01292333
1628611040021000,0,2.00518575,0.01293727
1628611040021000,0,5.01327645,0.01293727
1628611040021000,0,2.43380733,0.01293728
1628611080880000,0,0.01991800,0.01292663
1628611270904000,1,4.27712194,0.01293626
1628611270904000,1,7.50173929,0.01293521
1628611422461000,0,0.05539700,0.01293317
1628611486951000,0,0.84000000,0.01293000
1628611528567000,0,0.02972600,0.01295398
1628611570691000,0,0.01987700,0.01295398
1628611607666000,0,0.08359500,0.01295494
1628611655581000,0,0.22079400,0.01294064
1628611677336000,0,2.39016100,0.01293051
1628612168774000,0,0.01996400,0.01293938
1628612508100000,0,0.03970700,0.01292534
1628612596394000,0,0.11083700,0.01292414
1628612827231000,0,0.10984600,0.01291535
1628612902294000,0,0.79841600,0.01290485
1628613113202000,1,4.32718591,0.01288321
1628613113202000,1,5.07177988,0.01288190
1628613113202000,1,50.02856000,0.01288000
1628613113202000,1,55.82013000,0.01288000
1628613113202000,1,55.60000000,0.01287710
1628613113202000,1,5.94662020,0.01287649
1628613117949000,1,4.33204914,0.01286808
1628613117949000,1,8.40551992,0.01286433
1628613120591000,1,2.60912535,0.01286301
1628613120591000,1,4.33361543,0.01286300
1628613120591000,1,6.04846618,0.01286063
1628613123314000,1,10.38208000,0.01286301
1628613123314000,1,2.35590896,0.01286300
1628613127772000,1,4.33971263,0.01285647
1628613127772000,1,2.47273779,0.01285450
1628613129850000,1,1.66441000,0.01284887
1628613129850000,1,2.61879807,0.01284868
1628613129850000,1,8.67942526,0.01284307
1628613132525000,1,7.68391280,0.01284307
1628613135869000,1,2.59066314,0.01284286
1628613135869000,1,4.34188197,0.01284248
1628613135869000,1,2.61478845,0.01284001
1628613135869000,1,2.59651235,0.01283510
1628613135869000,1,8.26611084,0.01283476
1628613138384000,1,3.05197930,0.01283406
1628613140726000,1,2.59729561,0.01283122
1628613140726000,1,2.62470977,0.01282734
1628613140726000,1,4.35020323,0.01282638
1628613140726000,1,2.63645869,0.01282540
1628613195221000,1,2.03784000,0.01285129
1628613288246000,0,2.65500000,0.01285000
1628613739694000,0,0.03905800,0.01287508
1628613813737000,1,1.36766201,0.01285392
1628613845081000,1,1.90632000,0.01285404
1628613909448000,1,0.02515200,0.01286001
1628613994096000,1,0.03777000,0.01287123
1628614058438000,1,0.02111600,0.01287587
1628614463115000,0,0.01906900,0.01287842
1628615014146000,0,0.08101800,0.01290064
1628615037999000,1,0.01906900,0.01287658
1628615080034000,0,0.02167900,0.01289673
1628615204556000,0,0.06136700,0.01289722
1628615289290000,0,0.02178600,0.01291594
1628615309929000,1,0.04477600,0.01289001
1628615456895000,0,0.02896500,0.01292584
1628615710806000,0,0.01665700,0.01289968
1628616175988000,0,0.12253200,0.01292437
1628616216938000,1,0.09155800,0.01291249
1628616449273000,1,3.95942700,0.01291351
1628616513206000,0,0.03328500,0.01292615
1628616600764000,1,0.04151000,0.01293242
1628616645566000,0,0.11968800,0.01292322
1628617004984000,0,1.47501000,0.01292322
1628617010213000,0,0.00000476,0.01292322
1628617816598000,0,8.77287000,0.01293554
1628617826122000,0,8.00000000,0.01293554
1628617826187000,0,6.52064000,0.01293554
1628617828047000,0,0.00000262,0.01293554
1628618875974000,1,0.04999000,0.01293343
1628618938538000,1,0.09279800,0.01293000
1628618959031000,0,0.03300600,0.01294848
1628619989887000,1,0.02080000,0.01292751
1628620539040000,0,0.30816400,0.01293980
1628620708187000,0,1.06879000,0.01292000
1628620713876000,0,0.00000200,0.01292000
1628621271046000,1,0.11876500,0.01292963
1628621444002000,1,0.05994000,0.01291358
1628621772727000,1,1.00000000,0.01295000
1628621799146000,1,0.02002200,0.01293002
1628621817128000,1,0.05895500,0.01293672
1628621942322000,0,1.80000000,0.01295073
1628622812661000,1,4.25568990,0.01292580
1628622812661000,1,1.99528877,0.01292111
1628622812661000,1,2.57454844,0.01292054
1628622812661000,1,4.98837177,0.01291728
1628622812661000,1,2.56790027,0.01291727
1628622812661000,1,8.51567750,0.01291541
1628622812661000,1,12.97245918,0.01291280
1628622812661000,1,2.54383925,0.01291279
1628622812661000,1,12.58622492,0.01291030
1628623063516000,1,4.25268656,0.01292237
1628623063516000,1,0.64584144,0.01292052
1628623631817000,1,1.99176358,0.01293393
1628623631817000,1,0.71579847,0.01293392
1628624108091000,0,0.09324400,0.01295494
1628625351201000,0,0.02188700,0.01298969
1628626146494000,1,1.97876000,0.01300331
1628626576661000,1,0.07881600,0.01301524
1628626735645000,1,1.23254300,0.01298673
1628627101327000,1,0.12370500,0.01297438
1628627679541000,0,0.07846300,0.01299000
1628628693548000,1,0.13945600,0.01300996
1628629766504000,0,1.47588000,0.01297367
1628629766601000,0,0.00000672,0.01297367
1628630263015000,0,4.21551906,0.01304499
1628630427309000,1,0.08224000,0.01300032
1628630573711000,0,0.09838600,0.01300000
1628630672310000,1,0.05200300,0.01299647
1628630925145000,1,1.02881967,0.01300699
1628631538197000,1,0.06614100,0.01302688
1628632291838000,0,2.44821604,0.01302688
1628632292204000,0,0.34916969,0.01302688
1628632292316000,0,0.16491350,0.01302688
1628632312611000,1,0.02361000,0.01303455
1628632704501000,0,0.64974082,0.01307637
1628632733774000,1,1.62780100,0.01306239
1628632742537000,1,0.33261487,0.01306239
1628632742537000,1,4.90012513,0.01306239
1628632773021000,1,0.42251000,0.01305073
1628632890842000,1,0.02711900,0.01305424
1628633031690000,0,0.54166676,0.01307523
1628633411982000,1,0.54633800,0.01303762
1628633536434000,1,1.40000000,0.01303646
1628633809396000,0,1.13867100,0.01304974
1628634325625000,0,1.02470000,0.01304000
1628634338333000,0,0.00000200,0.01304000
1628634417690000,1,0.02250000,0.01303278
1628634819728000,1,0.02547200,0.01302716
1628635082974000,1,1.90000000,0.01300739
1628635341914000,1,0.03306700,0.01300106
1628635406284000,0,0.03219300,0.01302081
1628635773111000,0,4.36744000,0.01300000
1628635778830000,0,0.00000514,0.01300000
1628635827916000,1,0.03260400,0.01300060
1628636521365000,0,0.02412100,0.01302249
1628636583795000,0,0.03942000,0.01302249
1628636583995000,0,0.22736100,0.01302249
1628636750139000,0,0.09880300,0.01303029
1628637024845000,1,4.22744716,0.01302224
1628637024907000,0,1.62854000,0.01302224
1628637024921000,0,0.00000945,0.01302224
1628637064241000,0,0.20687300,0.01303956
1628637262106000,1,0.13425000,0.01301656
1628637283878000,1,1.01142500,0.01301654
1628637294224000,1,0.10292400,0.01301256
1628637778049000,1,0.02011800,0.01300001
1628638261133000,1,0.02500900,0.01299939
1628638510167000,0,0.15791400,0.01302416
1628638639323000,0,0.24310000,0.01302882
1628638788025000,0,0.24319400,0.01300704
1628638959435000,1,5.15360000,0.01301000
1628639146462000,1,0.02814500,0.01298361
1628639394947000,0,0.01531443,0.01299428
1628639400807000,0,0.07946800,0.01299428
1628640159058000,0,4.21766122,0.01300257
1628640159058000,0,1.98027498,0.01300585
1628640159058000,0,2.43182908,0.01300586
1628640456920000,0,0.02296000,0.01303270
1628640783435000,0,4.21262059,0.01302124
1628640783435000,0,4.46863387,0.01302455
1628640789857000,0,4.21262059,0.01302124
1628640789857000,0,3.95690886,0.01302455
1628640789857000,0,2.49524784,0.01302494
1628640789857000,0,4.85269263,0.01302845
1628640812739000,1,0.78590000,0.01300256
1628640924087000,0,0.04101000,0.01301000
1628641960891000,1,1.00000000,0.01301006
1628642148084000,0,4.20705620,0.01301691
1628642148084000,0,1.97014810,0.01302308
1628642148084000,0,8.41204286,0.01302309
1628642148084000,0,4.92400822,0.01302464
1628642148084000,0,2.53247431,0.01302465
1628642148084000,0,12.80062727,0.01302835
1628642148084000,0,2.51805815,0.01302836
1628642148084000,0,47.92049000,0.01303000
1628642148084000,0,8.39552575,0.01303022
1628642148084000,0,2.54088755,0.01303280
1628642148084000,0,36.18143889,0.01303410
1628642252849000,0,0.07859400,0.01302308
1628642470583000,1,0.02106800,0.01301503
1628642510866000,1,0.20777900,0.01301900
1628642552767000,1,1.20000000,0.01305000
1628642568145000,0,1.96628609,0.01305093
1628642568145000,0,0.83216137,0.01305093
1628642638809000,0,0.92733100,0.01304640
1628642765014000,0,0.01567600,0.01305283
1628643006641000,1,1.00000000,0.01306848
1628643435550000,1,4.18594854,0.01306250
1628643435550000,1,8.36534883,0.01305859
1628643435550000,1,1.96233499,0.01305645
1628643435550000,1,2.54854403,0.01305644
1628643435550000,1,1.96302595,0.01305247
1628643435550000,1,4.90606181,0.01305247
1628643435550000,1,2.52028950,0.01305246
1628643435550000,1,47.12304499,0.01305230
1628643625380000,0,5.00000000,0.01306712
1628643995934000,0,2.39758408,0.01308484
1628644474976000,0,4.17988867,0.01310311
1628644474976000,0,8.36334687,0.01310385
1628644474976000,0,1.95855099,0.01310693
1628644474976000,0,2.51887139,0.01310694
1628644474976000,0,4.89615424,0.01310819
1628644474976000,0,1.37421324,0.01310820
1628644474976000,0,2.52297535,0.01311019
1628644474976000,0,2.47644752,0.01311086
1628644474976000,0,3.23879173,0.01311087
1628644593806000,0,0.02244200,0.01309000
1628644721500000,1,0.01998000,0.01310539
1628645254283000,1,0.02257000,0.01308989
1628645308049000,1,2.00189600,0.01309367
1628646370279000,0,0.01952700,0.01307028
1628646558745000,1,0.02104200,0.01305036
1628646719340000,0,2.61438000,0.01306636
1628646719495000,0,0.00000756,0.01306636
1628647055100000,0,4.11477000,0.01309900
1628647055583000,0,0.00000091,0.01309900
1628647128315000,1,1.95088000,0.01312001
1628647128578000,1,4.87774000,0.01311493
1628647179328000,0,0.48013000,0.01315000
1628647281892000,0,0.90548000,0.01311000
1628647521273000,1,10.77465000,0.01308846
1628647527201000,1,0.00000017,0.01308846
1628647713619000,1,4.16519900,0.01306597
1628647713619000,1,1.05261300,0.01306428
1628647734791000,1,0.01924300,0.01306597
1628648059308000,0,4.16575684,0.01309510
1628648059367000,1,0.83424316,0.01309510
1628648097831000,1,15.00000000,0.01308748
1628648097899000,1,7.86724000,0.01308748
1628648098022000,1,1.94256000,0.01308748
1628648123327000,1,0.00000702,0.01308748
1628648201578000,0,4.50000000,0.01308748
1628648204631000,0,1.33419000,0.01308748
1628648407362000,1,4.50000000,0.01307442
1628648407414000,1,2.26776000,0.01307442
1628648407609000,1,0.00000428,0.01307442
1628648726025000,0,0.15830300,0.01307663
1628649012696000,1,0.63597060,0.01304848
1628649012696000,1,1.16402940,0.01304491
1628649835486000,1,0.04080300,0.01305326
1628649898319000,1,0.04362600,0.01304347
1628649982530000,0,0.04646100,0.01306566
1628650213369000,1,0.06582400,0.01304000
1628650480526000,1,1.97520624,0.01305439
1628650480526000,1,4.20788919,0.01305438
1628650480526000,1,2.53944257,0.01305305
1628650594720000,0,4.58230000,0.01306566
1628650614361000,0,0.00000626,0.01306566
1628651036589000,0,0.05243100,0.01306967
1628651057088000,0,0.32814600,0.01306966
1628651610652000,1,0.44291040,0.01307699
1628651622207000,0,1.27148000,0.01308482
1628651622445000,0,0.00000493,0.01308482
1628651641245000,0,0.00000218,0.01308748
1628651777486000,1,0.21232600,0.01308367
1628652075871000,1,0.08370700,0.01309140
1628652526180000,1,0.03829700,0.01309185
1628652695985000,1,0.09109000,0.01310372
1628652823041000,1,1.95820000,0.01311492
1628652829670000,1,0.00000462,0.01311492
1628652845921000,1,0.05849000,0.01309622
1628653323509000,0,1.96525082,0.01309240
1628653323509000,0,6.36320923,0.01309241
1628653841085000,1,0.01922400,0.01308227
1628654167927000,1,1.82119000,0.01308227
1628654347972000,1,0.05808600,0.01308468
1628654581836000,1,0.02206000,0.01309582
1628654767538000,1,0.00000068,0.01308227
1628654767538000,1,1.08011932,0.01308227
1628654800514000,1,0.00000622,0.01308227
1628655722211000,1,0.11470900,0.01308311
1628655960609000,1,2.94737831,0.01310057
1628656192876000,0,0.56614400,0.01310000
1628656217628000,1,0.18065000,0.01309415
1628656395751000,0,1.96043000,0.01310653
1628656405285000,1,5.00000000,0.01309097
1628656412807000,1,13.53963000,0.01308227
1628656412971000,1,0.00000459,0.01308227
1628656414243000,1,0.21206000,0.01307000
1628656414449000,1,0.00000282,0.01307000
1628656656483000,1,0.05496200,0.01302292
1628656760146000,0,0.03865800,0.01305858
1628656864445000,1,0.15569100,0.01304361
1628656943761000,1,0.32359000,0.01306000
1628656958893000,1,0.01857000,0.01304071
1628657072665000,1,0.11139800,0.01303667
1628657186015000,1,0.02879500,0.01302237
1628657260276000,1,0.03907500,0.01305000
1628657342280000,0,0.03906200,0.01306227
1628657699004000,0,1.96659000,0.01304768
1628657739099000,0,0.08972400,0.01307065
1628657823720000,0,0.97587200,0.01306509
1628658066392000,0,0.19514600,0.01305762
1628658422043000,1,0.01543600,0.01306064
1628658476241000,0,0.21206282,0.01308000
1628658479234000,1,0.05454100,0.01307752
1628658800803000,0,0.01796600,0.01305000
1628658828784000,1,4.19357404,0.01305696
1628658828784000,1,1.96509288,0.01305284
1628658828784000,1,2.48516106,0.01305283
1628658828784000,1,4.91331249,0.01305037
1628658828784000,1,6.44285953,0.01305036
1628658844682000,0,0.02323700,0.01307459
1628658846844000,1,1.96497256,0.01305697
1628658846844000,1,4.19357404,0.01305696
1628658846844000,1,0.56558740,0.01305335
1628659427171000,1,0.03000000,0.01308541
1628659529877000,0,5.90000000,0.01309933
1628659573205000,1,0.13466000,0.01310182
1628660373759000,0,0.00000124,0.01315000
1628660373759000,0,1.45629876,0.01315000
1628660408118000,1,0.05201500,0.01314428
1628660428855000,1,0.03446700,0.01314429
1628660545536000,0,0.00000178,0.01315000
1628660551379000,0,0.36663000,0.01314000
1628660551504000,0,0.00000300,0.01314000
1628661026878000,0,0.75139600,0.01310433
1628661337935000,0,1.29299753,0.01311894
1628661519776000,0,1.92042400,0.01312379
1628661556699000,0,0.03881400,0.01311878
1628661577561000,1,0.31741000,0.01310036
1628661629301000,0,1.29860000,0.01316105
1628661640350000,1,0.11623900,0.01314208
1628661722867000,1,1.94307000,0.01313553
1628661727573000,1,5.34870000,0.01313000
1628661727655000,1,20.00000000,0.01313000
1628661727711000,1,12.00000000,0.01313000
1628661727770000,1,9.00000000,0.01313000
1628661727833000,1,6.00000000,0.01313000
1628661731656000,1,7.93766000,0.01313000
1628661870354000,1,0.01928600,0.01315140
1628661975831000,0,1.07208700,0.01319992
1628662079211000,1,0.02006300,0.01319439
1628662095482000,0,4.04156201,0.01322177
1628662254591000,1,0.12264400,0.01323320
1628662287461000,1,3.15725000,0.01323320
1628662289709000,1,0.00000666,0.01323320
1628662289709000,1,3.28094334,0.01322894
1628662342702000,0,1.93067000,0.01323860
1628662388734000,0,1.92834000,0.01325479
1628662430937000,0,4.11336295,0.01327271
1628662430937000,0,2.42999798,0.01327340
1628662430937000,0,8.22642789,0.01327446
1628662430937000,0,2.10311094,0.01327865
1628662440521000,0,4.02644747,0.01328707
1628662512755000,1,0.20300000,0.01326419
1628662512773000,1,1.72103642,0.01326419
1628662513346000,1,0.42828456,0.01324966
1628662605426000,0,1.06663300,0.01325434
1628662626392000,0,0.10666300,0.01323760
1628662647442000,0,0.21268900,0.01325776
1628662668211000,1,0.02200300,0.01324267
1628662794692000,0,0.07915000,0.01323863
1628662821218000,1,1.93203488,0.01321473
1628662821218000,1,0.20241191,0.01321472
1628662830011000,0,0.01820300,0.01322000
1628662857467000,1,0.03887000,0.01322540
1628662899591000,0,0.56882000,0.01324543
1628662903831000,0,1.92800000,0.01324849
1628662942416000,1,0.05555500,0.01324793
1628662985962000,1,0.05381900,0.01324793
1628662987213000,1,0.02220200,0.01324793
1628663016795000,1,1.08481000,0.01324793
1628663050404000,1,0.02993100,0.01325209
1628663064720000,1,2.13755000,0.01324793
1628663065070000,1,0.00000893,0.01324793
1628663070133000,1,2.09783000,0.01324344
1628663105923000,1,0.00000058,0.01324344
1628663105923000,1,0.12941707,0.01322589
1628663177020000,0,0.02124700,0.01324891
1628663179208000,0,0.26902197,0.01324891
1628663221085000,1,0.47836000,0.01323166
1628663325749000,0,4.09916449,0.01325394
1628663325749000,0,1.57785951,0.01325517
1628663328186000,1,1.00000000,0.01325000
1628663474749000,1,0.02903800,0.01323641
1628663508958000,1,1.15820000,0.01323641
1628663517256000,0,0.05324400,0.01324125
1628663517393000,1,0.00000185,0.01323641
1628663980858000,0,2.42878894,0.01328168
1628664097213000,0,0.40876946,0.01326185
1628664097213000,0,0.33018554,0.01326326
1628664141202000,0,0.41069311,0.01325327
1628664141202000,0,0.10009389,0.01326117
1628664141718000,0,0.99280000,0.01325326
1628664161537000,0,1.72311900,0.01326338
1628664291271000,1,0.99688000,0.01325000
1628664314119000,0,0.07469300,0.01326524
1628664325971000,1,0.00000500,0.01325000
1628664325971000,1,0.11550500,0.01325000
1628664326127000,1,0.00000700,0.01325000
1628664332742000,0,0.21235600,0.01325270
1628664353797000,0,0.03233900,0.01324699
1628664525851000,1,0.74642000,0.01324000
1628664533785000,1,0.00000900,0.01324000
1628664547655000,0,0.22038400,0.01324206
1628664569443000,0,0.01915800,0.01324133
1628664569633000,0,0.02633500,0.01324133
1628664653587000,1,0.15477700,0.01324000
1628664677115000,0,0.07874000,0.01324417
1628664698026000,0,0.10379000,0.01324389
1628664762599000,0,0.31848900,0.01324619
1628664827655000,0,0.26988300,0.01327863
1628664933479000,0,0.10570500,0.01327509
1628664954751000,0,0.05455000,0.01326584
1628664977163000,0,1.05346500,0.01326990
1628664992202000,1,0.10248500,0.01324397
1628665006551000,0,1.91510000,0.01327000
1628665014202000,1,11.44844000,0.01328000
1628665033666000,1,0.00000600,0.01328000
1628665064699000,0,0.01906300,0.01327508
1628665132040000,1,0.20000000,0.01324637
1628665151867000,0,0.01510300,0.01327766
1628665152057000,0,0.05251600,0.01327769
1628665370975000,0,0.09008400,0.01327138
1628665391999000,1,0.03996400,0.01324448
1628665438874000,0,1.91021646,0.01326673
1628665438874000,0,4.77555175,0.01326760
1628665438874000,0,2.46013246,0.01326761
1628665438874000,0,1.45965133,0.01327137
1628665503185000,1,0.52784000,0.01326000
1628665529354000,1,0.00000800,0.01326000
1628665656246000,1,0.09461400,0.01326000
1628665656932000,0,0.02565900,0.01326109
1628665700221000,0,0.05585900,0.01325468
1628665755393000,1,9.79481000,0.01325468
1628665809922000,1,0.00000207,0.01325468
1628665809922000,1,0.16658993,0.01323307
1628665833009000,0,0.37894000,0.01326007
1628665895508000,1,0.27782800,0.01324284
1628665917179000,0,0.81405141,0.01325549
1628665917179000,0,0.27712159,0.01325953
1628665960875000,0,0.81449762,0.01325107
1628665960875000,0,0.19876938,0.01325623
1628666116861000,1,0.02636600,0.01325000
1628666198796000,1,0.02198600,0.01323623
1628666202434000,1,0.99280000,0.01324386
1628666222474000,0,0.04961000,0.01325636
1628666265468000,1,0.05008000,0.01322728
1628666265668000,0,0.04731900,0.01324673
1628666268044000,0,0.07376000,0.01324673
1628666289669000,0,0.03815100,0.01324810
1628666362815000,0,1.25000000,0.01324000
1628666484965000,1,0.22712000,0.01324000
1628666485210000,1,0.00000700,0.01324000
1628666569138000,1,0.07221100,0.01322966
1628666636697000,0,0.21584300,0.01326247
1628666646450000,1,0.07660600,0.01326000
1628666832068000,0,0.36909200,0.01324765
1628666877463000,0,0.11444600,0.01324393
1628666877823000,1,0.02633500,0.01322519
1628666878007000,1,0.03296800,0.01322519
1628666921368000,0,1.00488500,0.01324572
1628667010344000,1,0.45788900,0.01323897
1628667030625000,0,0.19532300,0.01325026
1628667117776000,1,0.52681000,0.01325000
1628667118055000,1,0.00000600,0.01325000
1628667161320000,1,0.64096500,0.01322802
1628667204491000,0,0.04917800,0.01325179
1628667355800000,0,0.02898900,0.01324839
1628667400030000,1,0.07689600,0.01322154
1628667404480000,1,0.13908900,0.01322155
1628667443072000,1,0.02371800,0.01322155
1628667465930000,0,0.05271100,0.01324157
1628667532928000,1,0.05350900,0.01322114
1628667619951000,0,0.16046600,0.01324071
1628667705309000,0,0.05745300,0.01323639
1628667768883000,0,0.02496700,0.01323609
1628667796553000,1,0.85951000,0.01321193
1628667919602000,0,0.04325000,0.01322171
1628667963682000,0,0.01572700,0.01321838
1628667986921000,0,1.57461100,0.01321613
1628668073886000,1,0.02441200,0.01318594
1628668090802000,1,0.14795400,0.01318687
1628668107926000,0,0.14795400,0.01321495
1628668160965000,1,0.02358100,0.01318801
1628668183639000,0,0.09581400,0.01321382
1628668225825000,1,0.01603600,0.01317793
1628668226005000,0,0.04056400,0.01320255
1628668270199000,0,0.38368800,0.01320199
1628668335473000,0,0.81919820,0.01320256
1628668335473000,0,1.09563980,0.01320458
1628668335577000,1,0.02258700,0.01318018
1628668335821000,0,0.17959000,0.01320523
1628668399362000,0,0.01587800,0.01319712
1628668420909000,1,0.01603800,0.01317856
1628668616911000,1,0.04077400,0.01317033
1628668617050000,0,0.81758226,0.01319146
1628668617050000,0,0.15446574,0.01319193
1628668659528000,0,0.13164900,0.01318746
1628668730610000,0,0.04175000,0.01317000
1628668818270000,0,0.01522600,0.01317000
1628668861846000,1,0.97055482,0.01315000
1628668947305000,1,1.91351305,0.01313882
1628668947305000,1,4.08535838,0.01313881
1628668947305000,1,7.97005157,0.01313805
1628669087897000,0,0.81728734,0.01317086
1628669087897000,0,0.13834666,0.01317420
1628669107818000,0,0.01794000,0.01317139
1628669196104000,0,0.03825800,0.01317523
1628669244461000,1,0.15837100,0.01317000
1628669282360000,0,0.15851700,0.01317072
1628669304938000,0,0.02221400,0.01317059
1628669369523000,0,0.03177400,0.01316999
1628669398805000,0,0.38273200,0.01316999
1628669521754000,0,0.05059200,0.01316915
1628669543199000,0,0.01913900,0.01316915
1628669597796000,0,0.18695500,0.01316913
1628669650452000,0,1.73620887,0.01316913
1628669650452000,0,7.06063686,0.01317579
1628669695791000,0,0.02641400,0.01317309
1628669738732000,0,0.21163200,0.01316687
1628669826258000,1,0.01578000,0.01315247
1628669846729000,1,2.19682251,0.01315247
1628669963366000,1,5.00000000,0.01315757
1628669963794000,1,1.03200000,0.01314518
1628670028167000,0,0.31732400,0.01315835
1628670035884000,1,1.92977000,0.01313064
1628670122132000,1,1.07657300,0.01312000
1628670165560000,0,1.93563575,0.01314918
1628670165560000,0,1.90261625,0.01314918
1628670204280000,1,0.05777400,0.01312056
1628670311862000,1,0.02283000,0.01312844
1628670551462000,0,1.15977193,0.01314084
1628670619227000,0,0.03819300,0.01314898
1628670619333000,0,0.02335500,0.01314898
1628670652981000,1,0.05299900,0.01315000
1628670671516000,0,1.15785300,0.01315341
1628670673279000,1,3.70068486,0.01313294
1628670877164000,0,4.12480382,0.01315517
1628670877224000,1,0.48994394,0.01315517
1628670940874000,1,0.73904164,0.01313546
1628670993497000,0,0.51000000,0.01315860
1628670993497000,0,1.60807900,0.01315950
1628671016230000,1,0.03732000,0.01313681
1628671061952000,1,0.06042700,0.01313630
1628671083166000,0,0.03172900,0.01315950
1628671136771000,0,0.07687100,0.01315949
1628671143299000,0,0.03012500,0.01315950
1628671175244000,1,0.68063518,0.01314648
1628671347326000,1,0.05518000,0.01315163
1628671369229000,0,4.81990600,0.01315950
1628671373720000,0,0.86366795,0.01315950
1628671414702000,0,4.97588000,0.01315950
1628671414906000,0,0.00000514,0.01315950
1628671422217000,0,0.64186200,0.01317832
1628671611317000,0,1.92673279,0.01316880
1628671611317000,0,4.11385143,0.01316881
1628671611317000,0,0.51000000,0.01317245
1628671611317000,0,4.81566343,0.01317274
1628671611317000,0,3.96226235,0.01317275
1628671632904000,1,1.00309000,0.01315187
1628671743707000,1,0.05400400,0.01314889
1628671794717000,0,4.11259981,0.01316552
1628671794717000,0,0.73684660,0.01316879
1628672025461000,1,0.52000000,0.01314889
1628672096202000,1,0.02335000,0.01316051
1628672364475000,0,1.92055580,0.01320076
1628672388912000,1,0.52000000,0.01318580
1628672402723000,1,0.04708300,0.01318580
1628672437905000,1,0.10121792,0.01318580
1628672445726000,1,0.01998700,0.01316916
1628672522323000,1,5.85130000,0.01316916
1628672665606000,1,0.02203400,0.01317915
1628672671862000,1,4.07572830,0.01317915
1628672671862000,1,2.46037097,0.01317691
1628672671862000,1,2.06258858,0.01317338
1628672952790000,1,0.11427000,0.01319514
1628673019801000,1,0.02203700,0.01318243
1628673034997000,1,0.12988900,0.01318243
1628673041184000,1,0.02994200,0.01318243
1628673062817000,0,0.05288600,0.01319934
1628673063207000,0,0.06899000,0.01318000
1628673129353000,0,1.05879600,0.01319933
1628673187928000,1,0.24765200,0.01318929
1628673358190000,0,2.31332570,0.01319103
1628673370793000,1,0.50000000,0.01317575
1628673391764000,1,0.03483000,0.01317575
1628673681594000,1,0.05377700,0.01315000
1628673726117000,0,0.01922500,0.01315103
1628673754631000,0,0.07689800,0.01314790
1628673857910000,0,0.02113000,0.01315635
1628673922406000,0,0.02602600,0.01315235
1628673965063000,1,1.00000000,0.01313779
1628674011757000,0,0.07425900,0.01314865
1628674054673000,0,0.18177800,0.01315749
1628674060507000,0,0.46132600,0.01315261
1628674101043000,0,0.38444500,0.01315266
1628674229075000,0,0.05301500,0.01315266
1628674274005000,0,0.41208100,0.01315266
1628674492618000,0,0.01881800,0.01315266
1628674581629000,1,0.10597300,0.01316000
1628674582696000,0,24.41311300,0.01315266
1628674601627000,1,0.10771000,0.01315883
1628674623532000,1,0.04560000,0.01316772
1628674658316000,0,0.05041800,0.01316000
1628674688989000,0,0.05188800,0.01319574
1628674937298000,1,0.47710700,0.01317383
1628675120678000,0,0.01909900,0.01319620
1628675156699000,0,0.38206600,0.01320101
1628675187183000,1,0.03331700,0.01318377
1628675231617000,1,0.11155900,0.01320000
1628675386221000,1,0.04219500,0.01318506
1628675430862000,1,0.22736100,0.01318057
1628675627473000,1,0.03226000,0.01319423
1628675697173000,1,0.05278600,0.01322000
1628675760645000,1,0.02235200,0.01321603
1628675804013000,0,0.05259400,0.01323443
1628675978652000,0,0.03160800,0.01323731
1628676027865000,0,0.41955200,0.01323736
1628676048983000,0,0.18266790,0.01323735
1628676065595000,1,0.10541600,0.01324000
1628676235660000,1,0.23385100,0.01328000
1628676436933000,0,0.05424200,0.01324698
1628676506733000,1,0.01904900,0.01324001
1628676573203000,0,1.41767000,0.01323161
1628676649225000,1,0.27480100,0.01321182
1628676755694000,0,0.10640300,0.01322627
1628676776427000,0,0.52743100,0.01322638
1628676797533000,0,0.01904800,0.01322235
1628676797734000,0,0.02108500,0.01322235
1628676861446000,1,0.11362500,0.01320596
1628676938079000,1,4.09589582,0.01320596
1628676938079000,1,0.18392794,0.01320499
1628676956165000,0,4.09499840,0.01321856
1628676956217000,1,27.00000000,0.01321856
1628676956238000,1,4.09499840,0.01321856
1628676956384000,1,4.22448000,0.01321856
1628676956397000,1,0.00000242,0.01321856
1628676989749000,1,0.03089600,0.01320465
1628677024173000,1,9.76215483,0.01320000
1628677032256000,1,4.09596671,0.01320113
1628677032256000,1,4.33040706,0.01320000
1628677044790000,1,0.19083900,0.01322000
1628677114790000,1,1.91827455,0.01320132
1628677114790000,1,4.09592632,0.01320131
1628677114853000,0,1.12357697,0.01320131
1628677130135000,0,0.38129200,0.01322000
1628677156000000,1,2.43330205,0.01320146
1628677156000000,1,4.09042331,0.01320145
1628677156000000,1,0.76502570,0.01320134
1628677160140000,1,0.25505577,0.01320592
1628677162669000,0,0.45100000,0.01322000
1628677163481000,1,0.02196600,0.01320592
1628677185577000,0,0.00000800,0.01322000
1628677185577000,0,3.49999200,0.01322485
1628677191061000,0,1.35371000,0.01322485
1628677280339000,1,0.26587957,0.01320513
1628677302377000,0,0.11389100,0.01323000
1628677330643000,0,4.50000000,0.01323000
1628677330818000,0,4.50000000,0.01323000
1628677330886000,0,4.88610000,0.01323000
1628677401147000,1,1.42845543,0.01321429
1628677414406000,0,0.00000900,0.01323000
1628677414406000,0,0.38070400,0.01323304
1628677768962000,0,2.88425603,0.01320339
1628677769015000,1,20.00000000,0.01320339
1628677769033000,1,2.88425603,0.01320339
1628677769181000,1,6.50000000,0.01320339
1628677769217000,1,6.47131248,0.01320339
1628677785350000,1,0.08367500,0.01317637
1628677830780000,1,1.92622749,0.01320001
1628677830780000,1,4.81577251,0.01320001
1628677836750000,1,0.07647900,0.01320000
1628677870335000,1,0.71853000,0.01318664
1628677870695000,1,0.71392883,0.01318664
1628677876909000,1,4.59064238,0.01318240
1628677876909000,1,2.46022095,0.01316916
1628677876909000,1,0.10053472,0.01316506
1628677910616000,1,4.81552752,0.01318783
1628677969008000,1,1.60236829,0.01314074
1628677996378000,1,1.92716920,0.01314987
1628677996378000,1,4.81813931,0.01314987
1628677996378000,1,10.04815737,0.01314943
1628677996378000,1,3.27873596,0.01314409
1628678005469000,0,0.02383100,0.01316750
1628678053470000,1,0.09651600,0.01317000
1628678061450000,1,0.30000000,0.01316130
1628678068210000,1,0.21843100,0.01316130
1628678189714000,1,2.17117961,0.01316040
1628678261543000,1,0.01597500,0.01317008
1628678261745000,0,0.02114600,0.01319120
1628678368307000,1,0.01693200,0.01315936
1628678370259000,1,0.56026800,0.01315936
1628678440148000,0,5.19630000,0.01315936
1628678531740000,1,2.90723511,0.01315814
1628678640508000,1,0.01921900,0.01315792
1628678668112000,0,0.76578900,0.01317999
1628678724198000,0,0.22076100,0.01317667
1628678789117000,0,0.07116400,0.01318996
1628678983560000,1,0.07280000,0.01317593
1628678983810000,1,0.11183000,0.01317593
1628679141803000,1,4.11570736,0.01316985
1628679141879000,0,0.23916022,0.01316985
1628679189348000,1,0.07964100,0.01317430
1628679384182000,1,0.04278900,0.01317577
1628679552170000,1,0.43556716,0.01316927
1628679659502000,1,0.52950900,0.01316955
1628679662064000,1,3.58977603,0.01316955
1628679662221000,0,3.68271820,0.01316927
1628679767219000,1,0.06000000,0.01317454
1628679876698000,1,0.01524600,0.01317549
1628679914197000,1,0.06697400,0.01317341
1628679943896000,0,0.85467598,0.01317341
1628680024043000,1,0.21410000,0.01317375
1628680240093000,1,0.01550900,0.01318216
1628680502839000,1,1.43156593,0.01321037
1628680621303000,0,5.99900000,0.01322000
1628680699311000,1,0.23288700,0.01321752
1628680722982000,1,1.00002939,0.01321752
1628680855365000,0,0.07375300,0.01323272
1628680914822000,0,4.09148452,0.01323256
1628680914874000,1,10.64912000,0.01323256
1628680914883000,1,0.00000254,0.01323256
1628680919067000,0,0.01580000,0.01322578
1628680939988000,0,0.01902700,0.01322578
1628681053470000,1,0.03193200,0.01319903
1628681137565000,1,0.07375300,0.01320186
1628681242772000,0,0.21129000,0.01322000
1628681278164000,1,1.84654626,0.01320186
1628681278164000,1,0.45788799,0.01320091
1628681497329000,1,0.20000000,0.01319700
1628681540809000,0,0.52786800,0.01321285
1628681627024000,1,0.01787400,0.01319700
1628681669742000,0,0.39577800,0.01321285
1628681929266000,0,0.01902800,0.01321530
1628681950547000,1,0.02732700,0.01319638
1628681987958000,0,0.37982900,0.01320350
1628682079007000,0,0.02051700,0.01321678
1628682100231000,1,0.05937300,0.01319717
1628682134673000,0,0.19048600,0.01321000
1628682180133000,0,0.10288900,0.01321908
1628682249961000,1,0.08956600,0.01319927
1628682364509000,1,1.15297313,0.01319927
1628682364509000,1,3.12742687,0.01319927
1628682364631000,1,1.00000000,0.01319927
1628682411782000,0,0.01986000,0.01319000
1628682435381000,1,1.92409244,0.01318602
1628682435381000,1,4.34363795,0.01318602
1628682505990000,0,0.52975100,0.01319703
1628682520227000,1,3.43729000,0.01318601
1628682580873000,1,0.00000600,0.01318601
1628682588446000,0,1.09999000,0.01318601
1628682591178000,0,0.00000400,0.01318601
1628682591178000,0,0.03838800,0.01320000
1628682692699000,1,0.60631065,0.01317172
1628682692699000,1,1.39368935,0.01317172
1628682698848000,1,1.49353415,0.01317172
1628682800097000,1,0.05735300,0.01316413
1628682811181000,1,0.25345002,0.01315488
1628683039706000,0,0.60684200,0.01316797
1628683223015000,1,0.01554700,0.01315476
1628683235682000,0,1.46370000,0.01316797
1628683243674000,1,0.06171900,0.01316808
1628683348883000,1,0.01750100,0.01315797
1628683348991000,0,0.63831000,0.01317500
1628683488828000,1,1.93556219,0.01315860
1628683489092000,1,2.58379672,0.01315860
1628683489147000,1,0.30482414,0.01315860
1628683489147000,1,0.11372976,0.01315860
1628683489353000,1,0.44200000,0.01315860
1628683490813000,1,1.37385678,0.01315860
1628683490813000,1,8.78077917,0.01315860
1628683504951000,1,5.00000000,0.01314625
1628683504951000,1,1.59152000,0.01314613
1628683504951000,1,3.19179036,0.01314611
1628683543035000,1,0.05395600,0.01315906
1628683605698000,0,0.11147200,0.01317000
1628683647161000,1,0.09544400,0.01315585
1628683688730000,0,0.10655500,0.01317000
1628683877314000,0,0.05772400,0.01316600
1628683898553000,1,0.93364800,0.01315071
1628684089922000,0,0.10534400,0.01315071
1628684155315000,0,0.01926400,0.01315071
1628684196409000,0,9.33730000,0.01315071
1628684196947000,0,0.53909000,0.01315071
1628684215008000,0,0.00000200,0.01315071
1628684222812000,1,0.84889701,0.01315485
1628684255656000,0,0.96288800,0.01316870
1628684283176000,0,0.10556100,0.01317000
1628684387765000,1,0.07122000,0.01315509
1628684450691000,0,0.03366400,0.01317000
1628684538277000,1,0.01770000,0.01315893
1628684538378000,1,0.35000600,0.01315893
1628684750303000,1,0.05310100,0.01316289
1628685017359000,0,0.99900000,0.01316000
1628685104335000,1,0.02554700,0.01316980
1628685185330000,0,0.03194600,0.01317738
1628685237585000,0,0.30681100,0.01317757
1628685270950000,1,0.02220700,0.01316496
1628685290090000,1,1.92832798,0.01316906
1628685290090000,1,4.82103645,0.01316906
1628685290090000,1,0.38482557,0.01316906
1628685290143000,1,6.40955000,0.01316906
1628685291689000,0,0.02538600,0.01317000
1628685585009000,1,1.93022136,0.01317706
1628685585009000,1,2.06977864,0.01317706
1628685611335000,0,0.02298800,0.01319000
1628685718571000,0,0.06826200,0.01318000
1628685783041000,0,0.10444600,0.01318000
1628685805363000,0,0.03949300,0.01318000
1628685975941000,1,0.06393700,0.01317365
1628686039640000,0,0.07662800,0.01319000
1628686106941000,0,0.03431400,0.01318127
1628686115019000,0,4.09065906,0.01318127
1628686115071000,1,0.66066000,0.01318127
1628686115079000,1,0.00000380,0.01318127
1628686119023000,1,0.03112858,0.01316348
1628686234589000,0,1.07256200,0.01318996
1628686310425000,0,0.19157100,0.01318996
1628686341578000,1,0.01941000,0.01317219
1628686385521000,1,0.89579900,0.01317219
1628686471936000,0,0.12412800,0.01319430
1628686472076000,0,0.27904300,0.01319430
1628686538992000,1,0.03500300,0.01318031
1628686603048000,0,0.05465000,0.01319426
1628686700850000,1,0.84622000,0.01319425
1628686701312000,1,1.93074000,0.01319426
1628686701385000,1,0.00000331,0.01319426
1628686701385000,1,0.00000272,0.01319425
1628686701385000,1,1.39501397,0.01319425
1628686793607000,0,0.29603883,0.01321908
1628686793672000,0,0.69103610,0.01321908
1628686793691000,0,0.26605526,0.01321908
1628686822048000,1,0.05714500,0.01320140
1628686840755000,1,1.93103000,0.01320141
1628686851308000,1,0.03053786,0.01318852
1628686865980000,1,0.02206900,0.01318640
1628686909203000,0,0.09050900,0.01319898
1628686930775000,1,0.02358600,0.01318642
1628686951844000,1,0.04320300,0.01318646
1628686988213000,1,0.11383500,0.01319466
1628687025568000,1,0.02964932,0.01319439
1628687060097000,0,0.02267800,0.01321132
1628687060293000,1,0.02225900,0.01319439
1628687081863000,0,0.74602200,0.01321585
1628687103045000,1,0.04384800,0.01319439
1628687172225000,1,0.09050900,0.01318416
1628687215529000,1,0.70355900,0.01318819
1628687236958000,1,0.04961900,0.01318819
1628687324880000,1,0.05950200,0.01319347
1628687346673000,1,0.05540400,0.01319349
1628687419944000,0,0.28594300,0.01321152
1628687476490000,1,0.03182900,0.01320095
1628687541350000,0,0.03250400,0.01322000
1628687583216000,0,0.06086600,0.01322000
1628687616993000,0,0.62014645,0.01322000
1628687624776000,0,0.00048426,0.01322000
1628687624776000,0,0.65448411,0.01322000
1628687626376000,1,0.09473100,0.01320853
1628687668106000,0,0.01900800,0.01322578
1628687688523000,1,4.09916000,0.01322146
1628687710241000,0,0.10639400,0.01322574
1628687767688000,0,1.09755500,0.01322574
1628687767779000,1,0.00000145,0.01322146
1628687767779000,1,0.01525955,0.01321782
1628687800544000,0,0.03669500,0.01322574
1628687806940000,0,0.68436000,0.01322574
1628687807002000,0,0.00000955,0.01322574
1628687807002000,0,1.23098045,0.01322578
1628687807313000,0,1.92344000,0.01322577
1628687809500000,0,0.36622000,0.01322576
1628687809627000,0,0.00000347,0.01322576
1628687809627000,0,0.00001155,0.01322578
1628687942471000,1,0.26597200,0.01322239
1628688054910000,1,1.92414136,0.01320451
1628688146051000,0,0.01900000,0.01322598
1628688188673000,1,0.03801800,0.01320374
1628688209808000,1,0.02754200,0.01320374
1628688273767000,0,0.96932700,0.01323687
1628688468454000,1,0.03669500,0.01325109
1628688488612000,0,0.55948000,0.01325000
1628688525698000,1,0.71109066,0.01323847
1628688574373000,1,0.01641900,0.01324555
1628688668856000,0,0.03563335,0.01325844
1628688668916000,1,2.98133000,0.01325844
1628688670563000,1,0.00000923,0.01325844
1628688776391000,1,0.07742500,0.01323782
1628688872313000,0,0.29000000,0.01325995
1628688874885000,1,0.05042800,0.01325046
1628689199871000,0,2.17117962,0.01330000
1628689292508000,1,1.00000000,0.01327184
1628689360103000,0,2.42334327,0.01330713
1628689360103000,0,22.47843612,0.01331000
1628689495768000,1,0.01704400,0.01328430
1628689577893000,0,19.00000000,0.01330858
1628689577969000,0,9.54550000,0.01330858
1628689609669000,1,0.01765700,0.01329471
1628689617924000,0,0.00000937,0.01330858
1628689617924000,0,1.17119063,0.01330858
1628689675497000,0,0.01790000,0.01329000
1628689675593000,1,1.18210000,0.01329665
1628689951655000,0,0.02041700,0.01326000
1628689959462000,1,0.02661300,0.01326765
1628690003501000,1,0.08509400,0.01327248
1628690004585000,1,0.01958600,0.01327248
1628690063149000,0,1.20937629,0.01327000
1628690108710000,0,7.08765425,0.01329665
1628690109909000,0,0.86436735,0.01330000
1628690233231000,1,3.39166011,0.01330125
1628690322678000,1,0.80770967,0.01331969
1628690533419000,0,8.41602000,0.01331969
1628690533754000,0,0.00000115,0.01331969
1628690562413000,1,1.54922169,0.01330181
1628691072113000,1,2.09583000,0.01335000
1628691076583000,1,0.00000500,0.01335000
1628691232434000,1,0.02816734,0.01332120
1628691543709000,1,0.02568600,0.01336676
1628691673342000,1,0.09101800,0.01336802
1628691722887000,1,0.02112551,0.01337255
1628692026887000,0,0.02614200,0.01335745
1628692048833000,0,0.03703900,0.01335745
1628692252596000,0,4.03261982,0.01337360
1628692252596000,0,3.34393718,0.01337739
1628692545304000,1,0.15434600,0.01334611
1628692566609000,0,0.37215100,0.01336168
1628692826502000,1,0.05491900,0.01334384
1628692913210000,0,0.02097600,0.01334000
1628693066544000,0,0.15993200,0.01334645
1628693301959000,0,0.30553000,0.01331215
1628693654827000,0,11.00000000,0.01331215
1628693654827000,0,0.15645803,0.01331215
1628693682725000,1,0.01627600,0.01330407
1628693695998000,1,3.63860500,0.01330407
1628693867167000,1,0.14621200,0.01330824
1628695128378000,1,4.04030952,0.01325281
1628695128378000,1,5.77351148,0.01324888
1628695186836000,0,0.12520107,0.01327423
1628695198628000,1,4.03816527,0.01325875
1628695198628000,1,8.07633053,0.01325453
1628695198628000,1,1.59739720,0.01325000
1628695248622000,0,0.02094600,0.01327945
1628695289018000,1,4.03911094,0.01325441
1628695289018000,1,7.77989806,0.01325213
1628695336551000,0,0.04858300,0.01327088
1628695379790000,0,0.01863700,0.01327088
1628695443820000,0,0.06870500,0.01327244
1628695586968000,1,3.19272100,0.01330385
1628695588871000,1,0.82569305,0.01330385
1628695588871000,1,4.19081695,0.01330000
1628695703572000,0,0.01860300,0.01333616
1628695725775000,0,0.04836300,0.01333616
1628695739896000,0,1.10860000,0.01334912
1628695757213000,1,0.14233000,0.01334529
1628696095112000,1,0.06507000,0.01330443
1628696228743000,1,1.50000000,0.01329627
1628696593769000,0,4.03392915,0.01330355
1628696593769000,0,0.15975885,0.01330579
1628696615050000,0,0.03528000,0.01330355
1628696675630000,0,0.97007800,0.01330264
1628696812931000,0,0.05241300,0.01330278
1628696918635000,0,0.44758700,0.01330278
1628696918635000,0,0.02291900,0.01330726
1628696940064000,0,1.01823800,0.01330062
1628697112784000,0,0.05321400,0.01329869
1628697155324000,1,0.02200100,0.01327826
1628697241124000,0,0.01776300,0.01329077
1628697290934000,0,0.04466500,0.01329559
1628697601353000,0,0.37472600,0.01329828
1628697605645000,0,3.67337000,0.01329828
1628697704292000,0,4.75449000,0.01330090
1628697704352000,0,6.00000000,0.01330090
1628697704413000,0,3.73616000,0.01330090
1628697704721000,0,0.00000181,0.01330090
1628697799419000,1,0.33800000,0.01327919
1628697912630000,0,4.05439906,0.01330584
1628697912630000,0,2.17684294,0.01330585
1628697993934000,1,0.21851300,0.01327455
1628698073640000,0,4.05570000,0.01329322
1628698074315000,0,5.00000000,0.01330439
1628698130918000,1,0.03076300,0.01330694
1628698421159000,1,0.38872600,0.01333484
1628698572620000,1,0.48809936,0.01338818
1628698676999000,1,0.04060300,0.01339299
1628698698696000,1,0.01641800,0.01339299
1628698698801000,1,0.01587800,0.01339299
1628698740175000,1,0.05213800,0.01340415
1628698802950000,1,0.02208600,0.01340736
1628698812446000,1,1.75747716,0.01340736
1628698912279000,1,0.32257300,0.01342785
1628698987208000,1,0.02032000,0.01341681
1628699267503000,1,0.07915000,0.01338074
1628699586713000,1,0.01896500,0.01339408
1628699660860000,0,5.05242000,0.01339408
1628699701403000,0,0.00000888,0.01339408
1628699701403000,0,0.36899375,0.01339408
1628699817696000,0,3.70162000,0.01339408
1628699837376000,0,0.00000657,0.01339408
1628699904329000,1,0.05337400,0.01340259
1628700008221000,0,0.02938500,0.01342000
1628700031032000,0,0.10435900,0.01343668
1628700156605000,0,0.03226400,0.01343986
1628700224581000,1,0.15040700,0.01341740
1628700764211000,1,0.02037700,0.01339610
1628700791515000,0,0.10850900,0.01340633
1628700813808000,1,0.01614400,0.01338062
1628700877194000,1,4.03135000,0.01338335
1628700980598000,0,0.03724900,0.01339696
1628701001802000,1,0.10494900,0.01340000
1628701022282000,1,0.00000278,0.01338335
1628701022282000,1,0.68409722,0.01338195
1628701022381000,1,0.10267400,0.01338195
1628701095552000,1,1.20000000,0.01337388
1628701148797000,0,0.03327700,0.01339722
1628701171291000,1,0.01822100,0.01340000
1628701350429000,1,1.07328400,0.01337449
1628701382170000,1,0.06745300,0.01337362
1628701428900000,0,0.01783200,0.01339922
1628701470719000,1,0.09324400,0.01337362
1628701525564000,1,0.10232900,0.01341000
1628701534115000,0,0.05242300,0.01341606
1628701555139000,0,0.02103600,0.01341606
1628701617450000,1,0.12417700,0.01340039
1628701638438000,1,0.03327700,0.01340624
1628701638633000,1,0.27221500,0.01340624
1628701638738000,1,0.08547200,0.01340624
1628701744915000,1,0.03221500,0.01341336
1628701815914000,1,0.52790400,0.01341374
1628701840591000,1,0.90724100,0.01341879
1628702099116000,1,0.09662900,0.01341805
1628702230053000,1,4.01597590,0.01341882
1628702230053000,1,8.03195180,0.01341471
1628702230053000,1,1.98222145,0.01341212
1628702271838000,1,0.05442300,0.01341730
1628702299518000,0,4.01650742,0.01343432
1628702299518000,0,8.03397289,0.01343711
1628702299518000,0,0.51000000,0.01343713
1628702299518000,0,2.41956973,0.01343912
1628702299518000,0,35.98146966,0.01344000
1628702417610000,1,0.02770100,0.01341305
1628702520033000,1,0.01663700,0.01341378
1628702623650000,0,3.50000000,0.01341382
1628702710116000,1,0.56250000,0.01341654
1628702851995000,1,0.02041800,0.01339324
1628702900482000,0,0.05232100,0.01341763
1628702955085000,1,0.16810500,0.01339324
1628703066870000,1,0.01934200,0.01339816
1628703087853000,0,0.01861800,0.01341975
1628703160779000,1,0.11664300,0.01339339
1628704025566000,1,0.02063200,0.01337734
1628704046380000,0,0.12394600,0.01340153
1628704233152000,0,0.26436500,0.01340991
1628704253859000,1,0.04595600,0.01339000
1628704376764000,0,0.01899100,0.01343007
1628704380009000,0,0.05222800,0.01342785
1628704421270000,1,0.01744800,0.01340092
1628704504950000,1,0.02086500,0.01340910
1628704525686000,0,0.05195000,0.01343791
1628704635369000,1,0.06805800,0.01343058
1628704668501000,1,0.01861200,0.01343058
1628704944076000,0,0.18307000,0.01340000
1628704944213000,0,0.00000700,0.01340000
1628705047158000,1,0.02931600,0.01340750
1628705047360000,1,0.86702600,0.01340750
1628705088415000,1,0.02584300,0.01340750
1628705172147000,0,0.05368000,0.01341773
1628705299176000,0,0.28325458,0.01341773
1628705299176000,0,0.23822942,0.01342530
1628705362733000,1,0.03262500,0.01341648
1628705799175000,1,0.10148400,0.01342149
1628705903514000,0,4.02710400,0.01341472
1628705903514000,0,6.41641200,0.01341607
1628705924306000,0,0.10191200,0.01341739
1628706160164000,1,4.03295000,0.01337713
1628706160511000,1,1.89354000,0.01337333
1628706255643000,0,0.03667000,0.01338597
1628706360534000,1,0.01610100,0.01336448
1628706383875000,0,0.01615300,0.01339230
1628706540897000,1,0.19502800,0.01335753
1628706593942000,0,0.25653600,0.01337995
1628706614817000,0,0.25653600,0.01336000
1628706658486000,1,0.03932000,0.01336070
1628706738916000,1,0.02428800,0.01335664
1628706750661000,1,0.19584000,0.01335664
1628707200189000,1,0.01855500,0.01335513
1628707364799000,0,1.04978200,0.01336035
1628707448257000,0,0.04325400,0.01336438
1628707509928000,1,0.03722500,0.01334621
1628707972894000,1,0.05247400,0.01336000
1628708035235000,1,0.03075600,0.01334442
1628708056673000,1,0.03889000,0.01334442
1628708056918000,1,0.31729400,0.01334442
1628708140452000,0,0.10495300,0.01336704
1628708248577000,0,1.05037100,0.01337341
1628708479128000,0,0.02625200,0.01338301
1628708744411000,0,0.05226200,0.01339999
1628708924480000,1,0.06554700,0.01335594
1628709217558000,1,0.59044500,0.01335966
1628709241981000,1,2.01955700,0.01335966
1628709325622000,0,0.12926700,0.01337689
1628709451561000,0,1.66571336,0.01337689
1628709471751000,1,0.53379300,0.01336267
1628709513660000,0,0.03734000,0.01337689
1628709661967000,0,0.10197600,0.01337415
1628709745530000,0,0.02836400,0.01337689
1628709787782000,1,0.01695500,0.01336198
1628709934774000,0,0.31475000,0.01339053
1628709997758000,1,0.32135000,0.01336886
1628710041566000,1,0.13554700,0.01337556
1628710105466000,1,0.05444200,0.01339470
1628710330046000,0,0.01988910,0.01339000
1628710358978000,1,0.08057100,0.01338681
1628710385774000,1,1.89228000,0.01338235
1628710386009000,1,0.00000140,0.01338235
1628710386137000,1,4.73061000,0.01337737
1628710443724000,0,0.22027400,0.01338240
1628710615298000,1,0.74602200,0.01337172
1628711038967000,1,0.08706200,0.01336122
1628711101169000,1,0.67590900,0.01338749
1628711253160000,0,0.01838000,0.01342801
1628711382838000,1,0.10887000,0.01342221
1628711788442000,0,34.21244000,0.01350000
1628711788537000,0,13.00000000,0.01350000
1628711788639000,0,27.78756000,0.01350000
1628712319081000,1,0.02041800,0.01342041
1628712353097000,1,0.22132300,0.01340267
1628712366606000,1,0.02000000,0.01339774
1628712514890000,1,0.04024300,0.01342995
1628712646265000,1,1.39800000,0.01343001
1628712808107000,1,0.21200000,0.01347878
1628713267676000,0,0.96905200,0.01348346
1628713638517000,0,2.94248000,0.01353191
1628713639369000,0,0.00000236,0.01353191
1628713670463000,0,1.86048000,0.01354822
1628713670531000,0,0.00000595,0.01354822
1628713670531000,0,0.79186405,0.01354823
1628713684664000,0,0.39626000,0.01353411
1628713684732000,0,1.86155000,0.01353410
1628713685176000,0,0.00000428,0.01353411
1628713685176000,0,2.39946572,0.01353456
1628713685694000,0,0.39626000,0.01353411
1628713687553000,0,0.00000428,0.01353411
1628713687553000,0,0.39625572,0.01353411
1628713691419000,0,0.00000856,0.01353411
1628713691419000,0,0.39625144,0.01353411
1628713698713000,0,0.39619000,0.01352900
1628713698906000,0,1.86203000,0.01352899
1628713711648000,0,0.39639000,0.01352392
1628713711861000,0,0.00000887,0.01352392
1628713711931000,0,1.86214000,0.01352899
1628713741385000,0,1.86302000,0.01352132
1628713741913000,0,0.39637000,0.01352133
1628713796919000,0,1.86378212,0.01350872
1628713796919000,0,1.63621788,0.01350872
1628713965717000,1,0.19600000,0.01354000
1628713988871000,1,0.01754800,0.01354110
1628714008728000,1,0.32814600,0.01354791
1628714586614000,0,0.39566007,0.01359114
1628714586614000,0,0.43488493,0.01359427
1628714706274000,0,1.47636409,0.01359303
1628714706274000,0,3.69242591,0.01359303
1628714800772000,0,0.32250000,0.01357000
1628714807046000,0,0.00000800,0.01357000
1628714825149000,0,0.01837200,0.01359206
1628714825279000,0,0.02062400,0.01359728
1628715002953000,0,0.39707026,0.01357644
1628715002953000,0,0.11851774,0.01357787
1628715010681000,1,1.86413000,0.01355573
1628715185217000,0,0.39767493,0.01356518
1628715185217000,0,0.12889107,0.01356998
1628715395003000,0,0.02068100,0.01356023
1628715395209000,0,0.36228100,0.01356023
1628715547432000,1,0.47957500,0.01353295
1628715569522000,0,0.19708200,0.01355467
1628715659007000,1,0.03606800,0.01351379
1628715849608000,1,0.10960000,0.01351020
1628715937961000,1,0.10870546,0.01351000
1628715939420000,1,0.02910854,0.01351000
1628716068631000,1,4.72380000,0.01348001
1628716104263000,1,0.30144300,0.01348483
1628716251444000,1,4.01021393,0.01347626
1628716251444000,1,3.21465909,0.01347001
1628716251444000,1,8.53050754,0.01347001
1628716251444000,1,3.95928944,0.01347000
1628716294531000,1,0.07166100,0.01346581
1628716315558000,1,0.12928000,0.01346552
1628716420777000,1,0.03534300,0.01347164
1628716916204000,1,4.02834255,0.01347187
1628716916204000,1,15.24594245,0.01347130
1628717313927000,1,0.03000000,0.01345636
1628717457005000,0,0.25511500,0.01350999
1628717478619000,0,0.01862400,0.01350000
1628717674370000,1,0.01518400,0.01352000
1628717674370000,1,3.99664709,0.01350502
1628717674370000,1,1.13921844,0.01350200
1628717752283000,0,0.03111700,0.01353652
1628718035253000,0,0.01852500,0.01356224
1628718260709000,1,1.16722920,0.01356440
1628718400042000,0,0.15997400,0.01357888
1628718814850000,0,1.30467000,0.01351309
1628719093560000,1,0.26993000,0.01357000
1628719093734000,1,0.00000700,0.01357000
1628719359762000,0,0.51000000,0.01355947
1628719599439000,1,0.04579293,0.01348388
1628720119836000,0,0.02091200,0.01347486
1628720143361000,1,0.44373125,0.01345001
1628720143567000,0,0.55626000,0.01345001
1628720144102000,0,0.00000875,0.01345001
1628720402320000,0,0.02562900,0.01347457
1628720528617000,1,0.40837582,0.01343947
1628720528726000,1,0.98760000,0.01343589
1628720528808000,1,0.96334449,0.01343589
1628720548338000,0,0.09312300,0.01345026
1628720575208000,0,0.05560100,0.01344443
1628720616778000,1,5.39958000,0.01346000
1628720616797000,1,0.00000200,0.01346000
1628721129141000,0,0.29300000,0.01348388
1628721323768000,0,0.02757100,0.01353895
1628723269967000,0,0.01495100,0.01353071
1628723333814000,0,0.01868800,0.01353168
1628723356711000,0,0.30570700,0.01353601
1628723456219000,0,0.39455625,0.01353895
1628723456219000,0,1.61932375,0.01353895
1628723456604000,0,0.00000676,0.01353895
1628723673371000,0,0.69900000,0.01353895
1628723915061000,0,0.32410030,0.01356260
1628724442996000,1,0.04405300,0.01355000
1628724630239000,0,9.05904000,0.01356260
1628724630339000,0,6.00000000,0.01356260
1628724630409000,0,14.00000000,0.01356260
1628724630480000,0,8.50000000,0.01356260
1628724630559000,0,5.50000000,0.01356260
1628724630584000,0,1.94096000,0.01356260
1628724634343000,0,2.26014072,0.01356903
1628724738823000,1,0.07500000,0.01356030
1628724802392000,0,0.05710100,0.01356903
1628724914696000,0,1.43889000,0.01356903
1628724915737000,0,0.00000900,0.01356903
1628725053941000,1,1.05123600,0.01359561
1628725056924000,0,0.37069000,0.01361000
1628725059620000,0,0.00000907,0.01361000
1628725117658000,0,0.15688300,0.01361543
1628725120812000,1,19.00000000,0.01359270
1628725120869000,1,16.00000000,0.01359270
1628725120923000,1,3.00000000,0.01359270
1628725121018000,1,1.42921018,0.01359097
1628725121204000,1,2.43196791,0.01358838
1628725121235000,1,0.46521519,0.01358838
1628725138670000,1,0.06500000,0.01358495
1628725223880000,0,0.40316029,0.01359082
1628725223880000,0,1.92339871,0.01359338
1628725439966000,1,1.20000000,0.01356521
1628725470006000,0,4.19042000,0.01358200
1628725477510000,0,2.14590000,0.01358200
1628725477840000,0,0.00000840,0.01358200
1628725592965000,1,1.49497000,0.01357473
1628725593120000,1,0.00000285,0.01357473
1628725593120000,1,3.75801715,0.01357144
1628726322216000,1,1.30069461,0.01361642
1628726322216000,1,3.25163352,0.01361608
