timestamp ms,type,amount,price
1623283230343000,1,3.86394165,0.01695000
1623283236411000,0,0.14046905,0.01697560
1623283236411000,0,0.35112686,0.01697560
1623283236411000,0,0.91303749,0.01697561
1623283327592000,0,0.20926830,0.01697432
1623283327592000,0,0.52317074,0.01697432
1623283395081000,1,1.65547814,0.01695370
1623283569373000,0,0.08140347,0.01692848
1623283569373000,0,0.20351829,0.01692848
1623283781467000,0,0.48732286,0.01694666
1623283781467000,0,0.07499394,0.01694666
1623283781467000,0,0.18747320,0.01694666
1623284577227000,0,1.26216000,0.01693312
1623285446458000,0,5.00000000,0.01690308
1623286010685000,0,0.01807100,0.01690734
1623286122121000,0,6.50000000,0.01689000
1623286125865000,0,0.26000000,0.01689000
1623286125999000,0,15.54446000,0.01689000
1623286190786000,0,0.00000786,0.01689000
1623287809209000,0,0.02192649,0.01711998
1623288597314000,0,1.00000000,0.01711998
1623288767390000,1,1.92026095,0.01702001
1623288767390000,1,4.80084905,0.01702001
1623288767390000,1,32.77892614,0.01702000
1623290083703000,1,4.84025035,0.01696126
1623290083703000,1,1.93655651,0.01696126
1623291159124000,0,2.13877000,0.01697000
1623291173918000,0,0.00000400,0.01697000
1623291357085000,1,0.03368000,0.01700482
1623291400983000,1,0.04530100,0.01701142
1623291802311000,0,0.39778000,0.01700365
1623292752432000,1,1.93237355,0.01697959
1623292752923000,1,4.83328150,0.01697333
1623292752923000,1,1.93237355,0.01697333
1623293106221000,1,0.02144800,0.01690034
1623293222448000,0,0.20717591,0.01695999
1623293222449000,0,0.95685456,0.01695999
1623293222504000,0,0.77590625,0.01695999
1623293222504000,0,1.93900551,0.01695999
1623293222504000,0,3.49041397,0.01695999
1623293222504000,0,1.35905341,0.01695999
1623293222685000,0,0.79710509,0.01695961
1623293222712000,0,4.08090619,0.01695961
1623293632965000,0,0.11433800,0.01694000
1623293995432000,0,0.07831097,0.01691000
1623294076593000,1,1.93188993,0.01690619
1623294076593000,1,0.82808663,0.01690619
1623294076611000,1,2.27300000,0.01690619
1623294076611000,1,1.72903686,0.01690619
1623294076611000,1,4.17587740,0.01690619
1623294076638000,1,4.85604343,0.01690619
1623294076647000,1,1.64590473,0.01690619
1623294076739000,1,1.87861272,0.01690619
1623294857570000,0,1.91944044,0.01693999
1623294857570000,0,15.99482156,0.01694000
1623294886872000,1,1.92027000,0.01691445
1623295068893000,0,1.92057000,0.01692584
1623295068937000,0,0.00000381,0.01692584
1623295068937000,0,4.80126501,0.01692607
1623295069005000,0,0.68050000,0.01692998
1623295069042000,0,1.67490000,0.01692998
1623295069071000,0,1.80439659,0.01692998
1623295069222000,0,1.30177692,0.01692997
1623295069316000,0,0.61820653,0.01692997
1623295069316000,0,3.54158347,0.01692997
1623295069434000,0,1.25814931,0.01692997
1623295069434000,0,12.47785561,0.01693998
1623299545367000,1,0.02794800,0.01687364
1623300633180000,0,0.09719300,0.01690000
1623300690113000,0,0.07619900,0.01691000
1623302106918000,0,0.06202000,0.01678353
1623302107362000,1,2.76338145,0.01675968
1623302258575000,1,4.90738430,0.01675071
1623302258575000,1,1.96287570,0.01675071
1623302260492000,1,0.02560249,0.01674259
1623302290819000,0,0.15090111,0.01675502
1623302291524000,0,0.47746883,0.01675502
1623303369933000,1,0.05399832,0.01680526
1623303385587000,1,0.03781200,0.01681389
1623303903981000,0,1.96383199,0.01682999
1623304315554000,1,8.40000000,0.01673500
1623304337820000,0,1.13051000,0.01672806
1623305292763000,1,1.68867000,0.01672514
1623305338338000,1,0.00000764,0.01672514
1623306500803000,0,1.97588344,0.01671869
1623306500803000,0,4.93959321,0.01671869
1623306500803000,0,4.07401651,0.01671870
1623306500803000,0,12.84308776,0.01671999
1623306500803000,0,6.12895520,0.01672000
1623307102155000,0,0.65576237,0.01668821
1623308881216000,1,1.97673734,0.01669623
1623308881216000,1,4.94165266,0.01669623
1623308881238000,1,0.00001026,0.01669623
1623309176192000,1,0.07500000,0.01668001
1623309176192000,1,2.87147000,0.01668000
1623310244452000,1,1.00408176,0.01665525
1623311281979000,1,4.93538706,0.01668482
1623311281979000,1,1.97407294,0.01668482
1623311361441000,0,1.97286668,0.01669519
1623311361441000,0,4.93198332,0.01669519
1623311361524000,0,0.00000864,0.01669519
1623311361680000,0,2.45214431,0.01669999
1623312121203000,1,1.97290280,0.01665769
1623312121203000,1,0.44982778,0.01665769
1623312782333000,1,1.33949858,0.01667149
1623314217502000,1,0.06152000,0.01667231
1623314317516000,1,4.09755021,0.01669070
1623314317653000,1,0.26000000,0.01669070
1623314317749000,1,19.64244979,0.01669070
1623314387779000,1,1.99901515,0.01665440
1623314387779000,1,4.99777116,0.01665440
1623314421108000,1,1.99907172,0.01664003
1623314421108000,1,4.99784828,0.01664003
1623315097910000,1,0.87634100,0.01668000
1623315366889000,0,0.11204700,0.01669000
1623316057187000,1,2.00700565,0.01665002
1623316057187000,1,5.01768910,0.01665002
1623316057361000,1,1.27268894,0.01664768
1623316057407000,1,1.41790574,0.01664768
1623316101630000,1,1.57736000,0.01663001
1623316101632000,1,0.43204672,0.01663001
1623316101632000,1,5.02477883,0.01663001
1623316838703000,1,0.01611600,0.01662065
1623317370098000,1,1.09828600,0.01661622
1623317446954000,1,2.01054920,0.01658001
1623317454710000,1,0.02587671,0.01656516
1623317455941000,0,0.06600000,0.01655000
1623317457770000,0,0.00004100,0.01655000
1623317522322000,0,0.04393200,0.01657000
1623317525843000,0,1.00000000,0.01658999
1623317532278000,0,1.00000000,0.01659999
1623317704156000,0,0.19400000,0.01656000
1623317704958000,0,3.63427129,0.01656000
1623317743508000,0,1.00000000,0.01659999
1623318007282000,1,1.97317881,0.01660001
1623318007282000,1,4.93288651,0.01660001
1623318007699000,1,0.23345540,0.01659231
1623318007784000,1,1.74074550,0.01659231
1623318007784000,1,1.97291531,0.01658767
1623318083252000,0,1.00000000,0.01662761
1623318083768000,0,1.00000000,0.01662856
1623318180829000,1,0.02019800,0.01666000
1623318181384000,1,0.78473999,0.01665379
1623318235469000,0,1.96938000,0.01668092
1623318335475000,0,0.01485000,0.01667000
1623318363129000,0,1.00000000,0.01668182
1623318564705000,1,4.89367905,0.01665049
1623318564705000,1,1.95744188,0.01665049
1623318871708000,1,1.95189285,0.01663164
1623318871708000,1,3.93393715,0.01663164
1623318871788000,1,0.94567000,0.01663164
1623318871958000,1,0.00000748,0.01663164
1623319281732000,1,12.72187749,0.01660001
1623319281732000,1,4.89305527,0.01660001
1623319281732000,1,1.95748155,0.01660001
1623319281732000,1,50.20843000,0.01660000
1623319281732000,1,8.04768854,0.01658866
1623319281774000,0,1.54510000,0.01658585
1623319281774000,0,2.48029663,0.01658730
1623319282039000,0,5.00000000,0.01658730
1623319282076000,0,16.39117052,0.01658730
1623319340721000,1,0.02707577,0.01655039
1623319346092000,1,0.02030683,0.01655039
1623319358258000,1,1.95027748,0.01653692
1623319358258000,1,12.67585269,0.01653001
1623319358258000,1,1.95043486,0.01653001
1623319358258000,1,0.06050000,0.01653000
1623319411910000,0,39.71830732,0.01650000
1623319415070000,1,1.59866665,0.01645938
1623319680762000,1,1.93874550,0.01643095
1623319680762000,1,4.84706530,0.01643095
1623319680762000,1,1.93874550,0.01643001
1623319680762000,1,38.86819370,0.01643000
1623319896415000,1,0.01800000,0.01651000
1623319910483000,1,0.00056400,0.01651000
1623319917143000,0,2.21532500,0.01650000
1623321328414000,1,0.01800000,0.01652000
1623321897336000,1,13.65299000,0.01650000
1623321905315000,0,1.15894033,0.01651809
1623321905411000,0,0.18100000,0.01651809
1623321921996000,0,0.37113572,0.01654935
1623321922615000,0,0.42277792,0.01654935
1623323207123000,0,0.03600000,0.01646592
1623323207129000,0,1.73034912,0.01646592
1623323526999000,0,0.28522000,0.01646592
1623323527702000,0,0.00000573,0.01646592
1623324609934000,0,0.41714000,0.01646926
1623325118576000,1,0.19893800,0.01647558
1623325545553000,0,0.01877100,0.01647831
1623329051989000,1,0.02615388,0.01638961
1623329222765000,1,1.00566578,0.01635277
1623330544247000,1,0.01994200,0.01639013
1623331490438000,1,0.06084184,0.01643606
1623331510706000,1,0.26000000,0.01645302
1623331510809000,1,4.00000000,0.01645302
1623331510989000,1,0.24350649,0.01645302
1623331533468000,0,1.77373847,0.01644000
1623331565619000,1,1.96920595,0.01642001
1623331565735000,1,0.24350649,0.01642007
1623331565973000,1,4.00000000,0.01642007
1623331566170000,1,0.75649351,0.01642007
1623331566498000,0,0.24350649,0.01642007
1623332311956000,1,1.97535507,0.01634661
1623332638214000,1,5.00000000,0.01631629
1623332680979000,1,1.97485742,0.01629475
1623332713566000,0,4.06061183,0.01629671
1623333668187000,1,3.00000000,0.01629556
1623333684614000,0,1.51700000,0.01627000
1623333684624000,0,2.08630482,0.01627000
1623333684682000,0,0.73017947,0.01627000
1623333685079000,0,0.49374278,0.01627000
1623333685191000,0,7.83771572,0.01627000
1623333685224000,0,3.46718212,0.01627000
1623334677682000,1,12.92488017,0.01628001
1623334989940000,0,2.20000000,0.01628001
1623335865625000,1,13.03315142,0.01630001
1623335865625000,1,2.00535440,0.01630001
1623335865625000,1,5.01356472,0.01630001
1623336515305000,1,2.51166288,0.01626878
1623336556258000,0,5.00000000,0.01635552
1623336556348000,0,0.04298746,0.01635552
1623336556348000,0,2.01727254,0.01635552
1623336603967000,1,1.38418400,0.01634000
1623337221310000,1,0.05583600,0.01640036
1623337746270000,0,0.02282600,0.01643753
1623338666673000,1,0.25794300,0.01643000
1623338916265000,1,0.04755100,0.01640182
1623339193880000,0,2.00392010,0.01641459
1623339193880000,0,3.96883190,0.01641507
1623339655411000,0,0.01272600,0.01642580
1623340118577000,1,0.50000000,0.01642972
1623340440876000,0,0.19623990,0.01644758
1623341168551000,0,0.13081250,0.01640000
1623341510228000,0,0.03138100,0.01636818
1623342438258000,1,0.23534000,0.01637000
1623342546998000,1,0.53683158,0.01637552
1623342547144000,1,2.47259664,0.01637552
1623342547168000,1,4.17594636,0.01637552
1623342547184000,1,0.29304961,0.01637552
1623342547219000,1,0.67157203,0.01637552
1623342548564000,1,0.26633891,0.01637552
1623342549086000,1,2.11016933,0.01637552
1623344644328000,1,0.29121740,0.01636000
1623345032719000,0,0.03147200,0.01630226
1623345421198000,0,0.26000000,0.01633537
1623345421213000,0,1.77568992,0.01633537
1623345421213000,0,5.08904618,0.01633537
1623345421584000,0,2.03568992,0.01633999
1623345422662000,0,0.02300000,0.01637850
1623345452618000,0,0.07497856,0.01637188
1623346185612000,0,2.02639889,0.01638999
1623351963393000,1,2.02316727,0.01635556
1623353423886000,0,2.03921745,0.01636357
1623353423886000,0,13.25250024,0.01636358
1623353423886000,0,5.09761585,0.01636358
1623353424429000,0,2.03835926,0.01638585
1623353424429000,0,3.85359117,0.01638585
1623353424495000,0,1.24159401,0.01638585
1623353424495000,0,0.19421334,0.01638585
1623353551236000,1,2.03608249,0.01638599
1623353551236000,1,5.08998283,0.01638599
1623355621430000,0,0.49190416,0.01626333
1623355625595000,0,0.49200492,0.01625000
1623355748541000,0,7.77136000,0.01631730
1623355782568000,0,0.10721300,0.01631143
1623356120737000,0,2.05436379,0.01635998
1623356120737000,0,2.05460230,0.01636283
1623356196096000,1,0.22101823,0.01638001
1623357522317000,1,2.04609922,0.01648074
1623357522317000,1,5.11553078,0.01648074
1623357522321000,1,0.00001751,0.01648074
1623357522453000,1,8.00000000,0.01647419
1623357522617000,1,1.13509573,0.01647419
1623357522652000,1,3.48161969,0.01647419
1623359521701000,0,2.03425236,0.01649682
1623359521701000,0,5.08545678,0.01649682
1623359660886000,1,2.03963382,0.01648296
1623359660886000,1,5.09851067,0.01648296
1623360347630000,1,1.49302249,0.01639763
1623360347633000,1,0.53896870,0.01639763
1623360348274000,1,2.03248522,0.01639046
1623360778568000,1,0.12040000,0.01640037
1623360889527000,0,0.03042963,0.01642161
1623364648745000,1,5.00000000,0.01645775
1623365703152000,1,2.01054375,0.01642668
1623365703152000,1,5.02658625,0.01642668
1623366521202000,0,0.01936100,0.01642779
1623366561966000,1,2.01205962,0.01639047
1623366561966000,1,1.73241738,0.01639047
1623366642459000,0,0.03876400,0.01642336
1623366785099000,0,0.06936000,0.01643188
1623367958951000,0,0.01935800,0.01642321
1623368161643000,0,0.03875000,0.01641599
1623369135237000,0,0.01935000,0.01641006
