timestamp ms,type,amount,price
1623369621853000,0,5.05199586,0.01642186
1623369623673000,0,4.50705100,0.01644000
1623370820283000,1,1.09092425,0.01628827
1623371230621000,1,0.02643400,0.01621593
1623371419221000,0,2.04133000,0.01624330
1623371950795000,0,2.05361658,0.01627227
1623371950795000,0,5.13385342,0.01627227
1623371950848000,0,0.00000866,0.01627227
1623371950848000,0,2.05036298,0.01627228
1623373006205000,1,0.01300000,0.01621200
1623373252495000,0,5.15241058,0.01624338
1623373252495000,0,2.06115817,0.01624338
1623373938091000,1,0.03985700,0.01626000
1623374261154000,0,1.97114900,0.01625957
1623376913689000,1,0.05787950,0.01628786
1623378424268000,1,2.06311000,0.01628261
1623378424405000,1,0.00000280,0.01628261
1623379999635000,0,2.05238513,0.01635631
1623379999635000,0,5.13078434,0.01635631
1623379999635000,0,13.33846053,0.01635631
1623379999734000,0,0.00001754,0.01635631
1623380000562000,0,5.00000000,0.01636846
1623380526856000,0,0.97861439,0.01633996
1623380526856000,0,1.54344461,0.01633998
1623380649858000,1,4.85508000,0.01632347
1623380660417000,1,0.00000694,0.01632347
1623382149311000,0,0.97725000,0.01630034
1623382149341000,0,0.06476460,0.01630034
1623382149341000,0,0.23577840,0.01630034
1623382381375000,1,5.08706981,0.01630081
1623382381375000,1,2.03475019,0.01630081
1623382689152000,1,2.03739044,0.01629102
1623382689152000,1,5.09365494,0.01629102
1623382689152000,1,8.04224462,0.01629102
1623382689293000,1,0.50000000,0.01629102
1623382766879000,0,0.16109866,0.01629101
1623383198621000,1,1.44461794,0.01625903
1623385151931000,1,2.02943067,0.01627411
1623385151931000,1,5.07365933,0.01627411
1623386362451000,0,0.01253500,0.01625884
1623387839727000,0,0.05800800,0.01621837
1623389950104000,0,1.37322000,0.01621837
1623389954818000,0,0.00000937,0.01621837
1623391275387000,1,2.02688935,0.01620895
1623391275387000,1,4.97311065,0.01620895
1623391814144000,1,5.05007659,0.01638158
1623391814144000,1,2.01994341,0.01638158
1623392042227000,0,1.62510000,0.01635981
1623392042433000,0,0.00000411,0.01635981
1623392042433000,0,1.62476589,0.01636194
1623392042527000,0,2.43816993,0.01636194
1623392042527000,0,8.12432007,0.01636389
1623392080220000,0,2.15448000,0.01636000
1623392080314000,0,0.00000400,0.01636000
1623392104789000,1,1.76488491,0.01635058
1623392104789000,1,0.72511508,0.01634461
1623392104818000,1,1.29653754,0.01634461
1623392104818000,1,5.05430618,0.01634461
1623392189334000,1,2.02253736,0.01634124
1623392189334000,1,5.05633264,0.01634124
1623392648592000,0,0.40500000,0.01629953
1623393772932000,1,2.03966000,0.01625961
1623393773438000,1,0.00000058,0.01625961
1623393773438000,1,5.09919942,0.01625960
1623393773447000,1,0.00000319,0.01625960
1623393837902000,1,3.31708651,0.01621164
1623393837977000,1,0.77246781,0.01621164
1623393837999000,1,1.22505072,0.01621164
1623393838030000,1,2.48533122,0.01621164
1623394231314000,0,1.72399649,0.01623508
1623394231314000,0,3.82678351,0.01623508
1623395077602000,1,0.55363589,0.01623191
1623396607650000,0,0.81654912,0.01627593
1623396607650000,0,2.04134088,0.01627593
1623396608002000,0,5.30800000,0.01627670
1623396681123000,0,0.34888608,0.01628884
1623396681177000,0,0.26556780,0.01628884
1623397082991000,1,5.07114122,0.01620137
1623397082991000,1,2.02867878,0.01620137
1623397143103000,0,0.50628915,0.01620417
1623397143103000,0,1.26572288,0.01620417
1623397143103000,0,3.29074797,0.01620417
1623397143233000,0,0.00001593,0.01620417
1623397143870000,0,5.00000000,0.01623016
1623397164168000,1,2.00629100,0.01620187
1623397255732000,0,0.13796344,0.01623631
1623397255732000,0,0.34490861,0.01623631
1623397334913000,1,2.02808941,0.01621221
1623397334913000,1,0.74790200,0.01621221
1623397608912000,1,0.01630400,0.01621909
1623397652892000,1,0.52166093,0.01619765
1623398468082000,0,0.29115512,0.01623204
1623398468082000,0,0.72791519,0.01623204
1623398474696000,1,1.89231000,0.01622835
1623398474739000,1,0.12868473,0.01622835
1623398474739000,1,1.77131527,0.01622835
1623398474768000,1,1.54900000,0.01622835
1623398474891000,1,1.73300087,0.01622835
1623398499358000,0,0.68845024,0.01622998
1623398499358000,0,1.72114402,0.01622998
1623398512576000,0,0.02745012,0.01624998
1623398597628000,0,0.82985594,0.01625998
1623398597628000,0,2.07385406,0.01625998
1623398598216000,0,5.39253000,0.01626576
1623398624264000,0,0.01473510,0.01625999
1623398668181000,0,1.51380619,0.01627999
1623398668181000,0,0.60552506,0.01627999
1623398668181000,0,3.93613875,0.01627999
1623398668280000,0,0.00001619,0.01627999
1623398816072000,1,0.01253000,0.01630001
1623398837029000,0,1.04130400,0.01632011
1623399092232000,0,0.25830405,0.01628722
1623399092232000,0,0.64575595,0.01628722
1623399092416000,0,0.00000418,0.01628722
1623399092416000,0,1.67855582,0.01628969
1623399527580000,1,1.00621072,0.01630002
1623399527601000,1,1.00963412,0.01630002
1623399527601000,1,3.16865461,0.01630002
1623399679136000,1,0.29999427,0.01626854
1623400572390000,1,0.26000000,0.01630001
1623400572496000,1,0.71010013,0.01630001
1623400572496000,1,2.42530491,0.01630001
1623400572496000,1,6.21112050,0.01629861
1623400573298000,1,6.21088402,0.01626980
1623401169785000,0,1.16529634,0.01623632
1623401169785000,0,2.91320774,0.01623632
1623402049583000,1,1.00165000,0.01625436
1623402049690000,1,0.00000063,0.01625436
1623402257026000,1,0.02262300,0.01631535
1623402958635000,1,3.00000000,0.01629021
1623403141716000,0,0.15737403,0.01636852
1623404184022000,1,0.03150670,0.01636000
1623404193934000,1,0.14289031,0.01636001
1623404194050000,0,0.15100000,0.01636000
1623404194121000,0,0.00012569,0.01636000
1623406666900000,1,0.21688472,0.01618001
1623407223175000,1,0.33566032,0.01623517
1623407223175000,1,0.83915079,0.01623517
1623407223364000,1,2.18211980,0.01623001
1623407642338000,1,0.29732999,0.01619339
1623407642338000,1,0.74332498,0.01619339
1623408228350000,0,0.16153039,0.01623939
1623408891347000,1,1.24750000,0.01619339
1623408892003000,1,0.00000504,0.01619339
1623409927911000,1,1.26899426,0.01610000
1623409981009000,0,0.39615564,0.01611227
1623409981009000,0,0.99038909,0.01611227
1623410611176000,0,0.10900000,0.01615000
1623410630814000,0,0.03977000,0.01615000
1623411853398000,0,0.75078617,0.01615000
1623412151406000,1,0.02200000,0.01615378
1623412151444000,1,0.00015345,0.01615378
1623413225318000,1,0.02930000,0.01614860
1623413945982000,1,0.10633060,0.01611226
1623413945982000,1,0.07351356,0.01611225
1623417038142000,0,0.54210443,0.01612119
1623417540279000,0,0.02261450,0.01611486
1623417540279000,0,0.05652779,0.01611486
1623417540279000,0,0.06300000,0.01611486
1623417540279000,0,1.45785771,0.01611488
1623418267204000,1,12.00000000,0.01627370
1623420123155000,0,0.60500000,0.01627920
1623420123422000,0,0.71999999,0.01627700
1623420123508000,0,1.04622822,0.01627700
1623420171479000,1,0.02400000,0.01624904
1623420172043000,1,0.06473601,0.01624078
1623420172043000,1,0.02490445,0.01624078
1623420172088000,1,10.40000000,0.01622610
1623420518788000,0,0.04600000,0.01622610
1623420520896000,0,0.37144176,0.01622610
1623421780639000,0,0.26554976,0.01621275
1623421780639000,0,0.66392317,0.01621275
1623421780639000,0,1.72603707,0.01621275
1623422571388000,1,0.03800000,0.01616000
1623422571495000,1,0.00081000,0.01616000
1623422702149000,0,0.18605977,0.01613360
1623422702149000,0,0.07442391,0.01613360
1623422702149000,0,0.48375541,0.01613360
1623423883381000,0,2.66124260,0.01613360
1623424008770000,1,0.02685200,0.01611982
1623424325436000,1,1.67338200,0.01612000
1623424990400000,1,0.20672916,0.01606128
1623424990400000,1,0.51682291,0.01606128
1623425779276000,1,0.26594322,0.01605404
1623425779276000,1,0.66485805,0.01605404
1623425941453000,0,0.58599817,0.01606873
1623425941453000,0,1.46499143,0.01606873
1623426095625000,1,0.02671714,0.01604408
1623426114036000,1,0.23923697,0.01602454
1623426114036000,1,0.23923697,0.01602453
1623426114113000,1,0.22200000,0.01602283
1623426114178000,1,1.33306268,0.01602283
1623426121571000,1,0.30000000,0.01600000
1623426121757000,1,1.62682000,0.01596170
1623426121757000,1,1.37318000,0.01596161
1623426136792000,1,0.22846812,0.01597001
1623426136792000,1,0.57108188,0.01597001
1623426136987000,1,0.00000985,0.01597001
1623426141851000,1,0.22438176,0.01594084
1623426141851000,1,0.56095440,0.01594084
1623426141851000,1,1.45872384,0.01594084
1623426528291000,1,0.23181364,0.01602447
1623426528291000,1,0.57952636,0.01602447
1623426528373000,1,0.00000773,0.01602447
1623426678670000,0,30.00000000,0.01605500
1623426880962000,1,4.22769889,0.01605933
1623426880962000,1,0.60130111,0.01605753
1623426901021000,1,0.28970467,0.01605292
1623426901021000,1,0.72426533,0.01605292
1623426901350000,1,0.00000536,0.01605292
1623427028280000,1,0.09119000,0.01608222
1623427183007000,1,0.68709812,0.01605001
1623427183007000,1,0.27482188,0.01605001
1623427806775000,1,2.15048000,0.01605001
1623427821297000,1,0.00000192,0.01605001
1623428585597000,0,0.13437200,0.01603479
1623428585597000,0,0.33593000,0.01603479
1623429319953000,1,0.07500000,0.01598623
1623429319953000,1,0.07500000,0.01598622
1623429319953000,1,0.07500000,0.01598621
1623429319953000,1,0.07500000,0.01598620
1623429319953000,1,0.12922118,0.01598619
1623429559395000,1,0.10406702,0.01597755
1623430148011000,1,0.32860829,0.01596140
1623430148011000,1,0.12641787,0.01596140
1623430148011000,1,0.05056715,0.01596140
1623431076825000,1,2.90860280,0.01591961
1623432020645000,1,0.01426041,0.01592941
1623432601792000,1,0.13308290,0.01591337
1623432601792000,1,0.33256105,0.01591296
1623432602300000,1,0.86503886,0.01591001
1623432834012000,0,1.59973165,0.01595035
1623432834474000,0,0.24611360,0.01595680
1623433709443000,0,0.04500000,0.01592000
1623433834290000,0,0.00014500,0.01592000
1623433968599000,1,0.37685216,0.01590004
1623433968599000,1,0.15073784,0.01590004
1623433968640000,1,0.00000302,0.01590004
1623433968640000,1,0.97997573,0.01589811
1623434018764000,1,0.02700329,0.01587406
1623434482968000,0,1.81977000,0.01583999
1623434830404000,1,0.92192000,0.01583001
1623434926817000,0,0.67812024,0.01584998
1623434926845000,0,0.98623318,0.01584998
1623434926845000,0,0.64823228,0.01584999
1623434926901000,0,1.01612009,0.01584999
1623434999976000,0,5.07840000,0.01587776
1623435000462000,0,0.23585983,0.01589607
1623435325520000,0,0.79412000,0.01586999
1623435325702000,0,0.00000337,0.01586999
1623436618579000,1,0.41032507,0.01589249
1623436618579000,1,1.02581267,0.01589249
1623436801283000,1,0.39712556,0.01587430
1623436801283000,1,0.99281391,0.01587430
1623437105719000,1,0.02431400,0.01585000
1623437712136000,1,0.30419383,0.01582279
1623438004828000,1,0.30474718,0.01582960
1623438004828000,1,0.76186794,0.01582960
1623438061106000,1,0.66948142,0.01580918
1623438061106000,1,1.74066294,0.01580918
1623438061106000,1,0.26778564,0.01580918
1623438084677000,1,0.21461059,0.01578758
1623439187847000,0,0.01993400,0.01577690
1623439517086000,0,1.19659500,0.01577750
1623440056555000,1,0.25712718,0.01573114
1623440056555000,1,0.10357930,0.01573114
1623440083236000,1,0.24581477,0.01572537
1623440083236000,1,0.25418023,0.01572537
1623440427408000,1,0.02729252,0.01570584
1623443068915000,0,42.76835543,0.01570000
1623443069913000,1,1.00571656,0.01568970
1623443069913000,1,0.40228663,0.01568970
1623443069913000,1,2.61488801,0.01568970
1623445472489000,1,0.09390004,0.01566862
1623445472489000,1,0.03756002,0.01566862
1623445472494000,1,0.24414011,0.01566408
1623446711135000,1,0.16730530,0.01565182
1623447126407000,0,1.61134426,0.01555350
1623447126407000,0,4.00384385,0.01555350
1623447144418000,0,1.34735143,0.01557478
1623447152996000,1,52.78323000,0.01558000
1623447152996000,1,3.19650430,0.01557619
1623447197789000,1,0.02758484,0.01553940
1623447201150000,1,50.16933000,0.01551000
1623447201150000,1,1.67246000,0.01550360
1623447201150000,1,8.71360361,0.01550359
1623447201150000,1,4.36500301,0.01550057
1623447201150000,1,52.68963000,0.01550000
1623447201150000,1,0.22622504,0.01549921
1623447202720000,0,0.28621108,0.01553000
1623448829061000,1,0.04500000,0.01552791
1623448889876000,1,0.10635678,0.01552962
1623448889876000,1,0.26587322,0.01552962
1623448902197000,0,0.03542745,0.01555319
1623449614226000,1,0.02846300,0.01557088
1623449977266000,0,0.14470277,0.01560000
1623450138039000,1,0.04622100,0.01560492
1623451210296000,1,2.01678100,0.01550119
1623451210563000,1,0.04730530,0.01550119
1623453241587000,1,1.35694812,0.01542605
1623453241587000,1,0.52194840,0.01542605
1623453241587000,1,0.20876348,0.01542605
1623453241623000,1,0.00001657,0.01542605
1623453346230000,0,0.40587100,0.01542518
1623453408128000,0,0.02374200,0.01542997
1623453605526000,1,0.23376552,0.01539282
1623453605526000,1,0.58440448,0.01539282
1623453605599000,1,0.00000933,0.01539282
1623453605599000,1,1.48272067,0.01539279
1623453619848000,0,0.04066700,0.01540998
1623453787614000,0,0.03040800,0.01541172
1623455303531000,0,0.16694123,0.01549683
1623455454590000,1,1.01306712,0.01550285
1623455454590000,1,0.40523207,0.01550285
1623455454590000,1,2.63374462,0.01550285
1623455581935000,0,1.72695517,0.01551246
1623455581935000,0,4.48989926,0.01551246
1623455581935000,0,0.69075557,0.01551246
1623456158415000,1,0.02788031,0.01537472
1623456159764000,0,0.19298681,0.01538102
1623456379283000,1,0.06814038,0.01539000
1623456704464000,1,0.21960056,0.01534004
1623458773021000,1,0.38337309,0.01535127
1623458773021000,1,0.95847015,0.01535127
1623459087090000,0,0.16832633,0.01545587
1623459105807000,0,0.93864144,0.01545587
1623459513815000,1,5.00000000,0.01544582
1623459513980000,1,0.71864000,0.01544191
1623459514134000,1,0.00000841,0.01544191
1623459558336000,0,0.21562348,0.01544890
1623459558336000,0,0.07500000,0.01544890
1623459558336000,0,0.07500000,0.01544891
1623459558336000,0,0.21563479,0.01544891
1623459558336000,0,0.07500000,0.01544892
1623459558336000,0,4.37921994,0.01544895
1623459558336000,0,0.23272779,0.01545000
1623459962908000,0,0.20592008,0.01544210
1623459962908000,0,0.05407992,0.01544210
1623459963017000,0,0.46072028,0.01544210
1623459963320000,0,0.51486391,0.01544617
1623460864037000,1,0.71226308,0.01548474
1623460864037000,1,1.78095652,0.01547794
1623460864037000,1,3.71936987,0.01547794
1623461823920000,1,2.06461169,0.01536000
1623461884428000,1,0.98324547,0.01538028
1623462376156000,0,0.65113000,0.01538028
1623462376311000,0,0.00000058,0.01538028
1623462664830000,1,0.14014454,0.01538768
1623464219186000,1,1.18990411,0.01541104
1623464219186000,1,0.77737148,0.01541103
1623464591695000,0,0.05123700,0.01544000
1623465204685000,1,2.56090009,0.01544423
1623465204685000,1,0.10284341,0.01544423
1623465204771000,1,0.92159895,0.01544423
1623465267429000,1,0.02038200,0.01544002
1623466764745000,0,1.02797146,0.01551419
1623466764745000,0,2.56989854,0.01551419
1623468257651000,0,1.54842000,0.01561749
1623468258522000,0,0.00000671,0.01561749
1623468441575000,0,0.66858300,0.01561950
1623469135686000,1,4.50321692,0.01557451
1623469135686000,1,2.73568258,0.01556773
1623469135686000,1,1.08754810,0.01556724
1623469135686000,1,0.93010640,0.01556707
1623469393452000,1,2.51135677,0.01557001
1623469393452000,1,1.00453918,0.01557001
1623469393452000,1,1.16969881,0.01557001
1623469803279000,1,0.26000000,0.01561999
1623469803426000,1,0.84043433,0.01561999
1623470763637000,1,0.10805500,0.01564003
1623471295918000,0,0.02788031,0.01569452
1623471390896000,1,0.59722000,0.01570286
1623471391387000,1,0.00000533,0.01570286
1623472029777000,1,0.06015800,0.01569001
1623472088130000,1,1.00605000,0.01569000
1623472126370000,1,0.00000320,0.01569000
1623472979885000,1,1.11788996,0.01568187
1623473109928000,0,2.08830060,0.01569380
1623473109928000,0,4.16388140,0.01569380
1623473223268000,0,0.31873019,0.01570013
1623473563696000,1,2.44270179,0.01567000
1623473632000000,0,0.15256283,0.01566181
1623473667902000,0,0.10000000,0.01565062
1623473849312000,0,0.21205900,0.01562463
1623473985589000,1,0.38028000,0.01560000
1623473985703000,1,0.00000700,0.01560000
1623474253673000,1,0.12773100,0.01562000
1623474351793000,0,0.10640600,0.01565869
1623475093344000,1,0.37625500,0.01566334
1623475744120000,0,2.99156900,0.01568650
1623476348870000,0,3.83309400,0.01569839
1623476351394000,0,0.16285800,0.01569839
1623476972983000,0,2.11526700,0.01566893
1623477433268000,0,1.00000000,0.01566707
1623477442826000,0,2.11297500,0.01568060
1623477941333000,0,0.08472000,0.01572551
1623477963309000,1,0.97829000,0.01572000
1623477963511000,1,0.00000300,0.01572000
1623477973893000,1,0.02108800,0.01572000
1623478203334000,0,0.26696873,0.01573999
1623478325056000,0,0.03992400,0.01574980
1623478697393000,0,0.99763600,0.01574987
1623479155760000,0,1.00660800,0.01574174
1623479462579000,1,0.80403287,0.01571104
1623479534702000,1,2.17831082,0.01571204
1623479534702000,1,0.48293178,0.01571203
1623480720769000,0,1.21077300,0.01574822
1623481315779000,1,1.23800000,0.01576000
1623481315904000,1,0.00000100,0.01576000
1623481669519000,0,2.00000000,0.01577344
1623481914164000,1,1.00000000,0.01582000
1623483768840000,0,0.01465081,0.01578349
1623483797252000,1,2.15502610,0.01575114
1623483797252000,1,5.38788390,0.01575114
1623486408091000,1,2.15706000,0.01579982
1623486892041000,0,0.24720000,0.01578375
1623487004190000,0,0.07415100,0.01577086
1623489363678000,0,5.00000000,0.01580494
1623491518161000,0,0.71674861,0.01579032
1623491606636000,1,1.85477000,0.01579000
1623491606693000,1,0.00000800,0.01579000
1623492840776000,0,0.02484700,0.01576897
1623492884702000,0,2.75183811,0.01579836
1623492884702000,0,2.72981905,0.01581812
1623492884702000,0,9.06248251,0.01582512
1623493289129000,0,0.63349486,0.01584444
1623493315681000,0,0.02758484,0.01586263
1623493542047000,1,5.47642326,0.01581158
1623493542047000,1,3.50823274,0.01581158
1623493687498000,1,2.16944247,0.01597001
1623493687498000,1,2.24993566,0.01597001
1623493957066000,1,0.03457397,0.01592002
1623494180638000,1,2.13673750,0.01588158
1623494180638000,1,5.34203828,0.01588158
1623494435543000,1,0.02765918,0.01591001
1623494686517000,1,2.12249892,0.01592521
1623494686517000,1,5.30650619,0.01592521
1623494686517000,1,13.79498140,0.01592521
1623494687092000,1,2.12217935,0.01589984
1623494687092000,1,0.49055440,0.01589984
1623494687850000,1,1.15893759,0.01589984
1623494687859000,1,4.14676964,0.01589984
1623494845827000,0,2.12452687,0.01589267
1623494937325000,1,13.82994736,0.01587002
1623494947741000,0,2.12369800,0.01587788
1623494947741000,0,2.12385942,0.01587789
1623494947741000,0,5.30945346,0.01587789
1623494947741000,0,4.39425500,0.01587790
1623495405817000,0,0.47475500,0.01592480
1623495464818000,0,2.41100000,0.01594999
1623495464877000,0,2.89713036,0.01594999
1623495464877000,0,1.84110492,0.01594999
1623495465088000,0,0.28225082,0.01594999
1623496384433000,1,2.12993000,0.01590388
1623496384788000,1,0.00000163,0.01590388
1623496384788000,1,5.32314837,0.01589994
1623496468091000,1,0.17408600,0.01591000
1623499228349000,0,2.12734930,0.01593574
1623499228349000,0,0.53535070,0.01593574
1623499228420000,0,4.78276335,0.01593574
1623499228420000,0,13.82555210,0.01593574
1623500671362000,0,0.02729252,0.01603253
1623501515300000,1,2.02179000,0.01606000
1623501638659000,0,0.68241200,0.01601405
1623501735114000,0,0.02027500,0.01599512
1623502025522000,1,2.08881000,0.01601001
1623502688653000,1,0.15721281,0.01610001
1623503288758000,1,1.37134682,0.01606709
1623504085972000,1,0.19854400,0.01606000
1623506803119000,0,0.02700329,0.01620425
1623506823180000,1,0.49523336,0.01623000
1623506872834000,1,5.18183124,0.01628327
1623506872834000,1,13.47519876,0.01628327
1623506883503000,1,0.00000415,0.01628327
1623506981289000,0,0.24421000,0.01622572
1623508561061000,0,2.09566226,0.01617998
1623509521037000,1,2.09324949,0.01615904
1623509521037000,1,5.23336051,0.01615904
1623510443449000,0,2.08601529,0.01615953
1623510505763000,0,2.08139290,0.01618890
1623510505763000,0,5.20321710,0.01618890
1623511389486000,0,1.30059751,0.01625929
1623511420710000,1,2.43077182,0.01625000
1623511420724000,1,0.69437830,0.01625000
1623511420751000,1,5.03518099,0.01625000
1623512169647000,0,0.03300000,0.01629443
1623512170662000,0,0.02600000,0.01629442
1623512171409000,0,0.02147011,0.01629442
1623512171409000,0,0.00033763,0.01629443
1623512179973000,0,5.00000000,0.01630008
1623512266010000,0,2.08246096,0.01632707
1623512266010000,0,2.32084077,0.01632707
1623512266175000,0,2.88406149,0.01632707
1623512266399000,0,0.00144335,0.01632707
1623512266399000,0,0.43120634,0.01632708
1623512266622000,0,0.00021720,0.01632708
1623512266622000,0,2.56944373,0.01633393
1623512266622000,0,0.86325611,0.01633436
1623512266622000,0,0.97038469,0.01633884
1623512266854000,0,1.62182590,0.01632707
1623512267038000,0,4.40330173,0.01633883
1623512267211000,0,2.08246072,0.01632881
1623512267211000,0,0.80259724,0.01633883
1623512267211000,0,1.51824377,0.01633883
1623512267400000,0,0.43142354,0.01632708
1623512267400000,0,0.86325611,0.01633436
1623512267400000,0,3.10862208,0.01633883
1623512267548000,0,4.40330173,0.01633883
1623512267719000,0,4.40330173,0.01633883
1623512267916000,0,0.10049622,0.01633883
1623512267916000,0,2.08134340,0.01633883
1623512268138000,0,0.00109180,0.01633883
1623512268138000,0,1.62182481,0.01633884
1623512268296000,0,0.00081263,0.01633884
1623512268296000,0,2.60697708,0.01634371
1623512269299000,0,0.86191865,0.01633082
1623512269489000,0,0.00043169,0.01633082
1623512269489000,0,1.72454859,0.01633824
1623512269641000,0,0.85734587,0.01633824
1623512269853000,0,0.00042893,0.01633824
1623512269853000,0,1.72454890,0.01633930
1623512270005000,0,0.00086381,0.01633930
1623512270005000,0,1.31403434,0.01634370
1623512270005000,0,3.08840358,0.01634370
1623512271325000,0,0.86235034,0.01633082
1623512271325000,0,0.86219929,0.01633930
1623512271509000,0,0.86278162,0.01633930
1623512271669000,0,0.00043180,0.01633930
1623512271669000,0,4.31653068,0.01634370
1623512273327000,0,0.86235034,0.01633082
1623512273327000,0,0.86219929,0.01633930
1623512273514000,0,2.58574166,0.01633575
1623512273679000,0,0.86278162,0.01633930
1623512273880000,0,0.00043180,0.01633930
1623512273880000,0,1.14029288,0.01634370
1623512273880000,0,1.27734771,0.01634370
1623512275328000,0,0.86201912,0.01633841
1623512275328000,0,0.86253051,0.01633930
1623512275512000,0,0.86245068,0.01633930
1623512637729000,1,0.55403497,0.01625624
1623512716082000,0,1.48691000,0.01627667
1623512767052000,0,1.45357000,0.01628758
1623512953234000,0,1.35637000,0.01625493
1623513040210000,0,1.26522000,0.01626600
1623513650570000,0,1.09570000,0.01623593
1623513651019000,0,2.67828206,0.01623865
1623513651019000,0,6.96339794,0.01623865
1623514869018000,0,5.00000000,0.01622231
1623514921767000,0,5.00000000,0.01622234
1623516000447000,0,0.06552430,0.01624660
1623516000447000,0,0.11463370,0.01624660
1623516222973000,1,0.82000000,0.01622001
1623518342433000,1,0.82000000,0.01626950
1623519578319000,0,0.00043152,0.01633930
1623519579672000,1,0.49137032,0.01635000
1623519580358000,1,0.49137032,0.01634533
1623519581464000,0,0.02671714,0.01637781
1623522961675000,1,2.07085840,0.01626157
1623525974224000,1,0.49149105,0.01635824
1623528053580000,1,2.06755348,0.01631609
1623528053580000,1,5.16926295,0.01631608
1623528053661000,0,3.77627357,0.01631607
1623528100220000,1,0.03542745,0.01632009
1623531588734000,0,0.01903300,0.01619951
1623532318714000,0,0.08638650,0.01633939
1623532318714000,0,0.08639793,0.01633999
1623532485046000,1,0.05900000,0.01638083
1623532546104000,0,0.75576224,0.01637752
1623532967266000,0,0.16944412,0.01633082
1623532967266000,0,0.42361030,0.01633082
1623532967266000,0,1.09282358,0.01633083
1623533544301000,1,8.32547927,0.01627403
1623533545151000,1,4.27423000,0.01623372
1623533549474000,1,0.00000687,0.01623372
1623533549474000,1,4.27422313,0.01623372
1623533549835000,1,0.00001374,0.01623372
1623533549976000,1,0.82000000,0.01622659
1623533554170000,1,1.74082648,0.01621903
1623533557886000,1,1.72022375,0.01622001
1623533560086000,1,1.86353427,0.01623000
1623533565867000,1,1.77304844,0.01624000
1623533632095000,0,0.26900337,0.01628875
1623533632095000,0,0.67230147,0.01628875
1623533632204000,0,0.92600000,0.01629229
1623533855143000,1,2.06935346,0.01625212
1623533941705000,0,0.83464287,0.01628947
1623533941705000,0,0.33385715,0.01628947
1623533942566000,0,0.04100000,0.01632784
1623534205688000,0,0.19780155,0.01628131
1623534205688000,0,0.19778539,0.01628131
1623534206740000,0,0.19778539,0.01630571
1623534206740000,0,0.19780155,0.01630571
1623534207616000,0,0.05100000,0.01634000
1623534241153000,1,5.17514555,0.01628592
1623534241153000,1,2.07026208,0.01628592
1623534281637000,0,0.20690654,0.01630999
1623534281637000,0,0.51728338,0.01630999
1623534417687000,1,0.02931095,0.01629391
1623534949491000,1,0.02583900,0.01634795
1623534949546000,1,0.10310300,0.01634795
1623535635361000,0,0.18654173,0.01635980
1623535635361000,0,0.46639998,0.01635980
1623535635361000,0,1.21261829,0.01635980
1623535635398000,0,0.00002165,0.01635980
1623535669771000,0,5.00000000,0.01635286
1623535670190000,0,0.11091334,0.01635998
1623535670190000,0,0.11093999,0.01635999
1623535670470000,0,0.22452109,0.01636485
1623536504974000,0,0.19001800,0.01632856
1623538685881000,0,0.16403379,0.01639528
