timestamp ms,type,amount,price
1622332854806000,0,1.86557541,0.01883981
1622332929179000,1,0.59457874,0.01871003
1622332968771000,1,7.52132828,0.01864331
1622332978193000,1,4.72482809,0.01862001
1622333126094000,0,7.42833627,0.01863267
1622333324787000,0,0.14046200,0.01872243
1622334156665000,1,1.91633822,0.01860003
1622334156665000,1,4.79109178,0.01860003
1622334196612000,0,0.21016471,0.01859991
1622334246792000,0,7.29157000,0.01855999
1622334462916000,1,3.76059387,0.01856329
1622334501275000,1,0.06748500,0.01855003
1622334820538000,1,7.29592000,0.01853001
1622334979563000,1,1.46422849,0.01851001
1622335035512000,1,0.01084900,0.01857000
1622335071289000,1,4.86246076,0.01858000
1622335119815000,1,0.14778200,0.01858001
1622335657998000,0,1.50652031,0.01855982
1622336459037000,1,0.36289000,0.01861000
1622336471626000,1,0.00000900,0.01861000
1622337939609000,1,0.02300000,0.01842743
1622337939746000,1,0.00026162,0.01842743
1622337990363000,1,4.85101000,0.01838153
1622338301204000,0,4.89336562,0.01838998
1622338301204000,0,1.95743438,0.01838998
1622338301305000,0,0.00000603,0.01838998
1622338301305000,0,7.38988397,0.01838999
1622338430229000,1,7.97706000,0.01839946
1622338435628000,0,1.50139100,0.01840984
1622338812684000,1,1.58606551,0.01841330
1622338959055000,0,7.55215000,0.01830999
1622339011387000,1,1.20944839,0.01833010
1622339348863000,1,1.93892000,0.01837010
1622340230767000,1,7.59905000,0.01831869
1622340325792000,0,8.12770000,0.01831998
1622340436029000,1,7.65635287,0.01834190
1622340436029000,1,4.00720194,0.01834051
1622340486518000,0,2.95505000,0.01835000
1622340488630000,0,0.00000318,0.01835000
1622340854180000,0,0.03655000,0.01836997
1622340926081000,0,0.55619818,0.01837010
1622341821155000,0,0.03723000,0.01848277
1622341824380000,0,1.89796800,0.01848279
1622341913440000,1,0.17310982,0.01843003
1622342170485000,1,0.03600000,0.01850000
1622342172659000,1,0.00019600,0.01850000
1622342897728000,1,3.91633601,0.01849359
1622342897728000,1,0.19919772,0.01848504
1622343629261000,0,4.72585238,0.01858393
1622343629261000,0,1.89034791,0.01858393
1622343630165000,0,7.96160713,0.01859991
1622344214918000,0,23.46752794,0.01862998
1622344214918000,0,15.29696433,0.01863000
1622344215100000,0,23.00000000,0.01863000
1622344215178000,0,16.00000000,0.01863000
1622344215252000,0,5.34525000,0.01863000
1622344215446000,0,0.00000567,0.01863000
1622344288059000,1,1.26928292,0.01866002
1622344526312000,1,0.20100000,0.01872803
1622344861041000,1,7.70529355,0.01870002
1622345153321000,1,3.76928086,0.01868425
1622345349923000,1,7.76293000,0.01863015
1622345678118000,1,3.12232217,0.01861611
1622345681698000,1,0.76350785,0.01861611
1622346206278000,0,7.50000000,0.01861538
1622346312830000,0,12.25267352,0.01865328
1622346715270000,0,3.83919000,0.01873350
1622346755347000,1,7.52723000,0.01869738
1622347206571000,0,0.36460650,0.01871550
1622348753107000,1,1.86270000,0.01870799
1622349373077000,1,2.35479066,0.01877004
1622349488496000,0,0.02326162,0.01881073
1622349732060000,1,1.84636819,0.01879906
1622349732060000,1,4.61607181,0.01879906
1622350574288000,0,0.14940299,0.01885817
1622350853096000,0,0.02301511,0.01901221
1622351014073000,1,1.83557000,0.01895001
1622351151937000,0,0.37882746,0.01887813
1622351151937000,0,0.16745654,0.01887999
1622351162426000,0,1.63179920,0.01888000
1622351162549000,0,1.35413790,0.01888998
1622351162588000,0,1.61999426,0.01888998
1622351163007000,0,0.78909124,0.01888998
1622351163074000,0,1.38963583,0.01888998
1622351163091000,0,0.47395181,0.01888998
1622351163108000,0,0.47663239,0.01888998
1622351366030000,0,0.47565000,0.01885999
1622351913317000,1,7.44974000,0.01887649
1622351969420000,0,7.48137000,0.01888999
1622352159784000,0,3.62407358,0.01888999
1622352159784000,0,1.57627042,0.01889000
1622352678525000,0,0.49022800,0.01893999
1622352678760000,0,0.07517900,0.01893999
1622352699604000,0,0.03417200,0.01891734
1622352762819000,0,0.37589634,0.01892676
1622352762891000,1,0.62410000,0.01893000
1622352762899000,1,0.00000366,0.01893000
1622352773408000,0,10.50000000,0.01893707
1622352774488000,0,1.35975000,0.01893707
1622353142856000,0,0.10591600,0.01894918
1622353165205000,0,0.05007600,0.01894694
1622353505169000,0,0.37404568,0.01894585
1622353505169000,0,1.81624215,0.01895376
1622353505169000,0,0.07500000,0.01895376
1622353505169000,0,1.13210117,0.01895477
1622353576817000,0,4.53288000,0.01896998
1622353836615000,0,1.70099400,0.01894999
1622354430267000,0,2.22745000,0.01908999
1622354454160000,0,0.18300000,0.01908999
1622354454254000,0,0.00090326,0.01908999
1622354487582000,1,0.18300000,0.01908882
1622354487930000,1,6.50000000,0.01908882
1622354586947000,1,2.32374545,0.01900002
1622354623293000,0,0.01666400,0.01896239
1622354631698000,0,0.05010100,0.01895300
1622354708178000,0,0.01697800,0.01896403
1622354789596000,1,0.01698700,0.01896000
1622354802612000,0,1.69296500,0.01896759
1622355347543000,0,6.50000000,0.01900995
1622355417039000,1,6.50000000,0.01901684
1622356005160000,1,5.00000000,0.01901000
1622356051296000,0,7.25821000,0.01904998
1622356803565000,0,0.36835910,0.01904948
1622356803565000,0,1.78634084,0.01905583
1622356803565000,0,4.46568621,0.01905998
1622356803565000,0,7.13459826,0.01905999
1622356803565000,0,17.91569963,0.01906000
1622356932302000,1,7.28152000,0.01900001
1622357047442000,1,1.34498700,0.01897367
1622357152153000,0,0.37014455,0.01899328
1622357152153000,0,1.79373595,0.01899998
1622357152153000,0,0.50445950,0.01899998
1622357379415000,1,7.60797000,0.01895001
1622357578944000,1,1.94371237,0.01890048
1622357726861000,0,2.05021800,0.01893000
1622358049356000,0,7.21327000,0.01899994
1622358122174000,1,7.49682000,0.01904002
1622358191412000,0,7.61687000,0.01906999
1622358349532000,0,4.42613376,0.01906998
1622358383855000,1,7.83134000,0.01908001
1622358399267000,0,7.44852838,0.01909998
1622358492713000,1,1.76609299,0.01915283
1622358556060000,1,0.02849546,0.01916000
1622358965881000,0,0.07694200,0.01910999
1622359130470000,1,7.42312000,0.01903277
1622359158139000,1,0.03407600,0.01904000
1622359265093000,0,7.43861000,0.01902914
1622359618160000,0,7.21345000,0.01898998
1622359618539000,0,2.78239994,0.01900000
1622359679994000,1,0.68189922,0.01897079
1622359680564000,1,6.99670000,0.01897079
1622360734527000,1,0.10116900,0.01895000
1622361764156000,1,0.03378300,0.01896000
1622362163319000,0,1.79273860,0.01891907
1622362163319000,0,1.72942941,0.01891907
1622362250150000,1,0.61865297,0.01889854
1622362684104000,1,7.41213000,0.01894002
1622362700066000,1,23.29637000,0.01890462
1622362731743000,1,0.00000077,0.01890462
1622363239351000,0,2.45005069,0.01890999
1622363239777000,0,1.56719472,0.01890999
1622363239821000,0,2.16115187,0.01890999
1622363240022000,0,1.66674110,0.01891998
1622363240032000,0,0.13400388,0.01891998
1622363240032000,0,0.69421496,0.01891999
1622363240037000,0,3.80848072,0.01891999
1622363296227000,0,0.01664400,0.01890991
1622363308207000,0,0.74223677,0.01890192
1622363431421000,0,1.30002529,0.01883999
1622363433678000,0,0.40063484,0.01883999
1622363436230000,0,0.37211659,0.01883825
1622363436230000,0,0.63864832,0.01883998
1622363436261000,0,1.94933307,0.01883999
1622363438383000,0,2.23779197,0.01884000
1622363438403000,0,2.92356687,0.01884000
1622363438461000,0,2.95966085,0.01884000
1622363438591000,0,2.99571475,0.01884000
1622363438705000,0,1.96343221,0.01884000
1622363438996000,0,1.73019808,0.01884000
1622363439651000,0,2.21587860,0.01884000
1622363624253000,0,0.02627800,0.01891000
1622365397182000,1,7.43314000,0.01891002
1622365752894000,0,0.42683354,0.01895903
1622366195460000,0,7.68341103,0.01894653
1622366238121000,1,7.15433000,0.01894091
1622366654334000,1,0.17370442,0.01894091
1622367847206000,0,0.57485555,0.01885601
1622367998533000,0,2.00820436,0.01880999
1622368668855000,0,1.79170988,0.01888996
1622368668855000,0,1.14717456,0.01888996
1622368803026000,0,1.79209950,0.01891976
1622368803026000,0,0.10008250,0.01891989
1622369286306000,0,0.36799957,0.01890974
1622369286306000,0,2.63200043,0.01891815
1622369864509000,0,0.03030400,0.01883998
1622370578073000,0,3.43206000,0.01883998
1622370607813000,0,0.00000460,0.01883998
1622371010108000,0,0.50648100,0.01890159
1622371255308000,0,0.01345900,0.01883981
1622371947927000,1,0.20000000,0.01881524
1622372092198000,0,0.01719000,0.01881072
1622372396782000,0,0.08619100,0.01879909
1622372495580000,1,0.08752100,0.01882000
1622372773174000,0,2.35210000,0.01882000
1622372773330000,0,0.00000439,0.01882000
1622373630829000,0,0.01964500,0.01883033
1622373794283000,1,7.37841000,0.01876001
1622373904132000,0,1.96958197,0.01878339
1622373904182000,0,0.54290180,0.01878339
1622373914357000,0,0.20326700,0.01879998
1622374202195000,0,1.81010107,0.01876709
1622374203589000,0,0.32696057,0.01878977
1622374455207000,0,1.81326443,0.01873501
1622374455293000,1,0.39488000,0.01873501
1622374455436000,1,0.00000011,0.01873501
1622375097015000,1,0.05759800,0.01877126
1622375137476000,1,0.05884000,0.01877022
1622376086324000,0,1.76788000,0.01887423
1622376435021000,1,0.02014500,0.01887188
1622377160195000,0,7.49631000,0.01884427
1622377752056000,1,7.58203000,0.01880856
1622379131959000,0,7.49473000,0.01870998
1622379572060000,0,1.82662000,0.01873735
1622379572170000,0,5.00000000,0.01873737
1622379679719000,1,0.51977218,0.01877002
1622379747450000,0,1.81634593,0.01880984
1622379747450000,0,1.81586276,0.01880998
1622379769682000,0,0.26000000,0.01883999
1622379770058000,0,4.27268835,0.01883999
1622379863779000,1,7.34097000,0.01877142
1622379892920000,1,4.56972609,0.01872216
1622379892920000,1,1.82782300,0.01872216
1622379962135000,0,1.83058800,0.01873589
1622379962135000,0,1.83065025,0.01873591
1622379962584000,0,7.87904479,0.01873999
1622380042901000,1,7.76706000,0.01873064
1622380129576000,0,7.49162000,0.01873008
1622381178159000,1,0.05881736,0.01870196
1622381189623000,1,7.66480184,0.01870196
1622381377458000,0,7.55989000,0.01867173
1622381530047000,1,0.14940308,0.01867003
1622381556344000,1,3.53397000,0.01867003
1622381556532000,1,0.00000621,0.01867003
1622381586199000,1,7.23418000,0.01865335
1622381586225000,1,0.00000769,0.01865335
1622381682742000,1,0.02301511,0.01862480
1622381732817000,1,1.83155000,0.01860356
1622381732933000,1,0.00000505,0.01860356
1622381732933000,1,4.57890974,0.01860118
1622381817328000,1,1.83524764,0.01856235
1622381817328000,1,1.83600236,0.01856235
1622381899483000,0,0.01159400,0.01858000
1622381915844000,1,1.83448000,0.01858001
1622381986645000,0,0.02272700,0.01857492
1622382009667000,0,7.71645000,0.01859388
1622382280323000,1,7.47494768,0.01857202
1622382370106000,1,0.43377400,0.01861002
1622383499137000,0,1.83311552,0.01859409
1622384561306000,0,0.38000000,0.01857654
1622385001744000,1,31.67068404,0.01852000
1622385219928000,0,0.05557000,0.01854042
1622385501212000,1,0.17615300,0.01857000
1622386776335000,0,0.19610000,0.01857000
1622387837928000,0,7.59403996,0.01856468
1622388046274000,1,0.05503000,0.01858002
1622388370905000,1,7.65818000,0.01857120
1622388791709000,0,7.51865000,0.01857995
1622388918273000,0,0.05515000,0.01857250
1622389164439000,1,7.28767000,0.01854004
1622389560816000,0,3.00000000,0.01850001
1622390123801000,0,2.63033857,0.01861797
1622390123806000,0,1.10934633,0.01861797
1622390392718000,1,0.60803435,0.01866001
1622390588936000,1,7.70593000,0.01873001
1622391061081000,0,0.01159700,0.01864992
1622391569199000,0,7.91359000,0.01865935
1622391894905000,1,2.22941734,0.01867266
1622393919927000,0,0.02117042,0.01858710
1622394023384000,0,1.82406681,0.01861844
1622394023384000,0,4.55999725,0.01861844
1622394024033000,0,1.82394917,0.01862997
1622394024033000,0,1.34659819,0.01862998
1622394024049000,0,3.21351670,0.01862998
1622394024084000,0,1.92725188,0.01862998
1622394024181000,0,0.66545023,0.01862998
1622394024216000,0,0.24334749,0.01862998
1622394282518000,1,7.84319398,0.01865381
1622394689598000,1,0.05591000,0.01862622
1622394802807000,0,7.73331082,0.01868590
1622395875437000,1,1.81531424,0.01857787
1622395875437000,1,0.68468576,0.01857786
1622395981295000,0,1.36581215,0.01860630
1622395981314000,0,0.45043127,0.01860630
1622395981314000,0,0.67163891,0.01860633
1622395981353000,0,1.14450684,0.01860633
1622395981435000,1,0.26000000,0.01860634
1622396316206000,1,7.44512000,0.01863002
1622397565495000,0,7.38586366,0.01860055
1622397565495000,0,0.78799934,0.01860822
1622397693296000,1,7.00000000,0.01858251
1622399284756000,0,3.73352536,0.01858594
1622399284756000,0,7.46705071,0.01859196
1622399284756000,0,1.80860379,0.01859359
1622399284834000,1,7.95248111,0.01859360
1622399284841000,1,11.01253337,0.01859360
1622399516396000,0,1.80954628,0.01857998
1622399615198000,1,1.50000000,0.01854475
1622400795679000,1,7.97067083,0.01862001
1622400881686000,0,7.66842765,0.01863999
1622401380887000,0,1.80651669,0.01858994
1622401381429000,0,4.51527088,0.01859691
1622401381429000,0,0.86716856,0.01859691
1622401381435000,0,10.87253573,0.01859691
1622401464526000,0,0.01300900,0.01863056
1622402025344000,0,1.79927000,0.01861159
1622402025566000,0,0.00000272,0.01861159
1622402236828000,1,3.70858460,0.01861323
1622402236828000,1,7.62621896,0.01861001
1622402236828000,1,20.63939078,0.01861000
1622403930593000,0,7.45741634,0.01855925
1622404207769000,0,0.34144900,0.01855001
1622405413960000,1,0.02326162,0.01842743
1622405768969000,0,2.13700000,0.01839999
1622405769285000,0,2.23532836,0.01839999
1622405874544000,0,0.26000000,0.01841998
1622405874559000,0,10.00000000,0.01841998
1622405874645000,0,4.94575000,0.01841998
1622405874747000,0,10.00000000,0.01841998
1622405876785000,0,0.00000914,0.01841998
1622405980906000,0,0.01126266,0.01848000
1622406376087000,0,37.34703604,0.01844000
1622406569513000,0,0.14131801,0.01844866
1622407981565000,0,1.44087000,0.01842982
1622407981702000,1,0.26000000,0.01843000
1622407981780000,1,3.29275100,0.01843000
1622408712566000,1,25.24008314,0.01838506
1622408712566000,1,8.03345024,0.01838505
1622410327972000,1,1.69001233,0.01834998
1622411202881000,0,0.15089939,0.01840497
1622411974522000,0,7.79805923,0.01843999
1622412201262000,1,0.13312100,0.01853573
1622412886665000,0,0.26000000,0.01850996
1622412890920000,0,20.50000000,0.01850996
1622412891017000,0,4.48008000,0.01850996
1622412906866000,0,0.00000314,0.01850996
1622413621030000,1,1.69806000,0.01850000
1622413881147000,1,0.30000000,0.01837006
1622414076310000,1,0.02448300,0.01842000
1622414084801000,1,1.84275000,0.01841002
1622414084895000,1,0.00000209,0.01841002
1622414084895000,1,4.61209791,0.01841001
1622414100666000,1,0.00000361,0.01841001
1622414228072000,0,1.84348915,0.01845274
1622414228349000,0,1.84326921,0.01845273
1622414228349000,0,1.46398116,0.01845846
1622414228356000,0,1.53210197,0.01845846
1622414228587000,0,8.98508376,0.01845846
1622414383483000,0,0.10598100,0.01843922
1622414383623000,0,0.01733400,0.01843922
1622414744853000,0,1.84226000,0.01849997
1622416040106000,1,0.02200000,0.01846167
1622416051674000,1,0.00081259,0.01846167
1622417296752000,0,28.80393949,0.01851000
1622417413955000,1,1.67307857,0.01850154
1622417521628000,1,0.02100000,0.01854000
1622417521831000,1,0.00003300,0.01854000
1622417522247000,1,1.84157000,0.01853146
1622418102304000,1,0.11300000,0.01853146
1622418107328000,1,0.00074396,0.01853146
1622418344797000,0,1.83526000,0.01858567
1622418382709000,1,7.95197000,0.01858014
1622418744438000,1,0.61943119,0.01849028
1622418744806000,1,0.66723591,0.01849028
1622418808202000,1,0.08728900,0.01855406
