timestamp ms,type,amount,price
1622505641173000,1,9650.28540000,0.8463
1622505654348000,1,14511.54010000,0.8445
1622505664791000,1,42.73843400,0.8438
1622505669136000,0,200.57880832,0.8463
1622505679711000,0,16560.28980506,0.8480
1622505684995000,1,24.89171500,0.8472
1622505716558000,0,6465.77756888,0.8530
1622505738062000,0,1050.00000000,0.8590
1622505738072000,0,54.58060000,0.8590
1622505741335000,0,0.00000017,0.8590
1622505741440000,0,2981.30620000,0.8597
1622505741440000,0,0.00006246,0.8597
1622505741518000,0,441.60585793,0.8597
1622505741518000,0,108.50046532,0.8598
1622505741518000,0,1000.00000000,0.8599
1622505741518000,0,12821.23260000,0.8600
1622505741518000,0,721.83947675,0.8600
1622505741754000,0,3000.00000000,0.8600
1622505741754000,0,441.60599721,0.8600
1622505741754000,0,50.00000000,0.8600
1622505741754000,0,2000.00000000,0.8600
1622505741754000,0,146.00000000,0.8600
1622505741754000,0,100.00000000,0.8600
1622505741754000,0,50.00000000,0.8600
1622505741754000,0,200.00000000,0.8600
1622505741754000,0,1000.00000000,0.8600
1622505741754000,0,499.75000000,0.8600
1622505741754000,0,300.00000000,0.8600
1622505741754000,0,100.00000000,0.8600
1622505741754000,0,5000.00000000,0.8600
1622505741754000,0,500.00000000,0.8600
1622505741754000,0,6652.04000004,0.8600
1622505741754000,0,4270.57650272,0.8600
1622505741754000,0,5988.42920003,0.8600
1622505741754000,0,32347.13268057,0.8600
1622505741754000,0,1000.00000000,0.8600
1622505741754000,0,700.00000000,0.8600
1622505741754000,0,50.00000000,0.8600
1622505742039000,0,3000.00000000,0.8600
1622505742039000,0,8195.95783705,0.8600
1622505742039000,0,1103.45779247,0.8602
1622505744488000,0,441.92710000,0.8600
1622505745119000,0,0.00005371,0.8600
1622505745119000,0,3293.13864375,0.8603
1622505747303000,0,100.00000000,0.8605
1622505749273000,0,25600.00000000,0.8608
1622505758233000,1,618.33740359,0.8599
1622505758273000,1,447.89750989,0.8599
1622505761325000,0,1425.80020000,0.8606
1622505761370000,0,0.00005694,0.8606
1622505761370000,0,1901.84218594,0.8608
1622505761370000,0,7560.86141174,0.8609
1622505761370000,0,1901.14384538,0.8609
1622505763529000,1,77.00000000,0.8605
1622505763536000,1,378.00000000,0.8605
1622505763923000,1,448.15887562,0.8605
1622505765106000,0,18726.29440000,0.8611
1622505766512000,0,10415.56398277,0.8611
1622505766546000,0,4184.14161723,0.8611
1622505768591000,0,1129.30000000,0.8619
1622505769323000,0,1166.00000000,0.8620
1622505769323000,0,3056.81818180,0.8620
1622505769329000,0,0.00000001,0.8620
1622505772339000,0,1224.01748378,0.8620
1622505772423000,0,910.91084106,0.8620
1622505774212000,1,6400.00000000,0.8620
1622505774212000,1,16560.28980506,0.8609
1622505774212000,1,1239.71019494,0.8609
1622505774548000,1,116.00000000,0.8610
1622505774764000,0,99.99999999,0.8624
1622505774772000,0,0.00000001,0.8624
1622505774990000,0,2133.36359957,0.8626
1622505778526000,1,116.00000000,0.8622
1622505778774000,1,53.81165836,0.8622
1622505778774000,1,62.18834164,0.8622
1622505779122000,0,126.38246040,0.8628
1622505779138000,0,0.00000001,0.8628
1622505779180000,1,116.00000000,0.8624
1622505779194000,0,815.46754794,0.8629
1622505779383000,1,116.00000000,0.8625
1622505779596000,1,116.00000000,0.8625
1622505780100000,1,89.00000000,0.8625
1622505781760000,1,1129.30000000,0.8625
1622505786416000,1,2576.69188257,0.8626
1622505786448000,1,872.36047891,0.8626
1622505788789000,1,1430.50580902,0.8626
1622505788802000,1,1520.44182950,0.8626
1622505790116000,0,3794.23043296,0.8630
1622505790125000,0,3022.23813261,0.8630
1622505790163000,0,946.24231830,0.8630
1622505790164000,0,7619.72821524,0.8630
1622505796361000,0,184.40098202,0.8634
1622505796682000,0,182.00000000,0.8633
1622505796805000,0,0.46589720,0.8633
1622505797068000,0,141.60065587,0.8635
1622505797177000,1,146.17653595,0.8636
1622505797556000,0,1221.88793241,0.8637
1622505798025000,0,6930.00000000,0.8638
1622505798172000,0,7.59379380,0.8638
1622505798380000,1,172.48354820,0.8636
1622505799333000,0,100.00000000,0.8647
1622505801435000,0,1177.85070595,0.8650
1622505801435000,0,400.93328453,0.8650
1622505801435000,0,9030.55168740,0.8650
1622505801435000,0,5414.51319497,0.8650
1622505801503000,0,3661.19144816,0.8650
1622505802325000,0,1893.74366947,0.8650
1622505802325000,0,305.38897511,0.8650
1622505802325000,0,999.99999999,0.8650
1622505802325000,0,0.00000001,0.8650
1622505802325000,0,1386.20003867,0.8650
1622505802327000,0,0.00000001,0.8650
1622505802334000,0,102.93232882,0.8651
1622505802552000,0,1930.00000000,0.8653
1622505803062000,0,235.75155063,0.8659
1622505803062000,0,1844.24844937,0.8660
1622505803157000,0,2.00572284,0.8660
1622505804255000,0,30.00000000,0.8661
1622505804255000,0,226.61347407,0.8669
1622505807121000,0,1380.73044180,0.8669
1622505813686000,1,6400.00000000,0.8650
1622505813686000,1,9564.05635623,0.8650
1622505813688000,1,5008.39786130,0.8650
1622505814295000,1,6400.00000000,0.8640
1622505814295000,1,6136.42934472,0.8639
1622505814307000,1,3312.61647288,0.8639
1622505814307000,1,500.00000000,0.8639
1622505822650000,1,6400.00000000,0.8636
1622505822650000,1,7094.96372337,0.8632
1622505822650000,1,4030.51500000,0.8629
1622505822650000,1,6674.52127663,0.8628
1622505825884000,0,769.91979400,0.8645
1622505832877000,0,3476.29686505,0.8652
1622505840236000,0,3544.39384152,0.8657
1622505840236000,0,67.70978540,0.8657
1622505840237000,0,1075.11733640,0.8657
1622505840280000,0,865.03693733,0.8657
1622505840466000,0,6400.00000000,0.8656
1622505845719000,0,1539.07761706,0.8651
1622505845835000,0,732.62558294,0.8650
1622505846092000,0,953.30526534,0.8651
1622505846167000,0,1054.29694393,0.8651
1622505849633000,1,256.61347407,0.8643
1622505851642000,1,3186.59002251,0.8643
1622505851995000,1,4101.28782856,0.8638
1622505854202000,1,2056.41799206,0.8638
1622505854518000,1,242.29417937,0.8638
1622505875769000,0,1262.93204516,0.8621
1622505875836000,0,1401.88999338,0.8621
1622505875887000,0,1547.66174047,0.8624
1622505875892000,0,1355.36709537,0.8624
1622505884100000,1,100.00000000,0.8625
1622505884490000,0,4110.62061898,0.8637
1622505887473000,0,16006.37685449,0.8647
1622505887474000,0,7831.59404551,0.8647
1622505887474000,0,7098.19491419,0.8647
1622505891421000,0,499.99999999,0.8674
1622505898161000,0,199.99999999,0.8676
1622505899421000,0,0.00000001,0.8676
1622505899421000,0,400.00000000,0.8680
1622505899421000,0,288.27450979,0.8681
1622505899422000,0,0.00000002,0.8681
1622505933830000,0,169.05651530,0.8680
1622505933831000,0,15.44928359,0.8680
1622505934174000,0,33.39676824,0.8686
1622505934174000,0,45.82325759,0.8686
1622505934283000,0,247.43250259,0.8690
1622505935546000,0,2.56749741,0.8690
1622505935655000,0,500.00000000,0.8693
1622505935655000,0,35.64000000,0.8693
1622505937301000,0,100.00000000,0.8698
1622505937578000,0,300.00000000,0.8700
1622505937578000,0,647.34723369,0.8700
1622505937578000,0,2000.00000000,0.8700
1622505937578000,0,100.00000000,0.8700
1622505937578000,0,920.00000000,0.8700
1622505937578000,0,42971.73047930,0.8700
1622505938324000,0,2156.24048620,0.8700
1622505938428000,0,1985.99143048,0.8700
1622505939039000,0,593.33799704,0.8700
1622505939052000,0,1780.01399111,0.8700
1622505939057000,0,1210.06356305,0.8700
1622505939127000,0,1846.20150000,0.8700
1622505939470000,0,24778.49962382,0.8700
1622505939470000,0,200.00000000,0.8700
1622505939470000,0,421.50037618,0.8700
1622505939487000,0,19578.49962382,0.8700
1622505939487000,0,1000.00000000,0.8700
1622505939487000,0,4000.00000000,0.8700
1622505939487000,0,7083.67901234,0.8700
1622505939487000,0,500.00000000,0.8700
1622505939487000,0,14411.62992125,0.8700
1622505939487000,0,346.18806770,0.8700
1622505940002000,0,3.81193230,0.8700
1622505940002000,0,1500.00000000,0.8700
1622505940002000,0,4605.00000000,0.8700
1622505940002000,0,280.42666023,0.8700
1622505940002000,0,14207.58861940,0.8700
1622505940293000,0,53.80000000,0.8702
1622505940537000,0,0.07931065,0.8702
1622505942442000,0,600.00000000,0.8720
1622505942442000,0,210.23125515,0.8722
1622505949034000,1,4498.17710721,0.8722
1622505953747000,0,499.99999999,0.8730
1622505953754000,0,0.00000001,0.8730
1622505955371000,0,300.00000000,0.8734
1622505955371000,0,102.93232882,0.8740
1622505955371000,0,4428.85050452,0.8743
1622505958800000,0,12331.93337993,0.8727
1622505960211000,1,6400.00000000,0.8713
1622505976067000,1,293.16609500,0.8674
1622505986253000,0,38.50000000,0.8700
1622505987950000,0,95.06001841,0.8700
1622505988686000,1,717.96361680,0.8689
1622505992833000,1,1701.61350266,0.8689
1622506005022000,0,2258.20261725,0.8684
1622506005069000,0,4141.79738275,0.8684
1622506008891000,0,176.00072000,0.8688
1622506010100000,0,0.00000393,0.8688
1622506014569000,0,33.71085570,0.8700
1622506015458000,1,7039.41040125,0.8700
1622506015458000,1,341.17346733,0.8695
1622506015587000,1,5450.85202235,0.8695
1622506027323000,1,1150.90426548,0.8680
1622506028515000,0,19571.39201486,0.8682
1622506038740000,1,957.70669200,0.8669
1622506050382000,1,1152.42955198,0.8658
1622506050382000,1,1153.92959183,0.8658
1622506083071000,1,7076.90410000,0.8658
1622506088599000,0,152.94600000,0.8671
1622506088985000,0,0.00045178,0.8671
1622506089489000,0,10240.00000000,0.8678
1622506094804000,0,8920.00000000,0.8692
1622506099159000,1,12328.41562950,0.8692
1622506123422000,1,463.15058200,0.8698
1622506130778000,1,1149.22714475,0.8695
1622506130778000,1,2873.22285525,0.8695
1622506130851000,1,0.00008223,0.8695
1622506131648000,0,287.00431450,0.8694
1622506132386000,1,3617.53454000,0.8696
1622506137002000,0,6272.00000000,0.8701
1622506140470000,1,2873.26582721,0.8693
1622506140470000,1,14101.30357279,0.8693
1622506140903000,1,9399.78357533,0.8688
1622506141009000,0,153.54133558,0.8690
1622506147078000,1,7036.86318666,0.8706
1622506147357000,1,7036.86318666,0.8706
1622506147603000,1,601.01413591,0.8705
1622506147885000,1,3077.99070420,0.8705
1622506147885000,1,1207.35346368,0.8705
1622506147903000,1,602.24244042,0.8705
1622506147905000,1,1622.36739052,0.8705
1622506152405000,1,3592.46464000,0.8713
1622506152486000,1,10478.83766000,0.8713
1622506157007000,0,402.00000000,0.8715
1622506160171000,0,5998.00000000,0.8715
1622506160171000,0,6777.22456486,0.8715
1622506160212000,0,260.71886867,0.8715
1622506162523000,0,1666.00000000,0.8715
1622506165691000,1,445.04478811,0.8706
1622506165768000,1,702.84733758,0.8706
1622506165783000,1,907.09723251,0.8706
1622506165787000,1,1953.92345457,0.8706
1622506165894000,1,8.34564037,0.8706
1622506172376000,1,1810.88314142,0.8701
1622506174183000,1,1355.36154213,0.8701
1622506182459000,1,14071.45010000,0.8713
1622506199107000,1,14107.62750000,0.8689
1622506199784000,1,14104.48020000,0.8689
1622506208593000,0,6400.00000000,0.8689
1622506213281000,1,2464.49912000,0.8682
1622506214965000,0,6400.00000000,0.8688
1622506220179000,1,58.50990000,0.8676
1622506220557000,0,34.28495400,0.8681
1622506237938000,1,1000.00000000,0.8698
1622506238713000,1,160.62524400,0.8693
1622506243473000,1,126.34030000,0.8692
1622506253437000,0,2991.19082138,0.8706
1622506253440000,0,5168.80917862,0.8706
1622506253552000,0,1148.73604573,0.8711
1622506253941000,0,2874.88918221,0.8723
1622506257229000,1,711.00000000,0.8731
1622506260900000,1,183.74637829,0.8723
1622506261001000,1,152.94600000,0.8723
1622506263936000,1,3500.00000000,0.8736
1622506270578000,1,2276.34377937,0.8726
1622506270578000,1,1765.93548936,0.8726
1622506270587000,1,1176.99642451,0.8726
1622506270592000,1,976.74356063,0.8726
1622506270695000,1,203.98074613,0.8726
1622506272602000,1,6736.69200000,0.8727
1622506273210000,0,6400.00000000,0.8732
1622506275118000,0,138.00000000,0.8740
1622506275443000,0,163.29900000,0.8739
1622506276191000,0,9151.63258497,0.8747
1622506276195000,0,4522.12260686,0.8747
1622506276195000,0,6400.00000000,0.8747
1622506276298000,0,463.58710785,0.8748
1622506276298000,0,58.32478460,0.8748
1622506276298000,0,158.57460026,0.8749
1622506276392000,0,5256.24878000,0.8747
1622506276421000,0,966.00100000,0.8747
1622506276529000,0,177.75022000,0.8747
1622506276637000,0,400.00000000,0.8750
1622506276637000,0,1067.44800866,0.8750
1622506276703000,0,3932.55199134,0.8750
1622506276703000,0,1317.16056903,0.8750
1622506276703000,0,50.00000000,0.8750
1622506276703000,0,233.27698832,0.8751
1622506276703000,0,400.43372395,0.8751
1622506276703000,0,3289.18723690,0.8755
1622506277240000,0,1200.00000000,0.8757
1622506277240000,0,126.12009804,0.8758
1622506277672000,0,743.20650000,0.8757
1622506277826000,0,65.14817536,0.8760
1622506277826000,0,30.00000000,0.8761
1622506278040000,1,126.12009804,0.8764
1622506278600000,0,100.43399923,0.8775
1622506278600000,0,300.00000000,0.8776
1622506278600000,0,49.99999999,0.8777
1622506278601000,0,0.00000001,0.8777
1622506278601000,0,500.00000000,0.8780
1622506278601000,0,1144.29424760,0.8785
1622506278601000,0,1139.38458009,0.8785
1622506278917000,0,6880.00000000,0.8785
1622506280429000,0,14804.55330000,0.8790
1622506280429000,0,728.82231234,0.8790
1622506280429000,0,4466.62438766,0.8790
1622506280429000,0,500.00000000,0.8790
1622506280429000,0,239.65110000,0.8790
1622506280518000,0,0.00015914,0.8790
1622506280650000,0,29.77110600,0.8794
1622506280650000,0,30892.96779400,0.8799
1622506281111000,0,131.18258544,0.8777
1622506281111000,0,3546.59641456,0.8793
1622506281172000,0,169.56573397,0.8774
1622506281172000,0,139.30310540,0.8776
1622506281172000,0,10546.60828544,0.8793
1622506281172000,0,1144.29424760,0.8800
1622506281172000,0,1137.17519324,0.8800
1622506281172000,0,36.86194935,0.8800
1622506281172000,0,50.51101172,0.8800
1622506281172000,0,50.00000000,0.8800
1622506281172000,0,100.00000000,0.8800
1622506281172000,0,100.00000000,0.8800
1622506281172000,0,500.00000000,0.8800
1622506281172000,0,37.00000000,0.8800
1622506281172000,0,500.00000000,0.8800
1622506281172000,0,162.67620296,0.8800
1622506281172000,0,400.00000000,0.8800
1622506281172000,0,1191.43157032,0.8800
1622506282344000,1,6400.00000000,0.8785
1622506282504000,1,131.18255274,0.8777
1622506282540000,1,0.00000001,0.8777
1622506282803000,1,6880.00000000,0.8785
1622506282956000,1,162.18300205,0.8771
1622506284269000,0,5060.00000000,0.8768
1622506284371000,0,0.83334011,0.8768
1622506284732000,0,360.34313725,0.8783
1622506285350000,1,1129.30000000,0.8777
1622506285471000,1,5270.70000000,0.8777
1622506286969000,1,6400.00000000,0.8768
1622506291717000,0,29.60500097,0.8782
1622506292561000,1,100.00000000,0.8766
1622506295195000,1,3507.17094000,0.8767
1622506295408000,1,10478.83760000,0.8767
1622506300087000,0,3496.46534000,0.8770
1622506300087000,0,280.00000000,0.8770
1622506301712000,1,3559.30551099,0.8762
1622506309825000,1,2100.00000000,0.8760
1622506320981000,1,1140.92730000,0.8757
1622506320991000,1,0.06773895,0.8757
1622506323168000,1,181.90351683,0.8745
1622506324395000,0,2062.19238422,0.8747
1622506324406000,0,668.65555724,0.8747
1622506324412000,0,3494.13300337,0.8747
1622506354731000,1,36.51240441,0.8742
1622506376557000,0,137.71076443,0.8738
1622506396607000,0,150.07491895,0.8748
1622506399202000,0,153.25309486,0.8746
1622506409745000,1,168.11519132,0.8750
1622506410429000,1,162.67290227,0.8750
1622506413807000,0,166.81631643,0.8752
1622506416782000,1,7000.87170000,0.8755
1622506416786000,1,0.00008575,0.8755
1622506417606000,1,8609.29183634,0.8753
1622506417616000,1,725.51647703,0.8753
1622506419053000,0,3559.30551099,0.8759
1622506419053000,0,6025.09327313,0.8759
1622506443353000,1,1374.00768874,0.8750
1622506443367000,1,672.44826844,0.8750
1622506443379000,1,2074.40102202,0.8750
1622506443399000,1,1817.64804681,0.8750
1622506443431000,1,2331.15399724,0.8750
1622506443466000,1,565.96889889,0.8750
1622506443466000,1,501.27961829,0.8750
1622506447980000,1,169.03160000,0.8751
1622506448017000,1,1.22155576,0.8751
1622506448023000,0,6400.00000000,0.8753
1622506448242000,1,170.25310000,0.8752
1622506453761000,0,840.10977488,0.8764
1622506500813000,1,9334.03698753,0.8754
1622506521179000,1,6400.00000000,0.8717
1622506521179000,1,11688.20730000,0.8715
1622506521179000,1,1857.40275530,0.8715
1622506525248000,1,138.23071073,0.8728
1622506525248000,1,4848.17180305,0.8718
1622506528576000,1,1246.60062844,0.8725
1622506533353000,1,311.65015712,0.8728
1622506539854000,1,7020.18810000,0.8731
1622506556493000,0,808.56842968,0.8800
1622506556493000,0,134.36740944,0.8800
1622506556493000,0,1500.00000000,0.8800
1622506556493000,0,23700.00000000,0.8800
1622506556493000,0,700.00000000,0.8800
1622506556493000,0,440.82645222,0.8800
1622506556493000,0,1476.21250104,0.8800
1622506556493000,0,3000.00000000,0.8800
1622506556493000,0,68.60031291,0.8800
1622506556859000,0,800.00000000,0.8813
1622506556859000,0,60.94638936,0.8816
1622506556859000,0,11241.08907748,0.8819
1622506560113000,0,88.17190000,0.8830
1622506560655000,1,693.00000000,0.8811
1622506561422000,1,121.00000000,0.8812
1622506562726000,1,6400.00000000,0.8813
1622506564438000,1,65.56051400,0.8802
1622506566252000,1,763.36577440,0.8810
1622506566274000,1,3181.74158814,0.8810
1622506566320000,1,2454.89263746,0.8810
1622506572041000,1,103.88338570,0.8780
1622506575735000,1,157.07000000,0.8777
1622506575765000,0,167.71910608,0.8777
1622506575798000,0,132.71983367,0.8777
1622506575854000,0,160.20753819,0.8777
1622506575876000,0,157.78407127,0.8777
1622506575982000,0,5781.56945079,0.8777
1622506577121000,1,176.05680000,0.8775
1622506578483000,1,155.36370000,0.8775
1622506578513000,1,0.00002733,0.8775
1622506578795000,0,154.13685125,0.8780
1622506578868000,0,166.91342475,0.8780
1622506580277000,1,136.62630000,0.8777
1622506580277000,1,0.00009463,0.8777
1622506580504000,1,181.96100000,0.8778
1622506580509000,1,0.00004396,0.8778
1622506580797000,1,165.10540000,0.8780
1622506580829000,1,12.88967616,0.8780
1622506580829000,1,152.21572384,0.8778
1622506581090000,1,161.33270000,0.8781
1622506581099000,1,0.00006705,0.8781
1622506581394000,1,143.88230000,0.8781
1622506581412000,1,0.00008635,0.8781
1622506584158000,1,183.19710000,0.8785
1622506584222000,1,0.00002025,0.8785
1622506584560000,1,163.02430000,0.8784
1622506584580000,1,0.00004617,0.8784
1622506586299000,1,156.99190000,0.8783
1622506588684000,1,155.54710000,0.8781
1622506588685000,1,0.00005913,0.8781
1622506589016000,1,148.53830000,0.8782
1622506589036000,1,0.00008200,0.8782
1622506589292000,1,164.63990000,0.8781
1622506590504000,1,138.91980000,0.8781
1622506590505000,1,0.00007266,0.8781
1622506590623000,1,134.55350000,0.8783
1622506590743000,1,0.00008921,0.8783
1622506590843000,1,136.53700000,0.8784
1622506590891000,1,0.00003916,0.8784
1622506592370000,1,156.43250000,0.8782
1622506592426000,1,0.00009873,0.8782
1622506592517000,0,319.98353042,0.8786
1622506592813000,1,161.85700000,0.8782
1622506592818000,1,0.00009112,0.8782
1622506593057000,1,183.38020000,0.8782
1622506593063000,1,0.00003559,0.8782
1622506593240000,1,155.11892444,0.8782
1622506593479000,1,165.06600000,0.8783
1622506593482000,1,0.00002107,0.8783
1622506593875000,1,146.32080000,0.8784
1622506593907000,1,38.12590965,0.8784
1622506593907000,1,108.19489035,0.8782
1622506594025000,0,141.30859482,0.8786
1622506594101000,0,159.54987233,0.8786
1622506594157000,0,140.16477532,0.8786
1622506594254000,0,5638.99322711,0.8786
1622506596708000,1,160.17260000,0.8784
1622506600455000,0,1137.09842523,0.8799
1622506600621000,0,6400.00000000,0.8799
1622506607514000,1,166.29200000,0.8783
1622506609000000,1,165.26340000,0.8781
1622506612617000,1,178.69280000,0.8780
1622506612940000,0,877.46213400,0.8783
1622506614500000,1,167.05070000,0.8773
1622506616047000,1,163.05170000,0.8776
1622506616352000,0,52.00000000,0.8778
1622506616450000,0,2282.06391200,0.8778
1622506620807000,1,168.80960000,0.8769
1622506621383000,1,174.48890000,0.8771
1622506632259000,0,1000.00000000,0.8754
1622506632454000,1,3000.00000000,0.8743
1622506637557000,1,114.89498600,0.8745
1622506651394000,1,166.21960000,0.8741
1622506660927000,1,4110.62061898,0.8748
1622506669033000,1,7005.32390000,0.8751
1622506669130000,1,100.00000000,0.8744
1622506680479000,0,138.33450997,0.8757
1622506680479000,0,861.66549003,0.8760
1622506685408000,1,3583.25873627,0.8751
1622506685480000,1,3421.63693098,0.8751
1622506686713000,1,1704.80300369,0.8751
1622506686757000,1,806.86415505,0.8751
1622506686796000,1,2693.62225503,0.8751
1622506686796000,1,1799.60625348,0.8751
1622506686837000,0,1139.10542602,0.8758
1622506686905000,1,1537.80617658,0.8750
1622506686933000,1,677.00109314,0.8750
1622506686953000,1,1544.69921277,0.8750
1622506686956000,1,2640.49351751,0.8750
1622506690161000,1,3921.34892458,0.8735
1622506697033000,1,132.79030000,0.8733
1622506705212000,1,6400.00000000,0.8739
1622506705212000,1,157.55868111,0.8738
1622506705410000,0,1442.44131000,0.8738
1622506706500000,0,0.00000889,0.8738
1622506730003000,0,584.34190000,0.8734
1622506730398000,0,0.00009864,0.8734
1622506754780000,1,7012.87240000,0.8743
1622506756635000,1,0.00004186,0.8743
1622506756635000,1,282.88315492,0.8738
1622506779645000,0,126.48631798,0.8741
1622506784444000,1,154.16550000,0.8733
1622506798759000,1,586.04643000,0.8732
1622506806756000,1,9375.19120000,0.8717
1622506817513000,1,82.30453000,0.8702
1622506818418000,1,914.99265582,0.8702
1622506820298000,1,136.80600000,0.8699
1622506820421000,0,151.11989496,0.8704
1622506821005000,0,174.47527949,0.8704
1622506821121000,0,143.48266536,0.8704
1622506821553000,0,6082.04205515,0.8704
1622506825397000,1,1000.00000000,0.8696
1622506852616000,0,1129.30000000,0.8721
1622506852624000,0,5270.70000000,0.8721
1622506865905000,1,182.78500000,0.8727
1622506868818000,1,176.78800000,0.8726
1622506868897000,1,0.00084348,0.8726
1622506869917000,0,27241.13136109,0.8722
1622506870200000,0,2237.42167364,0.8721
1622506870338000,0,2542.03149163,0.8721
1622506871856000,0,905.91210977,0.8719
1622506874746000,0,94.00000000,0.8719
1622506875378000,0,1892.13670417,0.8712
1622506882234000,1,9393.69498508,0.8696
1622506905292000,0,165.51229061,0.8725
1622506905292000,0,6400.00000000,0.8730
1622506905292000,0,1548.23032879,0.8732
1622506908527000,1,769.72700000,0.8714
1622506910803000,0,6400.00000000,0.8716
1622506923634000,0,6400.00000000,0.8716
1622506924709000,0,6399.99999999,0.8720
1622506924752000,0,0.00000001,0.8720
1622506926247000,0,144.54559847,0.8723
1622506926834000,1,7026.79397969,0.8724
1622506927491000,0,150.95277607,0.8725
1622506927620000,1,7026.79397969,0.8724
1622506927709000,1,14048.84731213,0.8723
1622506928915000,1,2989.98749200,0.8724
1622506928998000,1,1046.81899569,0.8724
1622506958597000,0,2844.86604095,0.8792
1622506958597000,0,1137.94641638,0.8792
1622506978021000,0,1118.29252707,0.8769
1622506985825000,1,146.84206053,0.8766
1622506985876000,0,7419.75252272,0.8769
1622506985876000,0,2853.75445525,0.8769
1622506985876000,0,1766.29985282,0.8769
1622506985878000,0,4633.70014718,0.8769
1622506985878000,0,1019.20003902,0.8769
1622506985878000,0,1109.76571627,0.8770
1622506985894000,1,166.34268943,0.8769
1622506985982000,0,4924.09621025,0.8769
1622506985983000,0,1475.90378975,0.8769
1622506985983000,0,1349.84045860,0.8769
1622506985983000,0,4801.39098311,0.8770
1622506985988000,0,744.18189284,0.8770
1622506987181000,1,1223.96890368,0.8754
1622506999298000,1,100.00000000,0.8757
1622507000654000,0,3543.28166955,0.8759
1622507060749000,0,1142.75418545,0.8754
1622507060764000,0,22005.22870000,0.8755
1622507060764000,0,2533.81050000,0.8756
1622507061005000,0,323.05873138,0.8755
1622507061008000,0,323.05873138,0.8755
1622507061028000,0,323.05873138,0.8755
1622507061035000,0,173.51640098,0.8755
1622507061052000,0,323.05873138,0.8756
1622507061055000,0,0.00000001,0.8756
1622507090526000,1,6992.71850000,0.8769
1622507091339000,1,9326.37240000,0.8764
1622507097739000,1,9322.79591611,0.8770
1622507097859000,1,6645.35400608,0.8766
1622507106013000,1,6399.99999999,0.8765
1622507131929000,1,226.52661096,0.8773
1622507131929000,1,302.04735360,0.8772
1622507137757000,1,0.00008383,0.8764
1622507160282000,0,212.94539376,0.8768
1622507165531000,1,6400.00000000,0.8758
1622507176988000,1,9341.34881797,0.8751
1622507197555000,1,6385.80644731,0.8750
1622507216637000,1,428.11287401,0.8749
1622507216640000,1,794.85692859,0.8749
1622507233917000,1,133.96642684,0.8739
1622507233917000,1,1566.03357316,0.8737
1622507280255000,1,107.41320909,0.8729
1622507298251000,0,6400.00000000,0.8743
1622507307008000,0,1143.32490000,0.8754
1622507308189000,0,178.84003246,0.8753
1622507308545000,0,167.78735499,0.8755
1622507313084000,0,158.71472453,0.8753
1622507313129000,0,0.00000001,0.8753
1622507313424000,0,130.50600000,0.8753
1622507314342000,1,459.12017000,0.8750
1622507318856000,0,6400.00000000,0.8763
1622507318856000,0,1141.77107737,0.8763
1622507318856000,0,7458.22892263,0.8763
1622507334149000,0,2865.65790103,0.8762
1622507334163000,0,674.64135002,0.8762
1622507334175000,0,3261.33469000,0.8762
1622507334243000,0,428.97161421,0.8762
1622507334261000,0,998.79400000,0.8762
1622507334294000,0,6307.09504150,0.8762
1622507334357000,0,3478.39000324,0.8762
1622507335223000,0,1141.15388917,0.8769
1622507335223000,0,1141.15388917,0.8769
1622507357313000,0,1368.54262899,0.8792
1622507358842000,0,980.00000000,0.8800
1622507369820000,0,147.91061432,0.8794
1622507371461000,0,137.27240000,0.8794
1622507371498000,0,0.00009324,0.8794
1622507376351000,0,169.42611646,0.8792
1622507376351000,0,830.57388354,0.8796
1622507388630000,0,19106.64090000,0.8798
1622507391699000,0,20.00000000,0.8800
1622507402970000,1,400.00000000,0.8804
1622507405424000,1,4041.78890320,0.8798
1622507405460000,1,1129.30000000,0.8798
1622507405544000,1,1596.07854495,0.8798
1622507405566000,1,1228.22044220,0.8798
1622507405671000,1,2364.61210965,0.8798
1622507427228000,1,6400.00000000,0.8800
1622507427228000,1,1265.50810400,0.8799
1622507431462000,1,5700.91403102,0.8799
1622507431462000,1,6631.01934891,0.8799
1622507467520000,0,1137.90490000,0.8794
1622507467548000,0,0.00008038,0.8794
1622507467548000,0,1137.90490000,0.8794
1622507468118000,0,1137.38720000,0.8796
1622507476985000,0,1129.30000000,0.8796
1622507482980000,0,2843.74705809,0.8799
1622507482993000,0,1137.67450000,0.8800
1622507483068000,1,131.94740342,0.8798
1622507487897000,1,175.44982231,0.8789
1622507490818000,0,174.00000000,0.8796
1622507520340000,0,112.54732103,0.8796
1622507520817000,1,6400.00000000,0.8787
1622507520817000,1,131.36656640,0.8786
1622507520817000,1,1582.37605300,0.8782
1622507523411000,1,3471.49094000,0.8790
1622507525732000,1,13953.25160000,0.8788
1622507525732000,1,9299.39340000,0.8785
1622507525732000,1,6978.70088328,0.8784
1622507525732000,1,9303.56154902,0.8784
1622507525732000,1,8816.31191270,0.8782
1622507526090000,1,1228.77569777,0.8785
1622507529561000,1,3451.12004000,0.8802
1622507532841000,0,1000.00000000,0.8819
1622507534795000,0,0.00009695,0.8830
1622507534795000,0,998.91748941,0.8831
1622507535538000,0,400.00000000,0.8835
1622507535538000,0,500.00000000,0.8835
1622507536143000,0,29.60500097,0.8843
1622507536143000,0,230.82719363,0.8844
1622507536143000,0,225.21446078,0.8847
1622507536143000,0,5050.00000000,0.8850
1622507536143000,0,1121.13191355,0.8850
1622507536709000,0,225.21414303,0.8861
1622507540703000,0,1129.17280000,0.8861
1622507540917000,0,1129.17285000,0.8861
1622507541431000,0,30.00000000,0.8861
1622507541644000,0,1000.00000000,0.8866
1622507542045000,0,400.00000000,0.8874
1622507542045000,0,400.00000000,0.8875
1622507542184000,0,50.00000000,0.8877
1622507543655000,0,222.00000000,0.8880
1622507544139000,0,7736.88010000,0.8885
1622507544232000,0,600.00000000,0.8885
1622507544515000,0,400.00000000,0.8888
1622507544515000,0,600.00000000,0.8889
1622507544795000,0,400.00000000,0.8889
1622507544795000,0,200.00000000,0.8889
1622507544795000,0,75.00000000,0.8890
1622507547693000,1,3755.81712000,0.8873
1622507550584000,1,520.64658306,0.8862
1622507551443000,0,500.00000000,0.8869
1622507552206000,1,3351.70404000,0.8865
1622507552746000,0,3753.06533790,0.8875
1622507557197000,0,1164.50308441,0.8873
1622507557218000,0,6915.49691559,0.8873
1622507557984000,0,1126.25549331,0.8884
1622507558777000,1,442.75079294,0.8882
1622507558777000,1,432.08281560,0.8882
1622507558867000,0,183.07478373,0.8883
1622507559985000,1,566.38545254,0.8882
1622507561517000,1,3333.75754000,0.8877
1622507561618000,1,4475.74346869,0.8877
1622507564979000,1,5127.86504000,0.8875
1622507565594000,1,3600.00000000,0.8875
1622507578638000,1,200.00000000,0.8855
1622507583634000,1,100.00000000,0.8851
1622507583862000,1,29.14026969,0.8851
1622507586347000,1,3316.02824000,0.8887
1622507588509000,1,3318.97834000,0.8885
1622507592155000,0,200.00000000,0.8900
1622507592155000,0,300.00000000,0.8900
1622507592155000,0,50.00000000,0.8900
1622507592155000,0,100.00000000,0.8900
1622507592155000,0,672.20892210,0.8900
1622507592155000,0,250.00000000,0.8900
1622507592155000,0,100.00000000,0.8900
1622507592155000,0,6126.79107790,0.8900
1622507592289000,0,2501.91313420,0.8900
1622507592408000,0,1371.29578790,0.8900
1622507592408000,0,50.00000000,0.8900
1622507592408000,0,100.00000000,0.8900
1622507592408000,0,1916.62499210,0.8900
1622507592482000,0,83.37500790,0.8900
1622507592482000,0,1190.98000000,0.8900
1622507592482000,0,250.00000000,0.8900
1622507592482000,0,995.05986205,0.8900
1622507592482000,0,200.00000000,0.8900
1622507592482000,0,6999.25077592,0.8900
1622507592483000,0,15569.57830446,0.8900
1622507592514000,0,20924.09591962,0.8900
1622507592514000,0,1500.00000000,0.8900
1622507592514000,0,1500.00000000,0.8900
1622507592514000,0,437.92078393,0.8900
1622507592827000,0,50.00000000,0.8902
1622507593469000,0,196.00000000,0.8910
1622507594147000,0,4.00000000,0.8910
1622507594147000,0,696.00000000,0.8915
1622507594193000,0,4.00000000,0.8915
1622507594377000,0,2528.38679780,0.8920
1622507594377000,0,7294.72018781,0.8920
1622507594377000,0,2805.10843166,0.8920
1622507594377000,0,1122.11028549,0.8920
1622507594377000,0,100.00000000,0.8920
1622507595922000,1,684.00000000,0.8920
1622507596098000,1,112.00000000,0.8920
1622507596214000,1,3304.00000000,0.8920
1622507596321000,0,406.00000000,0.8922
1622507596646000,1,112.00000000,0.8905
1622507596654000,1,685.00000000,0.8905
1622507617626000,1,549.41124797,0.8890
1622507617626000,1,779.79024988,0.8890
1622507617643000,1,1699.17258152,0.8890
1622507617646000,1,457.28440579,0.8890
1622507618978000,1,250.00000000,0.8890
1622507629194000,1,29.40000000,0.8890
1622507630227000,1,0.60000000,0.8890
1622507680609000,0,1125.82338380,0.8887
1622507680609000,0,2814.53425620,0.8887
1622507682119000,1,1213.75000000,0.8878
1622507684539000,0,65.17029727,0.8900
1622507693547000,1,10381.70300600,0.8883
1622507711500000,1,6400.00000000,0.8875
1622507711500000,1,1125.75087583,0.8874
1622507711500000,1,9202.94442519,0.8874
1622507711500000,1,2815.43288285,0.8874
1622507711500000,1,502.26517113,0.8873
1622507717053000,1,4000.00000000,0.8861
1622507717136000,1,1125.75087583,0.8860
1622507717317000,1,1125.75087583,0.8858
1622507717440000,0,169.40916837,0.8859
1622507717585000,0,4800.00000000,0.8859
1622507742445000,1,3276.00000000,0.8850
1622507742445000,1,6225.49870000,0.8850
1622507742456000,1,0.00000882,0.8850
1622507743604000,1,159.72870000,0.8843
1622507743704000,1,0.00003214,0.8843
1622507757387000,1,261.49302481,0.8831
1622507786759000,1,6901.22783737,0.8876
1622507800371000,0,101.87082738,0.8894
1622507806671000,0,4312.62880000,0.8894
1622507809356000,0,1000.00000000,0.8900
1622507814103000,1,112.00000000,0.8917
1622507814586000,0,58.32478460,0.8924
1622507815271000,0,60.94638935,0.8930
1622507815275000,0,0.00000001,0.8930
1622507815625000,1,112.00000000,0.8922
1622507815835000,1,288.00000000,0.8922
1622507826973000,1,1163.06000000,0.8907
1622507839940000,0,2245.00150400,0.8915
1622507848591000,0,6400.00000000,0.8928
1622507851320000,0,1120.33269400,0.8938
1622507851320000,0,1119.57818385,0.8938
1622507851355000,0,228.40223368,0.8938
1622507851416000,0,3413.03779853,0.8939
1622507853972000,1,3237.29334000,0.8937
1622507856937000,0,871.28981045,0.8939
1622507857626000,0,1526.93283877,0.8939
1622507857741000,0,719.69823456,0.8939
1622507857760000,0,533.19107012,0.8939
1622507858412000,0,513.44325271,0.8939
1622507858413000,0,612.18233976,0.8939
1622507858839000,0,11069.10043074,0.8939
1622507861977000,0,42.45620000,0.8932
1622507866467000,0,140.83528210,0.8937
1622507866467000,0,2413.28022135,0.8940
1622507873038000,0,177.77749014,0.8918
1622507873038000,0,146.36368527,0.8919
1622507886103000,1,581.00000000,0.8918
1622507887085000,1,1690.00000000,0.8921
1622507892132000,1,1120.50090000,0.8912
1622507894512000,1,392.78490000,0.8905
1622507894515000,1,6488.52755825,0.8905
1622507894515000,1,9171.84070000,0.8903
1622507894515000,1,9175.33936323,0.8903
1622507894515000,1,500.00000000,0.8901
1622507894515000,1,6451.42187852,0.8899
1622507899061000,0,3000.00000000,0.8925
1622507899061000,0,2268.81498900,0.8925
1622507906287000,1,175.80804313,0.8916
1622507912760000,1,149.30029535,0.8925
1622507915071000,1,9158.20589646,0.8920
1622507915387000,1,3441.36105538,0.8920
1622507915410000,1,503.51995207,0.8920
1622507915413000,1,1070.80443956,0.8920
1622507915491000,1,701.15939407,0.8920
1622507919706000,0,200.00000000,0.8922
1622507919772000,0,2900.00000000,0.8922
1622507919784000,0,3300.00000000,0.8922
1622507919883000,0,2417.96435609,0.8922
1622507919888000,0,2838.87634604,0.8922
1622507919930000,0,1071.47472038,0.8922
1622507931286000,1,1700.00000000,0.8918
1622507942313000,1,3991.48457484,0.8916
1622507942342000,1,888.76425244,0.8916
1622507963343000,1,3240.97224000,0.8935
1622507965336000,1,3244.89824000,0.8933
1622507965852000,1,175.71588889,0.8930
1622507980409000,0,178.00000000,0.8931
1622507984873000,0,136.00000000,0.8932
1622507988594000,1,768.03423457,0.8930
1622508000336000,1,175.01066631,0.8932
1622508000336000,1,92.35010920,0.8930
1622508001840000,1,29.66677312,0.8933
1622508002691000,1,3240.51514000,0.8937
1622508006677000,0,2660.01523076,0.8934
1622508006678000,0,588.33571207,0.8934
1622508006683000,0,3151.64905717,0.8934
1622508006683000,0,6684.52774283,0.8934
1622508006687000,0,641.04254208,0.8934
1622508007338000,0,1420.58173721,0.8940
1622508008674000,1,3494.06615854,0.8935
1622508008768000,1,1510.25294482,0.8935
1622508009399000,1,2687.42764000,0.8935
1622508009490000,1,667.28230191,0.8935
1622508009499000,1,893.40998457,0.8935
1622508016172000,0,6400.00000000,0.8937
1622508016172000,0,8086.81552474,0.8937
1622508019502000,1,261.82200000,0.8929
1622508032977000,0,555.70764600,0.8940
1622508033405000,0,3023.71061679,0.8940
1622508033913000,0,800.00000000,0.8945
1622508034489000,0,52.85046275,0.8948
1622508034568000,0,1250.00000000,0.8950
1622508034568000,0,400.00000000,0.8950
1622508034568000,0,160.00000000,0.8950
1622508037554000,1,50.00000000,0.8946
1622508037653000,1,169.57000000,0.8946
1622508071247000,1,867.47800000,0.8926
1622508071354000,1,7252.52200000,0.8926
1622508125123000,0,6400.00000000,0.8911
1622508125123000,0,896.96722843,0.8911
1622508125124000,0,225.95956797,0.8911
1622508125124000,0,2807.13784400,0.8911
1622508125298000,0,104.72813781,0.8913
1622508125319000,0,5300.24874183,0.8913
1622508125324000,0,1893.01169290,0.8913
1622508125324000,0,104.72813781,0.8913
1622508125362000,0,1018.19865859,0.8913
1622508125362000,0,2171.19227318,0.8913
1622508125375000,0,635.94557082,0.8913
1622508125390000,1,173.33611303,0.8911
1622508125424000,0,892.06080000,0.8911
1622508125458000,0,756.60884110,0.8911
1622508125483000,0,4577.99424587,0.8911
1622508125497000,0,87.83363971,0.8920
1622508154293000,1,8503.92865178,0.8929
1622508190973000,1,4349.88588000,0.8937
1622508193287000,0,1118.95874175,0.8944
1622508193287000,0,2797.28988968,0.8944
1622508200618000,0,169.48500000,0.8950
1622508201660000,0,172.16100000,0.8949
1622508202876000,0,0.00030000,0.8950
1622508204710000,0,157.85500000,0.8954
1622508207644000,0,42.35690000,0.8953
1622508208210000,0,150.17200000,0.8956
1622508209500000,0,183.94400000,0.8957
1622508210499000,1,423.54890000,0.8954
1622508210608000,1,166.36746977,0.8958
1622508210872000,0,154.71000000,0.8958
1622508211210000,0,150.00000000,0.8960
1622508211210000,0,30.00000000,0.8961
1622508211662000,1,25.76430000,0.8957
1622508212783000,1,42.35690000,0.8966
1622508213385000,0,136.45394000,0.8966
1622508213409000,0,0.00000949,0.8966
1622508213937000,0,5000.00000000,0.8973
1622508214042000,0,1200.36874556,0.8973
1622508215152000,0,100.00000000,0.8976
1622508216272000,1,126.87240000,0.8967
1622508216544000,0,100.00000000,0.8977
1622508216708000,0,100.00000000,0.8980
1622508216708000,0,56.00000000,0.8980
1622508217603000,0,157.27602000,0.8978
1622508218883000,0,0.00000042,0.8978
1622508224715000,1,149.34579022,0.8972
1622508224757000,1,4000.00000000,0.8968
1622508228646000,0,3333.31793582,0.8961
1622508228646000,0,5281.71771447,0.8961
1622508228651000,0,1118.28228553,0.8961
1622508228838000,0,1116.20058684,0.8968
1622508228933000,1,1116.84175023,0.8962
1622508229371000,0,1116.20058684,0.8977
1622508229371000,0,1116.84175023,0.8977
1622508229371000,0,1115.77671201,0.8981
1622508229867000,0,1000.00000000,0.8985
1622508229867000,0,1400.00000000,0.8985
1622508230397000,0,28.00000000,0.8989
1622508230560000,0,890.00000000,0.8990
1622508230634000,0,1111.83208595,0.8999
1622508230634000,0,7892.54011428,0.8999
1622508230634000,0,1116.20058684,0.8999
1622508230634000,0,15479.42721293,0.8999
1622508230649000,0,32254.57278707,0.8999
1622508230649000,0,13451.77064500,0.8999
1622508233254000,1,42.20070000,0.8990
1622508233336000,1,3158.64554000,0.8990
1622508235214000,0,146.85833982,0.8999
1622508235214000,0,1111.74346018,0.8999
1622508235369000,0,0.00010950,0.8999
1622508235369000,0,2779.41739050,0.9000
1622508245325000,1,4620.21587658,0.8982
1622508245331000,1,3170.40834000,0.8982
1622508245414000,1,3637.92611055,0.8982
1622508245414000,1,770.88813629,0.8982
1622508247263000,1,3000.00000000,0.8972
1622508247263000,1,14674.12110000,0.8972
1622508250287000,1,50.00000000,0.8986
1622508250415000,0,6400.00000000,0.8989
1622508250415000,0,1113.17171564,0.8990
1622508252129000,0,115.43369339,0.8989
1622508264854000,0,156.25800000,0.8982
1622508278589000,0,203.90158252,0.8973
1622508278770000,1,4800.00000000,0.8963
1622508284740000,0,1116.01413319,0.8965
1622508310163000,0,0.00000424,0.8982
1622508320184000,1,6824.61907776,0.8980
1622508330436000,1,196.24613900,0.8974
1622508332902000,1,9104.96025811,0.8972
1622508335060000,1,1115.30714443,0.8953
1622508335060000,1,4000.00000000,0.8949
1622508335060000,1,148.36015737,0.8949
1622508335060000,1,3346.59092316,0.8944
1622508335211000,1,988.32700000,0.8949
1622508335329000,1,125.15458970,0.8949
1622508335329000,1,1115.30714443,0.8949
1622508341762000,0,1117.02139543,0.8961
1622508342121000,0,6400.00000000,0.8964
1622508372848000,1,1350.56082415,0.8940
1622508382256000,0,6400.00000000,0.8939
1622508385098000,0,1129.30000000,0.8945
1622508392711000,0,250.00000000,0.8952
1622508424949000,1,2000.00000000,0.8957
1622508426044000,1,171.07100000,0.8951
1622508428976000,1,181.33788963,0.8947
1622508431982000,1,148.19600000,0.8952
1622508437851000,1,1401.16234000,0.8950
1622508473239000,1,34.00000000,0.8948
1622508475278000,1,143.87300000,0.8948
1622508476461000,1,666.16000000,0.8944
1622508559126000,1,57.30110800,0.8926
1622508559298000,1,38.90000000,0.8923
1622508570093000,0,123.27139500,0.8925
1622508611050000,0,522.17623000,0.8911
1622508611785000,0,6400.00000000,0.8913
1622508611785000,0,130.18942999,0.8913
1622508611831000,0,0.00000001,0.8913
1622508612381000,0,7920.00000000,0.8920
1622508612865000,0,1133.63545615,0.8920
1622508612887000,0,2942.77164897,0.8920
1622508612920000,0,677.29167519,0.8920
1622508612972000,0,1129.30000000,0.8920
1622508613033000,0,517.00121969,0.8920
1622508632535000,1,55.20504700,0.8924
1622508633808000,0,162.94136235,0.8928
1622508645138000,1,1118.81100000,0.8929
1622508645160000,1,0.00001716,0.8929
1622508645160000,1,2797.42107401,0.8929
1622508657898000,0,6400.00000000,0.8925
1622508657898000,0,6608.56719724,0.8926
1622508678525000,0,6400.00000000,0.8910
1622508692960000,1,200.00000000,0.8903
1622508723863000,1,25.00000000,0.8915
1622508778053000,1,1119.16662377,0.8929
1622508778231000,1,1119.16662377,0.8929
1622508778254000,1,541.19160604,0.8929
1622508785567000,1,3260.75024000,0.8923
1622508785711000,1,2798.12606916,0.8920
1622508785711000,1,1119.44726172,0.8920
1622508785872000,1,1120.01146892,0.8920
1622508786277000,1,8720.00000000,0.8918
1622508836987000,0,250.00000000,0.8931
1622508844478000,1,4014.63326080,0.8929
1622508881018000,1,325.98332200,0.8912
1622508920155000,1,2811.51926113,0.8882
1622508920155000,1,1124.09313785,0.8882
1622508920399000,1,1525.38823529,0.8882
1622508920473000,1,181.09016721,0.8882
1622508920473000,1,2053.09595189,0.8879
1622508923343000,1,260.48900000,0.8876
1622508938328000,0,6108.17550369,0.8884
1622508938384000,0,291.82449631,0.8884
1622508938653000,0,628.45419318,0.8886
1622508938658000,0,2954.64179162,0.8886
1622508948369000,0,837.47600000,0.8890
1622508948391000,0,5562.52400000,0.8890
1622508948888000,1,4685.31158662,0.8887
1622508948908000,1,2209.93256838,0.8887
1622508948921000,1,136.21040042,0.8887
1622508948928000,1,1124.71516588,0.8883
1622508948928000,1,2811.96200512,0.8883
1622508948928000,1,4731.35288009,0.8882
1622508948936000,1,1293.84082801,0.8882
1622508949125000,1,1124.71516588,0.8882
1622508949125000,1,781.46604235,0.8882
1622508949140000,1,978.73634977,0.8882
1622508949154000,1,749.25243097,0.8882
1622508949158000,1,302.50718203,0.8882
1622508957049000,0,35.85948142,0.8882
1622508972799000,0,6400.00000000,0.8889
1622508972892000,0,9968.18187216,0.8889
1622509024102000,1,159.18608375,0.8924
1622509024102000,1,148.78776349,0.8922
1622509024102000,1,704.35460198,0.8921
1622509026762000,0,82.49152800,0.8937
1622509079348000,1,173.22424749,0.8925
1622509079348000,1,1119.66284712,0.8923
1622509093559000,1,478.41585800,0.8912
1622509104947000,1,175.14515109,0.8914
1622509107245000,1,184.95091326,0.8909
1622509148357000,1,3280.34544000,0.8908
1622509150251000,1,162.55900000,0.8907
1622509152453000,0,530.75791300,0.8913
1622509200298000,1,595.89183300,0.8906
1622509209889000,1,131.29042734,0.8909
1622509209889000,1,280.64600866,0.8908
1622509215536000,1,966.74100000,0.8907
1622509216765000,1,422.63895765,0.8895
1622509231439000,1,35.66942900,0.8895
1622509251333000,1,144.31742277,0.8878
1622509272434000,0,4100.00000000,0.8880
1622509272545000,0,2810.37949000,0.8880
1622509272590000,0,0.00000902,0.8880
1622509293257000,1,2554.11550345,0.8893
1622509300914000,1,30.00000000,0.8899
1622509329541000,0,66.46456800,0.8896
1622509358723000,0,6899.61795248,0.8893
1622509358723000,0,15071.03450000,0.8893
1622509358723000,0,3629.34754752,0.8894
1622509358761000,0,6413.97265248,0.8894
1622509358761000,0,9200.00528303,0.8894
1622509374337000,1,13807.09800000,0.8878
1622509374683000,1,13803.47740000,0.8878
1622509378272000,0,847.00000000,0.8880
1622509380856000,0,529.07414691,0.8880
1622509380875000,0,5532.58988746,0.8880
1622509385998000,0,6400.00000000,0.8889
1622509386117000,0,6901.12633964,0.8891
1622509389627000,1,1125.00112500,0.8879
1622509389627000,1,2813.35364856,0.8879
1622509389729000,1,9202.80840860,0.8878
1622509421934000,0,600.00000000,0.8876
1622509430225000,0,6272.00000000,0.8870
1622509432032000,1,41.16234000,0.8856
1622509436864000,1,7863.37311406,0.8840
1622509436864000,1,539.10421194,0.8840
1622509440278000,0,43.38956069,0.8855
1622509445106000,1,6400.00000000,0.8853
1622509445106000,1,2314.05055497,0.8853
1622509445107000,1,4606.28965464,0.8853
1622509459907000,0,163.86192881,0.8862
1622509464360000,1,1121.16234000,0.8856
1622509482144000,0,6400.00000000,0.8855
1622509482144000,0,3032.45701769,0.8856
1622509488952000,0,56.46272331,0.8865
1622509504520000,1,33.00000000,0.8855
1622509542802000,1,86.38287265,0.8836
1622509542980000,1,5376.21259493,0.8832
1622509543016000,1,794.66416149,0.8832
1622509543511000,1,589.12324358,0.8832
1622509545613000,0,55.00000000,0.8829
1622509549966000,1,6400.00000000,0.8816
1622509549966000,1,8172.45421753,0.8816
1622509565709000,0,110.00000000,0.8835
1622509570624000,0,28.32760898,0.8835
1622509570624000,0,190.67239102,0.8838
1622509578357000,1,49.28000000,0.8838
1622509618192000,0,33.48887100,0.8846
1622509618272000,1,468.21449268,0.8839
1622509618274000,1,2299.40065819,0.8839
1622509618275000,1,463.77644062,0.8839
1622509618277000,1,670.14586156,0.8839
1622509626932000,1,168.15596037,0.8837
1622509626932000,1,4000.56242163,0.8837
1622509638585000,1,134.58548392,0.8830
1622509673247000,1,44.43422100,0.8831
1622509675264000,1,171.05732600,0.8829
1622509675702000,0,6103.00712550,0.8834
1622509677588000,0,2930.17134609,0.8831
1622509677718000,0,2636.37002471,0.8831
1622509682014000,0,1006.98370701,0.8828
1622509689177000,1,222.83042900,0.8817
1622509698233000,1,678.04925400,0.8820
1622509699415000,0,140.14100000,0.8832
1622509701298000,0,159.99400000,0.8833
1622509703589000,0,155.90300000,0.8833
1622509721471000,1,921.16234000,0.8824
1622509750778000,0,71.93443300,0.8828
1622509763680000,0,166.03200000,0.8829
1622509763793000,0,0.00067623,0.8829
1622509774684000,1,6940.29845897,0.8831
1622509774778000,1,6400.00000000,0.8831
1622509774778000,1,1907.22069223,0.8830
1622509836226000,1,10600.00000000,0.8810
1622509836226000,1,5092.83110720,0.8810
1622509836292000,1,4179.61824866,0.8810
1622509836397000,1,1134.47885445,0.8809
1622509836397000,1,2571.57889250,0.8809
1622509838852000,1,761.16234000,0.8803
1622509839734000,1,10478.83766000,0.8803
1622509873579000,0,507.23000000,0.8819
1622509873830000,0,5892.77000000,0.8819
1622509888308000,1,161.75346061,0.8831
1622509926594000,1,277.15951468,0.8811
1622509927182000,1,922.84000000,0.8811
1622509964748000,0,179.92081227,0.8826
1622509980040000,1,136.92800000,0.8820
1622509991991000,0,2410.51074826,0.8824
1622509991996000,1,0.00075753,0.8820
1622509995333000,1,69.53200000,0.8816
1622509995389000,0,1448.17780531,0.8819
1622510010065000,0,131.95500000,0.8824
1622510010284000,0,0.00084274,0.8824
1622510019058000,1,321.16234000,0.8819
1622510020992000,1,234.55496000,0.8813
1622510026854000,0,33.00000000,0.8819
1622510035416000,0,3689.17966048,0.8818
1622510035422000,0,0.00000001,0.8818
1622510047749000,1,0.00048532,0.8811
1622510047749000,1,131.95451468,0.8808
1622510057418000,1,132.06829301,0.8803
1622510057418000,1,1814.49675124,0.8798
1622510057910000,1,2660.77967880,0.8799
1622510057922000,1,1814.49675124,0.8799
1622510063646000,0,136.93070607,0.8810
1622510065561000,0,0.00000001,0.8810
1622510086302000,0,1000.00000000,0.8810
1622510098653000,0,6400.00000000,0.8822
1622510100047000,0,138.93800000,0.8827
1622510101245000,0,143.34400000,0.8829
1622510103166000,0,77.00000000,0.8836
1622510103698000,0,156.45600000,0.8826
1622510103741000,0,0.00010044,0.8826
1622510104487000,1,205.72595676,0.8825
1622510117733000,1,8199.99999999,0.8825
1622510117770000,1,0.00000001,0.8825
1622510125797000,1,180.97205697,0.8820
1622510131485000,1,4217.90177800,0.8809
1622510151283000,0,170.56883928,0.8815
1622510151283000,0,380.08336072,0.8815
1622510152454000,1,85.00000000,0.8809
1622510160138000,1,116.00026387,0.8815
1622510163887000,0,151.44400000,0.8821
1622510179191000,0,1760.02694100,0.8822
1622510181118000,1,2259.47898652,0.8812
1622510181229000,1,1290.97493994,0.8812
1622510194597000,1,171.93409724,0.8806
1622510194597000,1,1497.72923776,0.8804
1622510215615000,1,63.39736300,0.8791
1622510220946000,0,150.00000000,0.8800
1622510223203000,1,2525.71504400,0.8798
1622510223665000,1,1356.90680000,0.8798
1622510236587000,0,121.00000000,0.8813
1622510241555000,1,169.70436728,0.8803
1622510241555000,1,177.41739672,0.8801
1622510246529000,1,174.97197648,0.8807
1622510246529000,1,690.25664652,0.8804
1622510250049000,1,83.98045365,0.8802
1622510253970000,1,32.56072401,0.8804
1622510290583000,0,171.68835895,0.8790
1622510292822000,0,165.27811377,0.8790
1622510297654000,0,132.69100000,0.8793
1622510297751000,0,165.16528000,0.8791
1622510297752000,0,0.00000802,0.8791
1622510298347000,1,255.02945530,0.8791
1622510300100000,1,1219.31971347,0.8790
1622510305078000,1,1564.72950795,0.8792
1622510318849000,1,7000.00000000,0.8785
1622510319086000,0,6400.00000000,0.8785
1622510319199000,1,1137.74180000,0.8780
1622510324491000,1,118.92179900,0.8770
1622510328163000,1,153.70400000,0.8778
1622510328598000,1,0.00063014,0.8778
1622510329707000,0,148.56421602,0.8778
1622510330057000,0,133.56313626,0.8777
1622510330270000,0,135.03997277,0.8777
1622510330610000,1,173.44000000,0.8776
1622510330660000,1,0.00063097,0.8776
1622510332249000,0,169.10615209,0.8777
1622510332545000,1,136.56163590,0.8777
1622510334062000,1,153.17400000,0.8777
1622510336590000,0,147.58261101,0.8776
1622510348269000,1,1052.64859290,0.8758
1622510348823000,1,657.21025863,0.8758
1622510349450000,0,143.20924375,0.8760
1622510355421000,0,129.21678902,0.8764
1622510362195000,1,145.07380145,0.8769
1622510362195000,1,4030.51500000,0.8767
1622510362195000,1,322.58830576,0.8767
1622510364572000,1,2790.29494600,0.8766
1622510394045000,0,93.81705800,0.8768
1622510400327000,1,875.17467496,0.8760
1622510401992000,0,442.84111870,0.8771
1622510413273000,0,6400.00000000,0.8776
1622510413273000,0,6989.02831219,0.8777
1622510413316000,0,2388.69442664,0.8776
1622510413321000,0,6399.99999999,0.8776
1622510413332000,0,173.20960093,0.8776
1622510417273000,1,1950.30363914,0.8771
1622510417308000,1,498.75884349,0.8771
1622510417308000,1,4533.88329799,0.8771
1622510417308000,1,1641.28611911,0.8770
1622510417308000,1,685.34123390,0.8770
1622510417314000,1,3114.14322129,0.8770
1622510417315000,1,3868.80255933,0.8770
1622510417482000,1,242.55500000,0.8767
1622510417503000,1,897.11887093,0.8767
1622510417986000,1,1139.57256912,0.8757
1622510417986000,1,1139.67387093,0.8757
1622510417986000,1,228.40223368,0.8757
1622510417986000,1,384.00000000,0.8757
1622510418442000,1,87.27275589,0.8746
1622510418442000,1,26.72724411,0.8741
1622510418604000,1,500.00000000,0.8735
1622510419621000,1,6400.00000000,0.8736
1622510420533000,1,52.50356625,0.8730
1622510420533000,1,447.49643375,0.8729
1622510420784000,1,835.32450089,0.8729
1622510443294000,1,183.37637715,0.8728
1622510443294000,1,137.19344954,0.8726
1622510443294000,1,740.03400064,0.8726
1622510474350000,0,28.64344637,0.8728
1622510474352000,0,34.37213565,0.8728
1622510475543000,1,56.46272331,0.8713
1622510477361000,0,430.11180000,0.8718
1622510479001000,0,86.01430000,0.8718
1622510485117000,0,34.11956100,0.8717
1622510511247000,1,35.79999280,0.8696
1622510511247000,1,49.17695158,0.8696
1622510511304000,1,0.00000001,0.8696
1622510511740000,1,203.90158252,0.8691
1622510517400000,1,803.52997946,0.8689
1622510517422000,1,346.61183303,0.8689
1622510520992000,0,172.45740000,0.8693
1622510529554000,0,191.19054000,0.8687
1622510529562000,0,0.00000705,0.8687
1622510531083000,1,994.20856209,0.8690
1622510536620000,1,1975.66977382,0.8691
1622510538308000,1,179.96769500,0.8694
1622510542492000,1,58.97058800,0.8697
1622510547542000,1,117.35294100,0.8700
1622510557016000,1,162.62906979,0.8698
1622510557016000,1,4810.36095421,0.8696
1622510567623000,1,177.53792170,0.8698
1622510568036000,1,153.64290837,0.8698
1622510568036000,1,4768.78371693,0.8696
1622510575024000,1,110.81754200,0.8696
1622510581027000,1,4854.04182000,0.8699
1622510583817000,1,3550.45392646,0.8699
1622510585044000,1,1782.88888700,0.8699
1622510586036000,1,102.72526800,0.8699
1622510586558000,1,4854.09522800,0.8699
1622510589607000,1,4854.12557700,0.8700
1622510598550000,1,6400.00000000,0.8703
1622510598550000,1,166.36488935,0.8703
1622510598550000,1,2558.85116365,0.8702
1622510599065000,1,2725.21605300,0.8703
1622510640180000,0,773.77835087,0.8711
1622510640181000,0,786.06054692,0.8711
1622510640182000,0,471.63632815,0.8711
1622510640184000,0,1147.15711066,0.8711
1622510640184000,0,903.96962895,0.8711
1622510640187000,0,1208.43635240,0.8711
1622510640188000,0,422.50754398,0.8711
1622510640193000,0,592.00184940,0.8711
1622510640193000,0,576.87581806,0.8711
1622510640195000,0,159.69371403,0.8711
1622510653537000,1,756.56590525,0.8711
1622510653547000,1,3285.34634889,0.8711
1622510667848000,1,828.23630006,0.8698
1622510668006000,1,7241.30232761,0.8698
1622510668008000,1,2170.46137233,0.8698
1622510673637000,1,172.32394100,0.8697
1622510687023000,1,136.43780000,0.8692
1622510687065000,1,0.00006400,0.8692
1622510692795000,1,149.00775791,0.8681
1622510692799000,1,6250.99224209,0.8681
1622510702509000,1,152.59583163,0.8673
1622510707430000,1,230.82719363,0.8665
1622510708671000,1,54.60731267,0.8662
1622510708671000,1,372.70436475,0.8661
1622510709230000,1,27.29563525,0.8661
1622510709445000,0,153.75331449,0.8662
1622510710159000,1,88.17199695,0.8657
1622510710365000,1,422.71045463,0.8655
1622510710388000,1,2546.89347543,0.8655
1622510710391000,1,1874.61411169,0.8655
1622510710494000,1,3315.78195825,0.8655
1622510711554000,0,866.41830000,0.8656
1622510713535000,1,176.56550000,0.8655
1622510713662000,0,1129.30000000,0.8656
1622510713749000,0,168.78000793,0.8656
1622510713927000,0,133.58154329,0.8656
1622510713946000,0,4968.33844878,0.8656
1622510718708000,1,350.17300000,0.8662
1622510718895000,1,0.00009972,0.8662
1622510719346000,1,6399.99999999,0.8649
1622510729785000,1,175.58055720,0.8656
1622510730752000,1,85.64626917,0.8661
1622510746243000,1,361.16234000,0.8657
1622510754543000,1,2196.19633300,0.8648
1622510760299000,1,122.39145485,0.8644
1622510760619000,1,6277.60854515,0.8644
1622510760619000,1,7085.50523562,0.8642
1622510760619000,1,1123.70174397,0.8642
1622510762197000,1,165.33900000,0.8656
1622510770241000,0,5756.72723373,0.8657
1622510770241000,0,643.27276627,0.8657
1622510770253000,0,1602.84169879,0.8663
1622510779581000,1,4354.37645700,0.8649
1622510787793000,1,1570.35381865,0.8635
1622510788234000,1,564.76037406,0.8635
1622510798606000,1,53.18717152,0.8617
1622510806208000,1,6400.00000000,0.8614
1622510806488000,0,136.67201852,0.8615
1622510806510000,0,178.77011495,0.8611
1622510807100000,1,6400.00000000,0.8614
1622510807853000,1,6400.00000000,0.8612
1622510809012000,1,107.26610000,0.8611
1622510816817000,0,30.25584238,0.8630
1622510821244000,0,1270.87192000,0.8642
1622510821731000,0,0.00000221,0.8642
1622510821843000,1,6400.00000000,0.8642
1622510829977000,0,6400.00000000,0.8652
1622510869251000,0,2619.38878354,0.8660
1622510869253000,0,798.05662500,0.8660
1622510869273000,0,847.47189589,0.8660
1622510869293000,0,644.86928521,0.8660
1622510870256000,0,28.86802692,0.8661
1622510874217000,0,324.39162900,0.8654
1622510880309000,1,10240.00000000,0.8634
1622510880309000,1,3240.51274093,0.8632
1622510921711000,1,94.58804900,0.8670
1622510922209000,1,94.58804900,0.8671
1622510942786000,1,179.59943816,0.8676
1622510942848000,1,0.00000001,0.8676
1622510965950000,1,201.16234000,0.8679
1622510969407000,1,737.28432010,0.8676
1622510999973000,0,346.35958400,0.8691
1622511001597000,1,3204.60122628,0.8683
1622511001694000,1,613.78800000,0.8683
1622511001736000,1,1138.45603364,0.8683
1622511001781000,1,1000.46136289,0.8683
1622511002835000,1,144.14609250,0.8683
1622511002842000,1,0.00000001,0.8683
1622511002953000,1,1233.03762529,0.8682
1622511002958000,1,443.63604491,0.8682
1622511002967000,1,1887.91783556,0.8682
1622511002970000,1,1003.11039043,0.8682
1622511002981000,1,670.38335676,0.8682
1622511002986000,1,1809.55236964,0.8682
1622511003041000,1,1752.36237741,0.8682
1622511004405000,1,8960.00000000,0.8678
1622511004405000,1,11240.00000000,0.8676
1622511022473000,0,43.50540300,0.8667
1622511029635000,0,6400.00000000,0.8665
1622511029635000,0,6093.19469731,0.8667
1622511031937000,1,24.04328000,0.8654
1622511061416000,1,564.64662167,0.8633
1622511061677000,1,9555.35337833,0.8633
1622511073057000,0,6400.00000000,0.8626
1622511094930000,1,740.61618615,0.8635
1622511095539000,1,165.44136785,0.8638
1622511105633000,1,2296.84378714,0.8658
1622511114296000,0,363.00000000,0.8679
1622511117679000,1,872.98474858,0.8669
1622511120691000,1,4869.36087400,0.8670
1622511122363000,1,138.14516965,0.8669
1622511122368000,1,0.00000001,0.8669
1622511125553000,0,6400.00000000,0.8671
1622511125603000,0,1203.68352699,0.8672
1622511125603000,0,6550.60631236,0.8672
1622511125617000,0,990.05628292,0.8672
1622511125619000,0,1249.13643172,0.8672
1622511125634000,0,2134.32694013,0.8672
1622511125650000,0,1187.45068200,0.8672
1622511125652000,0,839.02966323,0.8672
1622511125819000,0,2017.02054856,0.8672
1622511137250000,1,5991.48877633,0.8661
1622511137252000,1,2048.51122367,0.8661
1622511181756000,1,83.64618400,0.8657
1622511215435000,1,416.35381600,0.8657
1622511221539000,1,11760.00000000,0.8651
1622511221539000,1,1241.47282131,0.8650
1622511221541000,1,884.34977995,0.8650
1622511221542000,1,816.32287379,0.8650
1622511221550000,1,492.55622010,0.8650
1622511221551000,1,899.81044043,0.8650
1622511221636000,1,1447.11782173,0.8650
1622511221641000,1,1122.44395147,0.8650
1622511221643000,1,445.26702207,0.8650
1622511221751000,1,878.41778906,0.8643
1622511255346000,1,3005.46534671,0.8644
1622511255443000,1,735.20906953,0.8644
1622511282476000,0,459.49766900,0.8636
1622511284547000,1,50.00000000,0.8623
1622511302850000,0,6400.00000000,0.8633
1622511306682000,0,605.50448400,0.8644
1622511372312000,0,39.27165200,0.8663
1622511385967000,1,471.96157205,0.8647
1622511386366000,1,5675.44543934,0.8647
1622511387046000,1,411.49250992,0.8647
1622511399273000,0,224.00000000,0.8660
1622511414068000,0,1545.86932349,0.8661
1622511414102000,0,2976.03688321,0.8661
1622511441832000,0,84.99204900,0.8672
1622511452884000,1,3139.42417940,0.8676
1622511453073000,0,22228.49560000,0.8681
1622511460329000,1,7064.49050000,0.8672
1622511462808000,0,1592.59405771,0.8676
1622511462897000,0,1129.30000000,0.8676
1622511484680000,1,2280.24898452,0.8679
1622511484733000,1,547.32764683,0.8679
1622511484733000,1,1410.23159451,0.8679
1622511484738000,1,532.53500772,0.8679
1622511484738000,1,658.27244010,0.8679
1622511484786000,1,912.88435737,0.8678
1622511484881000,1,9767.11564263,0.8678
1622511501952000,0,1152.24805670,0.8685
1622511509972000,1,66.31337300,0.8680
1622511528902000,1,1465.31010744,0.8682
1622511528941000,1,3253.21549273,0.8682
1622511528942000,1,3382.84302310,0.8682
1622511529023000,1,138.63137673,0.8682
1622511529126000,1,1151.60141693,0.8679
1622511529167000,1,1530.87522478,0.8678
1622511529225000,1,793.42302060,0.8678
1622511558116000,1,1129.30000000,0.8678
1622511559093000,0,6925.66938197,0.8680
1622511559262000,0,141.34000000,0.8680
1622511569876000,1,141.34000000,0.8671
1622511569922000,1,984.12905962,0.8671
1622511583850000,0,223.00000000,0.8674
1622511585177000,1,100.00000000,0.8666
1622511630500000,0,287.22735123,0.8685
1622511724980000,1,165.83670456,0.8686
1622511724980000,1,1151.08973665,0.8684
1622511724980000,1,7056.51801337,0.8684
1622511724980000,1,4119.75024273,0.8684
1622511733918000,0,115.00000000,0.8696
1622511735414000,1,604.92020416,0.8693
1622511735464000,1,760.59397972,0.8693
1622511746607000,1,345.04887987,0.8693
1622511761059000,1,655.33745161,0.8693
1622511796399000,1,99.00000000,0.8688
1622511863917000,0,7073.00000000,0.8672
1622511872266000,0,0.17031094,0.8672
1622511900316000,1,2600.00000000,0.8672
1622511930893000,0,1129.30000000,0.8660
1622511930961000,0,5270.70000000,0.8660
1622511932612000,1,4600.00000000,0.8660
1622511932708000,1,3069.61124000,0.8660
1622511932775000,1,1129.30000000,0.8660
1622511937729000,1,11201.08876000,0.8660
1622511949272000,0,3700.00000000,0.8655
1622511949502000,0,6400.00000000,0.8655
1622511958126000,0,6400.00000000,0.8654
1622511958126000,0,7088.73409090,0.8655
1622511958126000,0,2358.11028850,0.8655
1622511958137000,0,7776.06881150,0.8655
1622511958137000,0,8070.77556790,0.8656
1622511958244000,0,1382.04123785,0.8655
1622511958551000,0,1155.33208866,0.8659
1622511958551000,0,2888.64175058,0.8660
1622511958711000,0,2139.85379526,0.8663
1622511958759000,0,5369.78108502,0.8663
1622511968396000,0,654.94181260,0.8668
1622511968414000,0,6851.45698150,0.8668
1622511968414000,0,3548.54301850,0.8668
1622511968515000,0,2851.45698150,0.8668
1622511969284000,1,1306.96857494,0.8666
1622511982587000,1,6400.00000000,0.8664
1622511987170000,0,3948.54302000,0.8668
1622511987267000,0,2451.45698000,0.8668
1622512000746000,0,114.52052900,0.8672
1622512003695000,0,57.18043500,0.8673
1622512049435000,0,141.00000000,0.8688
1622512069051000,0,57.11857200,0.8690
1622512077972000,0,1068.18517847,0.8690
1622512083848000,0,6400.00000000,0.8693
1622512085104000,0,1935.13988408,0.8695
1622512107199000,0,1129.30000000,0.8693
1622512107202000,0,1600.00000000,0.8693
1622512107282000,0,636.85386936,0.8693
1622512107283000,0,1118.24885823,0.8693
1622512107291000,0,2356.54404153,0.8693
1622512107295000,0,215.47613665,0.8693
1622512107326000,0,9408.56380000,0.8696
1622512116105000,1,1129.30000000,0.8692
1622512116106000,1,9630.70000000,0.8692
1622512116106000,1,1150.02541556,0.8691
1622512120995000,1,3629.45914000,0.8687
1622512121090000,0,57.03127000,0.8691
1622512141151000,0,181.48040000,0.8690
1622512141153000,0,0.00005850,0.8690
1622512159331000,1,7058.26644510,0.8682
1622512159453000,1,1151.12418788,0.8681
1622512160001000,1,1151.12418788,0.8680
1622512172868000,1,2700.00000000,0.8672
1622512175836000,1,950.15284000,0.8672
1622512201527000,0,146.14300000,0.8684
1622512201555000,0,0.00084065,0.8684
1622512218240000,1,81.87900000,0.8684
1622512276580000,1,1149.73452630,0.8693
1622512276980000,1,5083.82093436,0.8694
1622512281964000,1,146.14300000,0.8684
1622512282613000,1,2257.90377953,0.8684
1622512323032000,0,73.18281200,0.8692
1622512356462000,1,3636.20194000,0.8681
1622512402882000,1,3641.13114000,0.8678
1622512415120000,0,571.42248400,0.8685
1622512415454000,0,486.82083136,0.8685
1622512415455000,0,1129.30000000,0.8685
1622512415459000,0,415.73639866,0.8685
1622512415465000,0,3796.72028598,0.8685
1622512441111000,0,10025.15790000,0.8686
1622512441111000,0,4148.36931014,0.8686
1622512484528000,1,768.46586368,0.8689
1622512506759000,0,43.20556053,0.8701
1622512550267000,1,40.73000000,0.8672
1622512556442000,0,57.17516400,0.8678
1622512567816000,1,3600.00000000,0.8671
1622512577326000,1,161.72761500,0.8671
1622512602461000,1,0.00000001,0.8671
1622512608971000,0,12482.17625625,0.8673
1622512624902000,0,7074.87864339,0.8673
1622512624902000,0,8751.69740261,0.8673
1622512624906000,0,681.63912678,0.8673
1622512681938000,0,76.56114934,0.8690
1622512697208000,1,1129.30000000,0.8681
1622512717774000,1,1041.67401474,0.8672
1622512747092000,0,183.12812400,0.8671
1622512755862000,1,500.00000000,0.8663
1622512766578000,1,898.62341273,0.8660
1622512766702000,1,9901.37658727,0.8660
1622512785363000,0,51.01997133,0.8652
1622512799676000,0,2901.28499999,0.8646
1622512799677000,0,0.00000001,0.8646
1622512799677000,0,7099.25458387,0.8646
1622512799678000,0,1297.39871107,0.8649
1622512799678000,0,4418.10000000,0.8649
1622512799678000,0,2891.79366852,0.8650
1622512799678000,0,884.45681056,0.8650
1622512799678000,0,4343.47923052,0.8650
1622512818047000,0,403.33732829,0.8683
1622512854623000,1,1012.46844149,0.8678
1622512854643000,1,721.24919242,0.8678
1622512854661000,1,4666.28236609,0.8678
1622512858233000,0,15470.53820000,0.8676
1622512858816000,0,42.17048885,0.8677
1622512862304000,1,140.49450065,0.8669
1622512862304000,1,6400.00000000,0.8668
1622512863065000,1,6400.00000000,0.8663
1622512866025000,0,7086.35120000,0.8665
1622512867442000,0,5805.48808000,0.8665
1622512867461000,0,594.51192000,0.8665
1622512867476000,0,0.00000791,0.8665
1622512892495000,1,1100.15386192,0.8676
1622512892736000,1,1797.28985113,0.8676
1622512892776000,1,687.47107514,0.8676
1622512899997000,1,9481.79540989,0.8683
1622512903687000,1,6400.00000000,0.8682
1622512903687000,1,9385.92555812,0.8681
1622512903688000,1,4734.37644188,0.8681
1622512903690000,1,15785.92555812,0.8679
1622512904167000,1,1151.51692105,0.8679
1622512908250000,0,6400.00000000,0.8683
1622512912760000,0,7062.40399030,0.8688
1622512918386000,1,1151.21430084,0.8680
1622512941715000,0,6400.00000000,0.8684
1622512948951000,0,6272.00000000,0.8686
1622512949090000,1,7060.53510000,0.8683
1622512950143000,0,6400.00000000,0.8690
1622512980251000,0,467.12565422,0.8703
1622512980252000,0,691.46889605,0.8703
1622512980252000,0,586.98026287,0.8703
1622512980253000,0,740.64001755,0.8703
1622512980254000,0,1352.20584116,0.8703
1622512980254000,0,778.26410585,0.8703
1622512980261000,0,1081.76467293,0.8703
1622512980262000,0,701.55054937,0.8703
1622512980263000,0,1926.89332366,0.8703
1622512980264000,0,1158.59455028,0.8703
1622512980414000,0,3540.00000000,0.8704
1622512980414000,0,5698.44945063,0.8704
1622512980415000,0,7178.31346421,0.8704
1622512980481000,1,154.59140000,0.8699
1622512983535000,1,6400.00000000,0.8695
1622513008984000,0,979.63844500,0.8694
1622513009171000,1,7840.00000000,0.8686
1622513063874000,1,3759.74560861,0.8681
1622513063875000,1,5653.89987753,0.8681
1622513066403000,0,38.71621170,0.8678
1622513094237000,0,281.18125381,0.8682
1622513105061000,1,7064.87876646,0.8679
1622513105323000,1,3918.59461028,0.8676
1622513105437000,1,774.40687925,0.8676
1622513105464000,1,806.64601124,0.8676
1622513105504000,1,174.75102795,0.8676
1622513106422000,1,594.51100000,0.8671
1622513107185000,1,794.64843082,0.8671
1622513107254000,1,1491.57589502,0.8671
1622513114501000,1,6400.00000000,0.8667
1622513122719000,1,8480.00000000,0.8660
1622513151246000,0,94.44359800,0.8649
1622513158076000,1,6400.00000000,0.8643
1622513160657000,1,6400.00000000,0.8640
1622513162599000,1,153.40080000,0.8641
1622513164273000,0,5804.22741620,0.8645
1622513164278000,0,595.77258380,0.8645
1622513169123000,0,6400.00000000,0.8652
1622513174468000,0,6400.00000000,0.8649
1622513174506000,0,7095.36592953,0.8650
1622513177126000,0,179.34800000,0.8652
1622513177168000,0,0.00094305,0.8652
1622513191265000,1,179.34800000,0.8649
1622513191266000,1,9267.74354589,0.8649
1622513191366000,1,156.58444348,0.8647
1622513191486000,1,4407.90271245,0.8645
1622513198188000,0,4545.90156542,0.8649
1622513205365000,1,894.18919705,0.8640
1622513205379000,1,676.50822184,0.8640
1622513205379000,1,572.08077821,0.8640
1622513207301000,1,465.13283304,0.8640
1622513207992000,1,193.10040775,0.8640
1622513207992000,1,148.51681230,0.8636
1622513207992000,1,411.38277995,0.8636
1622513251325000,1,1106.66935920,0.8631
1622513260715000,1,633.61770300,0.8631
1622513271359000,1,6400.00000000,0.8615
1622513271359000,1,174.00000000,0.8614
1622513278749000,0,1242.74118738,0.8618
1622513289995000,1,6400.00000000,0.8603
1622513291113000,1,1195.04484827,0.8596
1622513291181000,1,1652.08714698,0.8596
1622513291190000,1,1100.00000000,0.8596
1622513291199000,1,2008.34939831,0.8596
1622513291206000,1,1244.51860644,0.8596
1622513292782000,1,1551.19153076,0.8589
1622513292788000,1,2522.57428644,0.8589
1622513292799000,1,2326.23418280,0.8589
1622513293254000,1,1846.25417221,0.8582
1622513296423000,1,177.25157728,0.8582
1622513296423000,1,146.48671291,0.8581
1622513296423000,1,233.27698832,0.8574
1622513296423000,1,8608.33462554,0.8569
1622513306192000,1,89.08060471,0.8569
1622513310989000,0,1129.30000000,0.8568
1622513311948000,0,3600.00000000,0.8568
1622513312462000,1,52.85000000,0.8562
1622513327375000,1,0.00046275,0.8562
1622513327375000,1,182.57333384,0.8559
1622513327375000,1,1167.83956687,0.8556
1622513327375000,1,2920.12198432,0.8556
1622513327375000,1,2324.86676122,0.8556
1622513338838000,1,258.09163100,0.8561
1622513343484000,0,4650.84944010,0.8557
1622513343596000,0,650.97965275,0.8556
1622513345902000,0,99.81915000,0.8559
1622513347011000,1,49.99999999,0.8551
1622513347050000,1,0.00000001,0.8551
1622513347984000,1,3843.00000000,0.8542
1622513348078000,0,3831.80000000,0.8551
1622513348078000,0,3193.74317396,0.8554
1622513348125000,0,6155.20763773,0.8554
1622513348125000,0,260.53346893,0.8555
1622513348253000,0,710.35885937,0.8554
1622513348573000,1,96.74999667,0.8542
1622513348687000,0,1891.03333100,0.8551
1622513349095000,0,52.85000000,0.8550
1622513349643000,0,94.55167900,0.8550
1622513366625000,0,142.77003811,0.8559
1622513368505000,0,176.88431670,0.8561
1622513376843000,1,12057.59590808,0.8560
1622513379660000,1,1826.95514323,0.8562
1622513391257000,1,148.46765520,0.8556
1622513394189000,1,6081.45214000,0.8550
1622513395593000,0,7171.50272154,0.8555
1622513395740000,0,669.05647454,0.8556
1622513395937000,0,8893.32740000,0.8556
1622513395948000,0,0.00006678,0.8556
1622513404543000,0,167.16498637,0.8562
1622513408146000,1,1167.47410000,0.8557
1622513409723000,1,150.04343778,0.8553
1622513410583000,0,1008.45331789,0.8556
1622513411063000,1,138.25400000,0.8552
1622513411094000,1,0.00039440,0.8552
1622513411199000,0,1229.26418358,0.8555
1622513411270000,1,1168.13690000,0.8548
1622513411620000,0,6400.00000000,0.8552
1622513411858000,1,0.00006172,0.8548
1622513411926000,1,2923.65010000,0.8544
1622513413463000,0,3089.14568066,0.8547
1622513414304000,1,114.70493000,0.8535
1622513421780000,1,312.38014500,0.8523
1622513431283000,1,1173.69514442,0.8514
1622513431283000,1,1173.51333463,0.8514
1622513431283000,1,9333.54071925,0.8513
1622513434289000,0,2387.72234641,0.8519
1622513434386000,1,53.87931064,0.8507
1622513435045000,0,1745.11591700,0.8518
1622513435568000,1,0.00000001,0.8507
1622513435568000,1,30.00000000,0.8500
1622513435568000,1,25.00000000,0.8500
1622513435568000,1,175.59999999,0.8500
1622513436200000,1,0.00000001,0.8500
1622513436200000,1,13857.39870639,0.8499
1622513437397000,1,12482.17625625,0.8502
1622513437689000,1,1933.32174375,0.8502
1622513445705000,0,457.20038700,0.8518
1622513445922000,0,457.20038700,0.8518
1622513462797000,0,6400.00000000,0.8518
1622513463018000,0,6399.99999999,0.8517
1622513471389000,1,271.13148254,0.8493
1622513473188000,1,55.70572268,0.8491
1622513475702000,0,6081.45214000,0.8500
1622513475702000,0,7219.44735089,0.8500
1622513475702000,0,2638.00607215,0.8501
1622513476331000,0,161.39057518,0.8495
1622513476442000,1,2466.45390000,0.8492
1622513476508000,1,808.59585001,0.8492
1622513477155000,1,3176.50715155,0.8497
1622513477214000,1,8455.33425809,0.8497
1622513477223000,1,947.59161358,0.8497
1622513477233000,1,730.36961579,0.8497
1622513477237000,1,5618.39846759,0.8497
1622513477237000,1,4031.35104755,0.8497
1622513477237000,1,1891.75280685,0.8496
1622513499511000,1,3887.75754000,0.8530
1622513518874000,0,3201.74738000,0.8532
1622513519308000,1,991.04600000,0.8532
1622513529292000,1,206.39365600,0.8533
1622513543655000,1,625.85975994,0.8537
1622513563793000,0,12418.82117139,0.8527
1622513586129000,0,1172.76845899,0.8531
1622513586129000,0,2932.78140741,0.8531
1622513598173000,1,9464.99382428,0.8542
1622513651570000,0,11568.95978564,0.8542
1622513652055000,0,41925.00000000,0.8549
1622513669950000,0,9847.79550000,0.8547
1622513669974000,0,4501.49800000,0.8547
1622513680031000,1,158.40031139,0.8551
1622513680031000,1,6400.00000000,0.8550
1622513680031000,1,4714.70681499,0.8550
1622513681509000,1,12240.00000000,0.8543
1622513695745000,1,7342.43717971,0.8536
1622513696564000,1,977.56280000,0.8536
1622513696634000,1,0.00002029,0.8536
1622513709953000,0,7095.29598078,0.8554
1622513709953000,0,8790.74742600,0.8555
1622513709987000,0,1729.25257400,0.8555
1622513718328000,1,6400.00000000,0.8551
1622513718328000,1,9120.00000000,0.8550
1622513723140000,1,356.53230000,0.8548
1622513724144000,1,0.00007959,0.8548
1622513726813000,1,156.72236717,0.8542
1622513726813000,1,450.63121383,0.8541
1622513741287000,1,156.44374087,0.8546
1622513741287000,1,14340.07270000,0.8546
1622513741287000,1,2192.13918513,0.8543
1622513758001000,1,194.20737700,0.8543
1622513766680000,1,3639.56561640,0.8533
1622513766691000,1,360.43438360,0.8533
1622513775647000,1,139.20267065,0.8518
1622513781797000,1,71.24767704,0.8500
1622513783761000,1,1007.66190316,0.8500
1622513783925000,0,131.19746920,0.8506
1622513784197000,1,93.57181252,0.8500
1622513784627000,1,606.42819000,0.8500
1622513784712000,1,4382.44937214,0.8500
1622513784989000,0,138.41456598,0.8506
1622513786691000,1,239.99990000,0.8492
1622513787511000,1,0.00009039,0.8492
1622513787654000,1,0.00000001,0.8491
1622513787654000,1,231.03660820,0.8484
1622513789714000,1,4.71494243,0.8484
1622513790329000,1,89.00000000,0.8481
1622513790462000,1,0.99752135,0.8481
1622513799449000,0,39.83120000,0.8502
1622513805082000,0,100.16879000,0.8495
1622513811923000,0,290.85329000,0.8495
1622513811942000,1,7320.00000000,0.8491
1622513811969000,1,3000.00000000,0.8491
1622513836564000,0,115.73897900,0.8491
1622513840394000,1,1178.03110000,0.8485
1622513855906000,1,3500.00000000,0.8496
1622513856058000,1,8620.00000000,0.8496
1622513856129000,1,140.95590000,0.8497
1622513859294000,0,638.18710600,0.8499
1622513859353000,1,967.43898700,0.8490
1622513862556000,0,2959.57695974,0.8498
1622513862561000,0,639.35770773,0.8498
1622513862631000,0,2801.06533253,0.8498
1622513881914000,0,1167.15595900,0.8504
1622513886253000,0,6400.00000000,0.8500
1622513887940000,1,5401.06533000,0.8500
1622513888019000,1,998.93467000,0.8500
1622513894900000,0,7212.95818743,0.8508
1622513894901000,0,9617.91702304,0.8510
1622513895221000,0,1174.67126825,0.8512
1622513895248000,0,5225.32873175,0.8512
1622513895293000,1,6400.00000000,0.8512
1622513895307000,0,1174.67126825,0.8517
1622513895908000,0,397.00000000,0.8525
1622513896313000,0,417.00000000,0.8528
1622513904670000,1,3701.06533000,0.8506
1622513928867000,1,35.53563500,0.8501
1622513951101000,0,3182.74355975,0.8500
1622513951127000,0,2461.52830217,0.8500
1622513957445000,1,169.48501200,0.8504
1622513966353000,1,95.31877000,0.8495
1622513966441000,1,0.00000800,0.8495
1622514000255000,0,135.68784788,0.8513
1622514013998000,0,181.85070000,0.8525
1622514020044000,1,2804.68123000,0.8508
1622514031401000,1,1774.75121920,0.8513
1622514031548000,1,483.82910418,0.8513
1622514031664000,1,1112.80693961,0.8513
1622514033776000,1,1011.43322254,0.8513
1622514033863000,1,702.70417512,0.8513
1622514062101000,1,1369.23762671,0.8524
1622514062319000,1,8190.76237329,0.8524
1622514068577000,1,123.50000000,0.8516
1622514070231000,1,4278.70000000,0.8516
1622514070231000,1,5721.30000000,0.8516
1622514077035000,1,400.00000000,0.8510
1622514078986000,1,174.00000000,0.8510
1622514090229000,1,155.27896000,0.8502
1622514090398000,0,149.59550254,0.8504
1622514090438000,1,177.23253000,0.8504
1622514090540000,0,144.19203068,0.8505
1622514090696000,0,146.53851989,0.8506
1622514091921000,1,180.38759000,0.8504
1622514096423000,0,6400.00000000,0.8506
1622514096693000,0,614.10431772,0.8507
1622514102717000,1,170.35256000,0.8507
1622514117622000,0,104.97490800,0.8517
1622514120359000,0,6400.00000000,0.8517
1622514120359000,0,5824.00275691,0.8517
1622514154620000,0,3373.24705686,0.8515
1622514168840000,0,613.72368856,0.8511
1622514168951000,0,1279.03675957,0.8511
1622514169027000,0,1129.30000000,0.8511
1622514169035000,0,3377.93955187,0.8511
1622514182505000,0,137.00000000,0.8515
1622514182508000,0,0.07068750,0.8515
1622514183907000,1,336.15660100,0.8509
1622514208694000,0,745.30826000,0.8526
1622514215743000,0,117.00000000,0.8531
1622514246868000,0,1015.14902526,0.8531
1622514247398000,0,1303.43856643,0.8531
1622514258017000,1,3878.11454000,0.8537
1622514259774000,1,3883.68874000,0.8536
1622514280221000,1,68.30763000,0.8529
1622514283130000,1,300.00000000,0.8537
1622514286739000,0,1322.01917740,0.8541
1622514293682000,0,580.93426400,0.8538
1622514310317000,0,3485.11602700,0.8556
1622514334596000,1,95.25443800,0.8551
1622514335114000,1,95.25443800,0.8551
1622514337634000,1,139.59063900,0.8551
1622514361001000,0,6400.00000000,0.8560
1622514389094000,1,9556.00000000,0.8554
1622514401271000,1,7163.84400879,0.8561
1622514407699000,1,7167.00000000,0.8555
1622514412358000,1,0.57150303,0.8555
1622514412358000,1,0.08574590,0.8554
1622514412358000,1,5850.03548379,0.8553
1622514412369000,1,1319.94331176,0.8553
1622514412469000,1,2454.01210906,0.8550
1622514412559000,1,2221.90192173,0.8551
1622514428923000,0,168.39382900,0.8559
1622514480584000,0,7167.50085011,0.8561
1622514482380000,1,961.16234000,0.8552
1622514482449000,1,217.37083534,0.8552
1622514482451000,1,10261.46682466,0.8552
1622514515559000,0,5328.27771000,0.8558
1622514531591000,1,3000.00000000,0.8548
1622514541174000,1,53.43575778,0.8549
1622514542578000,1,9551.44230000,0.8553
1622514551970000,1,112.43000000,0.8551
1622514560211000,0,605.35118000,0.8554
1622514577839000,1,900.00000000,0.8546
1622514593842000,1,8861.35951910,0.8549
1622514636805000,1,1521.16234000,0.8569
1622514636889000,1,1129.30000000,0.8569
1622514639105000,1,95.15928000,0.8563
1622514677008000,1,167.29221000,0.8593
1622514691708000,1,6399.99999999,0.8589
1622514691711000,1,0.00000001,0.8589
1622514692771000,1,91.00000000,0.8582
1622514695222000,0,25600.00000000,0.8587
1622514699073000,1,6272.00000000,0.8581
1622514723180000,1,740.32223959,0.8581
1622514723274000,1,9859.67776041,0.8581
1622514723727000,0,350.00077964,0.8580
1622514738666000,1,130.00000000,0.8571
1622514754396000,0,6400.00000000,0.8577
1622514757210000,1,100.00000000,0.8578
1622514774949000,0,115.68309900,0.8584
1622514780796000,1,177.00000000,0.8575
1622514785819000,1,0.87466876,0.8575
1622514806761000,0,199.55257200,0.8584
1622514809039000,0,420.93313000,0.8584
1622514809084000,0,0.00000234,0.8584
1622514813755000,1,151.00000000,0.8580
1622514824892000,0,2743.36393412,0.8589
1622514824907000,0,3656.63606588,0.8589
1622514844653000,0,5130.69380900,0.8590
1622514850062000,1,95.02321500,0.8587
1622514875039000,1,500.00000000,0.8584
1622514931521000,0,112.00000000,0.8610
1622514936916000,1,6400.00000000,0.8605
1622514936916000,1,8040.00000000,0.8604
1622514936916000,1,8680.00000000,0.8603
1622514937231000,0,14242.45240000,0.8610
1622514937231000,0,9498.44440000,0.8611
1622514937231000,0,7127.98405810,0.8611
1622514937231000,0,9505.43307687,0.8612
1622514937231000,0,3992.19986503,0.8613
1622514943101000,1,6400.00000000,0.8604
1622514947528000,1,94.95052500,0.8604
1622514948095000,1,94.95052500,0.8604
1622514949347000,1,86.00000000,0.8604
1622514958218000,1,180.22410933,0.8603
1622515027567000,0,3476.84382028,0.8607
1622515060780000,0,174.14580973,0.8601
1622515060780000,0,1065.42570514,0.8602
1622515075833000,1,43.40000000,0.8597
1622515092827000,1,6400.00000000,0.8599
1622515092827000,1,7131.36079241,0.8599
1622515107774000,1,1481.16234000,0.8597
1622515118166000,1,8120.00000000,0.8597
1622515139257000,0,6400.00000000,0.8605
1622515139257000,0,107.12545713,0.8605
1622515141485000,1,142.00000000,0.8599
1622515141499000,1,0.50074104,0.8599
1622515144316000,0,4831.30529857,0.8597
1622515144413000,0,1319.14683007,0.8597
1622515151358000,0,6400.00000000,0.8598
1622515151358000,0,3318.94723600,0.8598
1622515161742000,1,6400.00000000,0.8603
1622515161793000,1,2580.21672979,0.8603
1622515161845000,1,6646.65508738,0.8603
1622515187621000,0,8783.21338717,0.8600
1622515196693000,1,3433.53586931,0.8602
1622515200189000,0,127.42157278,0.8606
1622515200388000,0,2.60044026,0.8606
1622515200388000,0,329.19600427,0.8610
1622515207485000,0,37.11775800,0.8603
1622515216049000,1,8080.00000000,0.8600
1622515229184000,1,168.45080000,0.8598
1622515229312000,1,0.00005989,0.8598
1622515238214000,0,2913.92043657,0.8600
1622515243042000,1,178.13120000,0.8595
1622515243042000,1,0.00005890,0.8595
1622515244401000,0,4364.76574705,0.8594
1622515244498000,0,2035.23425295,0.8594
1622515244498000,0,2330.17272143,0.8595
1622515255595000,0,2189.85119484,0.8589
1622515255748000,0,14284.76680000,0.8589
1622515255748000,0,6400.00000000,0.8591
1622515255748000,0,4458.57943028,0.8591
1622515258588000,1,10440.00000000,0.8582
1622515259930000,0,6400.00000000,0.8586
1622515259930000,0,3600.00000000,0.8586
1622515264182000,0,1129.30000000,0.8586
1622515264287000,0,169.32256348,0.8586
1622515264351000,0,4685.46638271,0.8586
1622515264356000,0,415.91105381,0.8586
1622515325100000,0,171.00000000,0.8580
1622515325146000,0,0.78625959,0.8580
1622515335367000,1,2111.35005013,0.8572
1622515335382000,1,8378.22354987,0.8572
1622515341869000,0,129.42562384,0.8576
1622515344415000,0,6400.00000000,0.8579
1622515362525000,0,158.00000000,0.8580
1622515375408000,1,1129.30000000,0.8570
1622515391801000,1,3941.26874121,0.8572
1622515391898000,1,605.31105546,0.8572
1622515391929000,0,139.44940000,0.8574
1622515431888000,0,94.92299000,0.8563
1622515471304000,0,1129.30000000,0.8555
1622515500595000,0,3507.90317104,0.8567
1622515500602000,0,709.74693752,0.8567
1622515500855000,0,1348.72731823,0.8567
1622515500891000,0,833.62257321,0.8567
1622515505688000,1,6400.00000000,0.8563
1622515506720000,1,3125.60711421,0.8561
1622515506794000,1,489.43029387,0.8561
1622515506800000,1,1129.30000000,0.8561
1622515506897000,1,541.49734640,0.8561
1622515506899000,1,1114.16524552,0.8561
1622515514977000,1,181.00000000,0.8550
1622515518514000,0,94.99565800,0.8550
1622515523054000,1,129.00000000,0.8548
1622515526200000,1,157.51600000,0.8547
1622515530764000,0,138.87514199,0.8545
1622515531007000,0,172.36418868,0.8545
1622515531221000,0,146.86995558,0.8545
1622515531362000,0,131.36234179,0.8545
1622515531514000,0,137.73013484,0.8545
1622515532273000,1,172.35780000,0.8546
1622515532647000,0,354.08276300,0.8546
1622515536325000,1,162.00000000,0.8538
1622515541676000,1,152.00000000,0.8538
1622515560300000,0,717.45503329,0.8540
1622515564333000,0,451.09432332,0.8540
1622515564335000,0,666.05599799,0.8540
1622515564335000,0,476.05256282,0.8540
1622515564336000,0,590.88980385,0.8540
1622515566276000,1,474.27968700,0.8534
1622515578648000,0,640.80795036,0.8540
1622515578996000,0,7182.35229301,0.8543
1622515596606000,0,7185.44517851,0.8540
1622515625803000,0,7184.58557130,0.8541
1622515660186000,1,193.15582600,0.8543
1622515675469000,1,152.31598459,0.8551
1622515675697000,0,3046.53299067,0.8550
1622515675781000,0,544.24750484,0.8550
1622515675865000,0,4700.00000000,0.8550
1622515675867000,0,1129.30000000,0.8550
1622515676318000,0,2800.00000000,0.8550
1622515676409000,0,2237.38312000,0.8550
1622515676930000,0,0.00000920,0.8550
1622515676930000,0,1057.18910670,0.8556
1622515713395000,1,1129.30000000,0.8557
1622515725201000,0,1055.88675258,0.8566
1622515752951000,1,532.16818628,0.8532
1622515752951000,1,111.16391885,0.8532
1622515762720000,1,12418.82117139,0.8536
1622515775494000,0,95.06837600,0.8536
1622515775993000,0,58.08552207,0.8536
1622515776238000,1,36.98285393,0.8536
1622515803841000,0,329.00000000,0.8539
1622515803965000,0,205.69164930,0.8539
1622515817740000,0,300.09541700,0.8547
1622515824324000,1,9920.00000000,0.8538
1622515840386000,1,6400.00000000,0.8530
1622515864084000,1,485.96304800,0.8523
1622515865645000,1,1172.85543384,0.8521
1622515865646000,1,1172.85543384,0.8521
1622515865658000,1,477.10847098,0.8522
1622515865667000,1,205.69100000,0.8522
1622515865709000,1,541.13297670,0.8522
1622515865711000,1,159.96612459,0.8522
1622515866230000,1,916.42488862,0.8518
1622515866274000,1,256.43054522,0.8518
1622515866274000,1,573.99040676,0.8517
1622515875960000,1,6400.00000000,0.8509
1622515880312000,1,2700.00000000,0.8507
1622515880416000,1,3700.00000000,0.8507
1622515887532000,1,2075.21193000,0.8506
1622515887724000,1,0.00000174,0.8506
1622515891444000,1,159.84522342,0.8505
1622515891500000,0,95.21398700,0.8508
1622515891521000,0,138.57571300,0.8508
1622515891970000,0,95.21398700,0.8507
1622515899543000,1,6400.00000000,0.8497
1622515906251000,1,6400.00000000,0.8496
1622515906251000,1,160.69018841,0.8495
1622515906251000,1,3023.70859576,0.8491
1622515950330000,0,171.27800000,0.8524
1622515953610000,0,180.72200000,0.8528
1622515983519000,1,1174.00104251,0.8509
1622515983886000,0,6399.99999999,0.8510
1622515984008000,0,0.00000001,0.8510
1622515984008000,0,2122.56345680,0.8511
1622515996627000,0,777.30000000,0.8521
1622516018108000,1,1173.13336884,0.8519
1622516018149000,1,1172.93247193,0.8518
1622516018295000,1,898.02959605,0.8517
1622516020616000,1,139.43888205,0.8507
1622516020616000,1,2012.65552295,0.8503
1622516031886000,1,175.18094000,0.8505
1622516031901000,1,0.00000703,0.8505
1622516041689000,0,638.41887300,0.8500
1622516047798000,0,5565.14432139,0.8492
1622516050000000,1,1200.11530168,0.8483
1622516055484000,0,6400.00000000,0.8494
1622516058776000,0,815.71371939,0.8501
1622516059245000,0,154.36890420,0.8510
1622516059245000,0,697.17193731,0.8516
1622516068971000,1,4136.01211000,0.8507
1622516069071000,1,5600.00000000,0.8507
1622516069174000,1,143.98789000,0.8507
1622516099993000,0,124.74750500,0.8517
1622516117676000,1,1172.66560000,0.8523
1622516117792000,1,0.00003316,0.8523
1622516117792000,1,1172.66556684,0.8522
1622516127344000,0,3600.00000000,0.8526
1622516127462000,0,2800.00000000,0.8526
1622516162230000,1,1172.66563316,0.8521
1622516162230000,1,1172.69038628,0.8521
1622516162501000,1,1172.69038628,0.8520
1622516162501000,1,1172.66563316,0.8520
1622516162501000,1,2952.82422120,0.8518
1622516164767000,1,1129.30000000,0.8518
1622516164844000,1,579.82186081,0.8518
1622516164845000,1,691.90578571,0.8518
1622516164845000,1,684.48284650,0.8518
1622516164851000,1,2921.66528578,0.8518
1622516171546000,0,526.65698200,0.8523
1622516195568000,0,178.06377700,0.8530
1622516221857000,1,2929.83787095,0.8525
1622516231207000,1,315.53354900,0.8524
1622516239145000,0,55.00000000,0.8539
1622516242397000,1,8960.20813961,0.8537
1622516242575000,1,279.79180000,0.8537
1622516266999000,0,1129.30000000,0.8532
1622516267030000,0,3443.98789000,0.8532
1622516280239000,1,1288.81879870,0.8524
1622516298555000,1,3901.19384000,0.8528
1622516328992000,1,281.16234000,0.8536
1622516330993000,0,55.00000000,0.8540
1622516358415000,0,7046.08535368,0.8535
1622516358415000,0,143.79766028,0.8535
1622516371882000,1,8640.00000000,0.8545
1622516380694000,0,6399.99999999,0.8548
1622516387495000,0,596.51801197,0.8548
1622516387499000,0,638.23255827,0.8548
1622516387499000,0,5117.02824459,0.8548
1622516403503000,1,1257.54573651,0.8541
1622516403523000,1,6382.45426349,0.8541
1622516412956000,1,1529.99176449,0.8531
1622516412966000,1,632.04732830,0.8531
1622516412996000,1,938.66552626,0.8531
1622516413015000,1,690.36121871,0.8531
1622516413047000,1,837.08649136,0.8531
1622516424451000,1,1293.04188966,0.8531
1622516424659000,1,0.00000001,0.8531
1622516490036000,1,6620.00162194,0.8515
1622516497661000,1,4017.64382000,0.8508
1622516497737000,1,4200.00000000,0.8508
1622516497859000,1,3342.35618000,0.8508
1622516498128000,1,7760.00000000,0.8507
1622516502264000,0,95.19032300,0.8510
1622516526351000,0,4672.95734063,0.8520
1622516526363000,0,531.14069432,0.8520
1622516526414000,0,1195.90196505,0.8520
1622516537291000,1,281.16234000,0.8526
1622516537298000,1,2183.04267051,0.8526
1622516537303000,1,1129.30000000,0.8526
1622516537330000,1,780.11158031,0.8526
1622516537422000,1,1290.42585804,0.8526
1622516604352000,0,1705.00000000,0.8521
1622516634889000,0,6400.00000000,0.8527
1622516634889000,0,6400.00000000,0.8528
1622516644393000,0,7195.54050826,0.8527
1622516652754000,0,504.28151551,0.8533
1622516655362000,0,435.93845107,0.8533
1622516703469000,0,309.25794300,0.8545
1622516731634000,1,95.19889000,0.8557
1622516732086000,1,95.19889000,0.8557
1622516759061000,1,1101.22491400,0.8559
1622516771785000,0,1176.45388852,0.8564
1622516771786000,0,5989.20411610,0.8564
1622516773767000,1,7062.61141500,0.8562
1622516796769000,1,95.13510800,0.8571
1622516797251000,1,95.13510800,0.8571
1622516797376000,0,26872.87000000,0.8575
1622516866162000,1,155.68241969,0.8561
1622516866162000,1,471.32479331,0.8560
1622516876932000,0,136.42600000,0.8568
1622516876933000,0,0.00018677,0.8568
1622516879031000,0,1451.29773262,0.8574
1622516896842000,0,149.77030976,0.8585
1622516896842000,0,4370.62815058,0.8586
1622516907694000,0,7361.85135944,0.8598
1622516913579000,0,3000.00000000,0.8609
1622516913579000,0,2584.21420523,0.8609
1622516926298000,0,1014.04412380,0.8596
1622516929120000,0,1303.42882950,0.8602
1622516929917000,1,1674.38882561,0.8602
1622516931888000,0,129.64855613,0.8604
1622516932868000,0,578.40693471,0.8605
1622516936777000,1,150.36656978,0.8599
1622516944117000,1,4441.16234000,0.8596
1622516944170000,1,136.42600000,0.8596
1622516944390000,1,6263.57400000,0.8596
1622516947172000,0,6272.00000000,0.8599
1622516953997000,0,877.60776979,0.8602
1622516954064000,0,513.00709051,0.8602
1622516984442000,1,11720.00000000,0.8596
1622516987651000,1,6400.00000000,0.8594
1622517001213000,1,7960.00000000,0.8597
1622517001407000,1,12080.00000000,0.8597
1622517013209000,1,1164.01968590,0.8588
1622517024170000,1,572.20335406,0.8580
1622517025557000,1,1156.04081509,0.8580
1622517030049000,1,11102.00000000,0.8580
1622517032108000,0,6400.00000000,0.8583
1622517033080000,0,115.00626400,0.8587
1622517034164000,0,1050.14997180,0.8587
1622517050340000,0,3800.00000000,0.8590
1622517050433000,0,1616.78898275,0.8590
1622517050434000,0,1728.52887602,0.8590
1622517055994000,1,141.48756600,0.8588
1622517151027000,0,168.71173254,0.8598
1622517151338000,0,131.74824000,0.8598
1622517153551000,1,1722.08993651,0.8597
1622517154221000,1,2979.10740254,0.8597
1622517155836000,0,183.92514000,0.8600
1622517155848000,0,0.00000899,0.8600
1622517160623000,1,751.76909405,0.8599
1622517160624000,1,416.47989371,0.8599
1622517168819000,1,4603.59272918,0.8606
1622517168962000,0,14248.33040000,0.8610
1622517171165000,1,94.93202100,0.8607
1622517171729000,1,94.93202100,0.8605
1622517178832000,1,753.04943607,0.8599
1622517212789000,0,674.17435300,0.8617
1622517238407000,1,587.75445897,0.8614
1622517240202000,0,457.33694302,0.8622
1622517240203000,0,556.40740805,0.8622
1622517240205000,0,452.24976760,0.8622
1622517240205000,0,619.74968153,0.8622
1622517240207000,0,770.41025731,0.8622
1622517240207000,0,463.36269099,0.8622
1622517240209000,0,3080.48325150,0.8622
1622517240209000,0,713.67429248,0.8623
1622517240209000,0,683.02742678,0.8623
1622517240209000,0,826.33290871,0.8623
1622517240210000,0,820.65440452,0.8623
1622517240211000,0,493.19419101,0.8623
1622517240215000,0,610.37334396,0.8623
1622517240215000,0,429.86659284,0.8623
1622517240216000,0,530.35488728,0.8623
1622517240294000,0,1592.92555618,0.8623
1622517240353000,0,416.25684764,0.8623
1622517240353000,0,212.60396054,0.8624
1622517240946000,1,149.46748040,0.8623
1622517270753000,1,6400.00000000,0.8618
1622517270753000,1,4280.00000000,0.8617
1622517273444000,1,90.00000000,0.8622
1622517273553000,1,27.57891837,0.8622
1622517273553000,1,797.98039763,0.8617
1622517278366000,0,620.62377679,0.8621
1622517279088000,0,2345.96256301,0.8621
1622517279197000,0,2042.11149916,0.8621
1622517290070000,1,7111.00000000,0.8620
1622517300927000,0,6400.00000000,0.8625
1622517300927000,0,9387.85536938,0.8625
1622517300953000,0,6400.00000000,0.8625
1622517300953000,0,863.22530271,0.8625
1622517300953000,0,7114.11103182,0.8626
1622517301137000,0,426.10527539,0.8626
1622517301139000,0,6400.00000000,0.8626
1622517304405000,1,49.75000000,0.8624
1622517310341000,1,94.85038800,0.8625
1622517311053000,1,94.85038800,0.8625
1622517311822000,1,94.85038800,0.8625
1622517312597000,1,94.85038800,0.8625
1622517313050000,1,94.85038800,0.8623
1622517316496000,1,100.00000000,0.8622
1622517319655000,0,6400.00000000,0.8629
1622517329973000,0,115.02618200,0.8630
1622517341226000,1,6400.00000000,0.8625
1622517363075000,1,644.47179685,0.8631
1622517367637000,0,129.80842997,0.8635
1622517367637000,0,445.24917503,0.8638
1622517368949000,0,1735.87447216,0.8637
1622517383498000,0,78.99786900,0.8637
1622517412527000,0,69.27909095,0.8641
1622517423080000,1,9280.00000000,0.8636
1622517423227000,1,1157.49314764,0.8634
1622517423227000,1,1157.19846879,0.8633
1622517423227000,1,9465.63834058,0.8633
1622517424593000,0,131.69834032,0.8638
1622517445205000,0,11314.72714068,0.8641
1622517445742000,1,3611.00000000,0.8637
1622517448605000,0,2878.02825932,0.8641
1622517448605000,0,6400.00000000,0.8641
1622517452042000,1,4092.00000000,0.8639
1622517452073000,1,3003.41042498,0.8639
1622517454114000,0,976.31955000,0.8645
1622517456562000,1,94.75128700,0.8639
1622517457047000,1,94.75128700,0.8636
1622517459016000,0,9460.80230000,0.8645
1622517462965000,1,7091.00000000,0.8643
1622517473281000,0,114.71962200,0.8649
1622517474862000,1,76.98851800,0.8644
1622517480295000,0,14181.87170000,0.8650
1622517480295000,0,89.99752135,0.8651
1622517480295000,0,172.65036190,0.8653
1622517480295000,0,7090.04909052,0.8654
1622517480295000,0,1393.17523087,0.8656
1622517482399000,0,6000.00000000,0.8649
1622517483626000,0,6923.13017700,0.8649
1622517487712000,1,1156.07738320,0.8645
1622517488581000,0,290.00000000,0.8649
1622517490706000,1,0.08285359,0.8643
1622517506243000,1,1982.00000000,0.8638
1622517506495000,1,4418.00000000,0.8638
1622517506506000,1,1156.29393917,0.8638
1622517506906000,1,6400.00000000,0.8635
1622517509295000,0,2346.87651878,0.8642
1622517513472000,1,354.78739200,0.8636
1622517547009000,1,1157.01370136,0.8638
1622517554028000,1,1157.35650515,0.8636
1622517562180000,1,6400.00000000,0.8643
1622517571024000,0,142.98977780,0.8645
1622517571024000,0,143.75156620,0.8646
1622517573697000,1,6272.00000000,0.8639
1622517573717000,1,128.00000000,0.8639
1622517588330000,1,7096.17388564,0.8639
1622517589724000,1,1172.39073465,0.8637
1622517594923000,1,6272.00000000,0.8639
1622517594928000,1,128.00000000,0.8639
1622517597754000,0,1018.76266830,0.8644
1622517598253000,0,5381.23733170,0.8644
1622517598253000,0,2760.20356830,0.8644
1622517612933000,1,6400.00000000,0.8640
1622517612933000,1,6826.27355096,0.8640
1622517613790000,0,693.05190000,0.8646
1622517613806000,0,229.59471300,0.8646
1622517614324000,0,4267.56625400,0.8646
1622517617539000,1,6272.00000000,0.8640
1622517620002000,1,269.92395002,0.8640
1622517620132000,1,1157.20442518,0.8638
1622517620132000,1,7120.00000000,0.8638
1622517620132000,1,9461.81831156,0.8637
1622517631008000,1,60.53311700,0.8633
1622517636096000,1,98.30000000,0.8635
1622517643953000,0,3980.93597333,0.8640
1622517664063000,1,1157.81746776,0.8634
1622517729900000,1,429.86659285,0.8624
1622517729902000,1,688.53090629,0.8624
1622517729902000,1,3788.13332743,0.8624
1622517729904000,1,547.10293635,0.8624
1622517730204000,1,2466.36623707,0.8624
1622517730207000,1,0.00000001,0.8624
1622517736509000,1,25.00000000,0.8620
1622517736616000,1,100.00000000,0.8620
1622517752848000,1,919.00038400,0.8619
1622517769973000,1,1160.17356196,0.8615
1622517781832000,0,1129.30000000,0.8621
1622517781835000,0,5270.70000000,0.8621
1622517813447000,0,738.22377606,0.8624
1622517813859000,1,1159.00000000,0.8618
1622517825435000,1,162.00000000,0.8616
1622517829195000,0,1360.00000000,0.8621
1622517840247000,0,100.56724028,0.8620
1622517878632000,1,179.00000000,0.8613
1622517887880000,1,158.00000000,0.8612
1622517887881000,1,0.10538044,0.8612
1622517911496000,0,1112.67683900,0.8619
1622517945193000,0,165.23637872,0.8608
1622517949932000,0,57.62996800,0.8608
1622517963983000,1,153.75900000,0.8602
1622517964142000,1,0.00070566,0.8602
1622517964524000,0,509.51628091,0.8605
1622517965616000,0,3891.70116392,0.8601
1622517965714000,0,1567.22209506,0.8601
1622517965799000,1,9480.00000000,0.8596
1622517966832000,0,2458.64202588,0.8596
1622517966963000,0,2415.58827019,0.8596
1622517968160000,0,2176.45055704,0.8595
1622517990853000,1,450.35744500,0.8592
1622518020115000,1,7.52226904,0.8593
1622518024629000,0,7139.38309000,0.8595
1622518024639000,0,0.00000712,0.8595
1622518042545000,0,7138.16999733,0.8598
1622518042562000,0,0.00000001,0.8598
1622518043249000,1,6400.00000000,0.8599
1622518043994000,1,4350.06479617,0.8598
1622518044056000,1,489.01165006,0.8598
1622518052738000,0,143.46239248,0.8601
1622518053996000,0,136.05000000,0.8603
1622518055384000,1,887.67517793,0.8602
1622518055494000,1,1464.47015346,0.8602
1622518055883000,1,1441.95656729,0.8603
1622518076441000,0,1973.05404337,0.8604
1622518142589000,0,7135.65845743,0.8599
1622518160839000,1,143.80122208,0.8599
1622518160839000,1,800.19877792,0.8598
1622518171687000,1,98.81340000,0.8599
1622518187658000,1,1862.98000000,0.8598
1622518205763000,1,9400.00000000,0.8581
1622518207166000,1,1184.37062936,0.8580
1622518207167000,1,0.00000001,0.8580
1622518212728000,1,1602.84169879,0.8579
1622518219813000,1,123.34403200,0.8575
1622518219844000,1,162.00000000,0.8575
1622518224311000,1,1165.78649785,0.8572
1622518224326000,1,0.00000001,0.8572
1622518227482000,1,1111.59100000,0.8569
1622518227694000,1,6453.91364485,0.8569
1622518235805000,1,6331.08413424,0.8560
1622518240879000,1,625.46190000,0.8550
1622518240890000,1,0.00008830,0.8550
1622518252478000,0,1129.30000000,0.8559
1622518259437000,1,150.00000000,0.8550
1622518308203000,1,4763.00000000,0.8545
1622518313887000,1,0.05874969,0.8545
1622518315055000,1,6400.00000000,0.8540
1622518315721000,1,6400.00000000,0.8534
1622518315721000,1,1170.15176868,0.8533
1622518315721000,1,1220.98304417,0.8533
1622518316018000,1,1704.30197993,0.8533
1622518316018000,1,7606.95521628,0.8531
1622518316018000,1,10600.00000000,0.8529
1622518316347000,1,1170.15176868,0.8529
1622518316347000,1,2925.28502410,0.8529
1622518322343000,1,6400.00000000,0.8534
1622518326098000,1,1000.00000000,0.8527
1622518350549000,0,1109.98324336,0.8540
1622518363590000,1,45.99426322,0.8524
1622518373306000,1,1172.32469643,0.8519
1622518373306000,1,2930.87564385,0.8519
1622518377676000,1,2932.90435410,0.8517
1622518379991000,1,3600.00000000,0.8513
1622518387552000,0,1266.09413300,0.8519
1622518395885000,1,10919.69798540,0.8503
1622518395897000,1,6400.00000000,0.8504
1622518397239000,1,1195.51764000,0.8500
1622518398923000,1,0.00000705,0.8500
1622518404934000,1,13050.78740748,0.8488
1622518404934000,1,2791.47636814,0.8488
1622518404940000,1,2605.35820862,0.8488
1622518409216000,1,2346.87651878,0.8484
1622518413841000,1,1129.30000000,0.8484
1622518414325000,0,6400.00000000,0.8491
1622518414453000,0,3737.30000000,0.8494
1622518422579000,0,4805.14927909,0.8487
1622518424509000,0,1367.61673622,0.8486
1622518445777000,0,159.19400000,0.8493
