timestamp ms,type,amount,price
1626134449230000,1,280.00000000,0.5298
1626134573637000,1,637.60046571,0.5287
1626134728349000,0,127.09986000,0.5276
1626134733629000,0,127.11257000,0.5274
1626134740594000,0,127.12528000,0.5274
1626134761841000,0,3996.93640000,0.5277
1626134796732000,1,283.68973997,0.5277
1626134825367000,0,6000.00000000,0.5282
1626134825445000,0,8900.00000000,0.5282
1626134826897000,0,12000.00000000,0.5284
1626134971538000,1,1884.49386794,0.5303
1626134972840000,1,500.00000000,0.5297
1626135016225000,1,4178.15766000,0.5308
1626135016289000,1,3221.84234000,0.5308
1626135038971000,0,91.17000000,0.5310
1626135137288000,0,91.19000000,0.5313
1626135207464000,0,91.16000000,0.5314
1626135289878000,0,109.51000000,0.5306
1626135333567000,1,1882.93598700,0.5291
1626135385719000,0,109.47000000,0.5308
1626135468486000,0,109.77000000,0.5293
1626135535030000,0,282.01000000,0.5289
1626135594489000,1,143.20000000,0.5280
1626135598784000,1,138.95665000,0.5280
1626135600629000,1,0.00000479,0.5280
1626135836937000,0,54.80000000,0.5301
1626136031975000,0,91.28000000,0.5305
1626136272362000,0,2174.10049125,0.5321
1626136272461000,0,143.20000000,0.5321
1626136367978000,1,104.62650000,0.5325
1626136374773000,0,7400.00000000,0.5330
1626136377103000,1,705.88470600,0.5330
1626136388282000,1,14228.92000000,0.5325
1626136388282000,1,1876.33180144,0.5325
1626136512307000,0,54.48000000,0.5333
1626136844578000,0,90.98000000,0.5323
1626136922307000,0,3963.32709000,0.5320
1626136922341000,0,0.00000131,0.5320
1626137217797000,0,99.83000000,0.5334
1626137487534000,0,3962.18760000,0.5323
1626137487536000,0,0.00009974,0.5323
1626138157904000,1,509.75000000,0.5301
1626138213506000,1,43.00000000,0.5301
1626139088340000,0,182.74000000,0.5300
1626139545984000,1,8523.91252528,0.5289
1626139545984000,1,1889.12174047,0.5289
1626139545984000,1,3699.00000000,0.5288
1626139545985000,1,4723.66556448,0.5288
1626139545985000,1,2066.56935985,0.5288
1626139622794000,1,1889.17179000,0.5289
1626140117858000,1,498.51740000,0.5303
1626140178810000,1,55.16000000,0.5301
1626140249165000,1,1886.74717061,0.5294
1626140249165000,1,4714.79275657,0.5294
1626140351481000,0,1057.65460000,0.5301
1626140360328000,0,0.00009061,0.5301
1626140469726000,1,498.63772200,0.5297
1626140670766000,1,923.28494000,0.5296
1626140771218000,1,272.77686800,0.5297
1626140775663000,1,1886.10762000,0.5297
1626140861705000,1,68.67400000,0.5296
1626140911322000,0,54.81000000,0.5301
1626141364169000,0,3974.56535000,0.5303
1626141724095000,0,2566.76500163,0.5300
1626142068879000,0,62.72000000,0.5305
1626142077622000,0,3974.00000000,0.5305
1626142087510000,0,93.54319500,0.5306
1626142237820000,0,742.34540000,0.5303
1626142262902000,0,341.81736100,0.5303
1626142324532000,0,3899.11936978,0.5299
1626142324546000,0,79.57386469,0.5299
1626142396042000,1,1886.20012865,0.5296
1626142396073000,1,0.00000001,0.5296
1626142396130000,1,4716.83873000,0.5296
1626143120302000,1,399.00000000,0.5301
1626143911011000,1,1882.93959644,0.5307
1626144271300000,1,1657.50309000,0.5304
1626144465417000,0,3972.93965000,0.5303
1626144465658000,0,0.00000721,0.5303
1626144465658000,0,20549.99999279,0.5304
1626144465670000,0,0.00000721,0.5304
1626144792605000,1,927.14589827,0.5302
1626144908946000,0,6000.00000000,0.5302
1626144909016000,0,8250.00000000,0.5302
1626145022090000,0,107.97475600,0.5302
1626145150149000,1,1886.79760000,0.5296
1626145150197000,1,0.00005028,0.5296
1626145265964000,0,43.00000000,0.5298
1626145266011000,0,16707.00000000,0.5298
1626145432964000,0,375.52360644,0.5299
1626145525583000,0,912.73357400,0.5305
1626145598317000,0,6142.08500000,0.5305
1626145636082000,1,37.77000000,0.5302
1626145850266000,0,500.00000000,0.5310
1626146030553000,0,196.32532000,0.5308
1626146044557000,1,7400.00000000,0.5305
1626146095610000,0,1530.52338420,0.5307
1626146177369000,1,4500.00000000,0.5306
1626146380222000,1,1881.97079000,0.5309
1626146547336000,1,1883.29589381,0.5306
1626147030646000,1,278.42000000,0.5298
1626147121154000,1,350.00000000,0.5298
1626147162019000,1,95.36000000,0.5298
1626147360258000,0,466.64655530,0.5301
1626147564319000,1,142.84676000,0.5293
1626147735808000,1,62.69000000,0.5295
1626147808640000,0,187.45031600,0.5296
1626147962503000,0,13750.00000000,0.5297
1626148141552000,0,107.16780983,0.5292
1626148486866000,0,1823.52621800,0.5301
1626148892285000,1,1887.53173327,0.5293
1626148892285000,1,14871.22000000,0.5292
1626148892285000,1,3976.80048896,0.5292
1626148892285000,1,4719.18935653,0.5292
1626149152819000,0,2747.10578400,0.5289
1626149152889000,0,118.73830700,0.5289
1626149396806000,0,1000.00000000,0.5283
1626149400367000,0,146.23352182,0.5283
1626149400399000,0,853.76647818,0.5283
1626150257298000,1,188.90100000,0.5285
1626150330889000,0,58.17836100,0.5290
1626150480647000,0,1627.58685900,0.5295
1626150580716000,0,2349.46087005,0.5294
1626150658731000,1,100.00000000,0.5290
1626150909752000,1,48.39060900,0.5288
1626150990427000,0,374.76615600,0.5296
1626151159967000,0,375.23370200,0.5290
1626151162749000,1,2299.30000000,0.5286
1626151170701000,1,397.56179000,0.5286
1626151320309000,0,492.87523870,0.5290
1626151563348000,0,1500.00000000,0.5293
1626151564886000,0,141.56286000,0.5293
1626151807043000,0,749.12532108,0.5300
1626151957652000,0,2809.73832100,0.5299
1626151984691000,0,567.56192400,0.5298
1626152029904000,0,374.54695300,0.5300
1626152031228000,0,3871.00469837,0.5300
1626152296566000,1,59.75000000,0.5299
1626152403715000,1,7400.00000000,0.5296
1626152403715000,1,1886.67635030,0.5296
1626152403715000,1,4716.98113208,0.5296
1626152403715000,1,16465.74420000,0.5296
1626152403715000,1,7400.00000000,0.5295
1626152403715000,1,3977.23293637,0.5295
1626152403715000,1,10979.56050000,0.5295
1626152403715000,1,1277.00000000,0.5295
1626152403715000,1,4030.51500000,0.5294
1626152403715000,1,500.00000000,0.5294
1626152403715000,1,3100.96925144,0.5294
1626152403715000,1,14952.03000000,0.5294
1626152403715000,1,12264.96433063,0.5294
1626152403715000,1,10028.49622912,0.5294
1626152403715000,1,1019.83007006,0.5294
1626152794923000,1,14140.00000000,0.5290
1626153036087000,1,1890.89227329,0.5284
1626153036734000,1,1890.89227328,0.5284
1626153036787000,1,0.00000001,0.5284
1626153042180000,1,1890.89227329,0.5277
1626153042491000,1,1890.89227329,0.5276
1626153059633000,1,1895.23451935,0.5271
1626153059649000,1,4739.12087322,0.5270
1626153059655000,1,500.00000000,0.5270
1626153059655000,1,11852.38247064,0.5268
1626153059837000,1,143.20000000,0.5268
1626153059865000,1,282.15665479,0.5268
1626153118323000,0,4005.56254000,0.5264
1626153118357000,0,0.00000268,0.5264
1626153209892000,1,113.75958300,0.5258
1626153211265000,0,127.29287000,0.5262
1626153216971000,0,726.05582000,0.5258
1626153225724000,1,1902.47417066,0.5251
1626153225742000,1,0.00000001,0.5251
1626153226357000,1,619.90470000,0.5250
1626153226443000,0,127.37821000,0.5254
1626153226519000,1,0.00006190,0.5250
1626153229721000,0,6000.00000000,0.5250
1626153229792000,0,1400.00000000,0.5250
1626153238136000,0,127.39095000,0.5252
1626153255763000,0,7400.00000000,0.5257
1626153255861000,0,12000.00000000,0.5258
1626153308786000,0,127.40369000,0.5256
1626153329481000,0,726.68793000,0.5249
1626153334932000,0,7400.00000000,0.5243
1626153335037000,0,127.48911000,0.5245
1626153336132000,1,564.27613700,0.5239
1626153336161000,0,7400.00000000,0.5243
1626153336241000,0,4900.67911000,0.5243
1626153336424000,0,48.23070000,0.5245
1626153390390000,0,127.50186000,0.5245
1626153396633000,0,127.51461000,0.5243
1626153402572000,0,127.52736000,0.5242
1626153414523000,0,727.39334000,0.5239
1626153438165000,1,7400.00000000,0.5235
1626153438165000,1,4023.31561122,0.5234
1626153438165000,1,500.00000000,0.5234
1626153438165000,1,3076.68438878,0.5233
1626153451404000,1,189.38914000,0.5237
1626153466837000,0,4500.00000000,0.5236
1626153466922000,0,2900.00000000,0.5236
1626153524405000,0,6500.00000000,0.5243
1626153524409000,0,143.20000000,0.5243
1626153524461000,0,13106.80000000,0.5243
1626153544736000,1,7624.27080000,0.5236
1626153544799000,1,4775.80599000,0.5236
1626153544800000,1,0.00000435,0.5236
1626153681916000,1,419.79329500,0.5241
1626153718988000,1,1090.25860878,0.5240
1626153729111000,0,555.16570600,0.5246
1626153730542000,0,3009.62781900,0.5247
1626153833693000,1,500.00000000,0.5237
1626153873016000,0,104.17095000,0.5239
1626153930820000,1,1908.48340670,0.5236
1626153930820000,1,4022.23405773,0.5236
1626153930820000,1,572.90594757,0.5235
1626153953011000,1,3826.92918386,0.5241
1626153974432000,0,7400.00000000,0.5243
1626153974432000,0,3000.00000000,0.5243
1626153974432000,0,11697.28271072,0.5245
1626153974432000,0,20726.84000000,0.5245
1626153974432000,0,8042.24774730,0.5246
1626153974432000,0,29544.44000000,0.5246
1626153974432000,0,1907.15021257,0.5247
1626153974432000,0,9936.60895967,0.5247
1626153974432000,0,7745.43036974,0.5247
1626154014668000,0,99.66397300,0.5241
1626154041301000,0,7400.00000000,0.5238
1626154087815000,1,9000.00000000,0.5230
1626154087981000,1,1818.15861727,0.5226
1626154092506000,0,7400.00000000,0.5233
1626154095370000,1,126.00000000,0.5229
1626154133010000,0,7400.00000000,0.5235
1626154179370000,0,55.65128600,0.5241
1626154278104000,1,125.00997600,0.5236
1626154313289000,1,590.67363600,0.5231
1626154327272000,1,1026.75000000,0.5230
1626154334354000,0,1800.00000000,0.5233
1626154382130000,1,1911.68687000,0.5228
1626154383207000,1,12428.16822672,0.5226
1626154383207000,1,11379.20378822,0.5225
1626154383335000,1,1911.68687000,0.5225
1626154383607000,1,0.00000013,0.5225
1626154383607000,1,4499.99999987,0.5224
1626154383667000,1,7046.89690000,0.5224
1626154388070000,1,143.20000000,0.5223
1626154389148000,0,728.16713000,0.5224
1626154404457000,0,127.74861000,0.5224
1626154414846000,1,821.77800754,0.5223
1626154416529000,0,127.76139000,0.5223
1626154419007000,0,7400.00000000,0.5225
1626154432744000,1,1913.64048285,0.5223
1626154495206000,1,751.00000000,0.5220
1626154502224000,1,1715.94266989,0.5220
1626154505860000,0,127.77417000,0.5222
1626154507585000,1,5333.00369000,0.5220
1626154508690000,1,0.00000026,0.5220
1626154508702000,1,50.00000000,0.5217
1626154511312000,1,128.63518000,0.5214
1626154511318000,1,0.00000017,0.5214
1626154511397000,1,85.57867747,0.5211
1626154511397000,1,914.42132253,0.5210
1626154512333000,1,85.57867000,0.5210
1626154512496000,1,0.00000747,0.5210
1626154512967000,0,12150.00000000,0.5210
1626154515195000,1,5137.49634000,0.5217
1626154515443000,1,0.00000580,0.5217
1626154524116000,1,357.84664471,0.5215
1626154540482000,0,390.03960100,0.5227
1626154563420000,0,339.92066800,0.5230
1626154653704000,1,754.31902000,0.5220
1626154778318000,1,50.00000000,0.5217
1626154861532000,0,95.18307218,0.5227
1626155047484000,1,7400.00000000,0.5220
1626155047484000,1,2276.03849051,0.5220
1626155074850000,0,188.07166800,0.5226
1626155116876000,0,13700.00000000,0.5229
1626155116876000,0,4033.30293793,0.5230
1626155183364000,0,473.88823300,0.5232
1626155221757000,1,1042.48110503,0.5226
1626155371803000,1,281.92395200,0.5221
1626155402249000,1,493.37034922,0.5219
1626155434494000,0,177.34886122,0.5228
1626155456837000,0,189.77637600,0.5234
1626155459857000,0,94.85191600,0.5234
1626155560571000,0,50.00000000,0.5231
1626155597804000,0,483.65559900,0.5235
1626155676984000,0,191.06647537,0.5228
1626155721849000,0,100.00000000,0.5225
1626155766507000,0,500.00000000,0.5230
1626155954227000,0,150.78480300,0.5233
1626155965569000,0,283.00000000,0.5233
1626155965668000,0,283.00000000,0.5233
1626155965704000,0,133.67200000,0.5233
1626156052922000,0,931.43090000,0.5236
1626156063787000,1,150.00000000,0.5233
1626156095532000,1,620.94818000,0.5236
1626156184739000,1,400.00000000,0.5240
1626156185030000,1,3654.90000000,0.5239
1626156204821000,1,1341.50803810,0.5235
1626156338382000,0,4021.99655356,0.5242
1626156360325000,0,1771.92437398,0.5247
1626156395725000,1,140.00000000,0.5245
1626156426185000,0,307.60936700,0.5252
1626156438759000,0,4014.08987351,0.5253
1626156438759000,0,159.56701049,0.5254
1626156443619000,0,2154.42393247,0.5253
1626156503719000,0,152.06636200,0.5254
1626156592101000,1,668.49684000,0.5251
1626156640597000,0,4012.40495125,0.5255
1626156640900000,0,4012.40495125,0.5255
1626156672984000,1,7400.00000000,0.5252
1626156691272000,0,115.26847400,0.5252
1626156733492000,0,4016.61316059,0.5249
1626156743682000,0,2836.55789300,0.5249
1626156757994000,0,1180.00000000,0.5249
1626156757996000,0,0.05526759,0.5249
1626156767529000,0,973.16682053,0.5251
1626156784656000,1,55.80231900,0.5249
1626156805195000,0,4014.54126917,0.5252
1626156805252000,1,5411.74124000,0.5252
1626156805289000,1,0.00000255,0.5252
1626156815739000,0,661.10310000,0.5251
1626156842686000,0,3459.42315019,0.5249
1626156857296000,0,2289.00000000,0.5249
1626156857321000,0,1727.44555989,0.5249
1626156858784000,1,80.00000000,0.5247
1626156860941000,1,12500.00000000,0.5251
1626156966910000,0,944.33184300,0.5254
1626157051747000,0,3929.79767276,0.5258
1626157051757000,0,80.19995251,0.5258
1626157099703000,1,300.10500900,0.5259
1626157116309000,1,172.59203448,0.5261
1626157116761000,0,280.71806744,0.5270
1626157253121000,0,65.98824800,0.5264
1626157262531000,0,3940.63038457,0.5264
1626157275746000,0,56.13815115,0.5265
1626157335846000,0,4006.53160923,0.5264
1626157335846000,0,1650.00361177,0.5265
1626157341934000,0,942.60995200,0.5264
1626157379586000,0,4006.00000000,0.5263
1626157408059000,0,0.77778697,0.5263
1626157408059000,0,644.74999703,0.5263
1626157421869000,0,4005.00000000,0.5265
1626157423195000,0,0.72095779,0.5265
1626157423195000,0,942.19345521,0.5266
1626157424519000,0,4005.00000000,0.5265
1626157442173000,0,942.95024400,0.5263
1626157444170000,0,633.00000000,0.5263
1626157485444000,0,4006.48765820,0.5263
1626157521890000,0,190.27458586,0.5261
1626157565415000,0,145.35876286,0.5262
1626157568913000,0,246.30134500,0.5264
1626157609533000,1,1899.03132000,0.5263
1626157680644000,0,0.72095779,0.5265
1626157717177000,1,1897.37233000,0.5266
1626157754736000,0,180.77166500,0.5268
1626157785168000,0,665.13604500,0.5269
1626157788513000,1,1897.15059000,0.5267
1626157800355000,0,88.16110489,0.5271
1626157905261000,0,18350.00000000,0.5275
1626157905271000,0,2897.99778796,0.5277
1626157920277000,0,122.09236140,0.5281
1626158014727000,0,206.89726500,0.5277
1626158033816000,0,94.04842200,0.5277
1626158098790000,1,1894.05301000,0.5275
1626158174737000,0,198.12669700,0.5278
1626158174925000,0,370.03052100,0.5276
1626158179946000,0,214.50261000,0.5277
1626158181232000,1,1200.00000000,0.5273
1626158201645000,0,56.41943000,0.5277
1626158282663000,1,1887.84532000,0.5293
1626158319674000,0,50.00000000,0.5300
1626158320354000,0,127.69918809,0.5302
1626158358123000,0,3967.57467000,0.5316
1626158390018000,0,85.57860000,0.5331
1626158390021000,0,0.00007747,0.5331
1626158390123000,0,914.42130000,0.5332
1626158390143000,0,3041.27850000,0.5332
1626158400064000,0,85.57860000,0.5350
1626158400197000,0,2210.06250000,0.5350
1626158400249000,0,0.00000026,0.5350
1626158400373000,0,143.14500000,0.5352
1626158400402000,0,356.85500000,0.5352
1626158400868000,0,6450.96034832,0.5357
1626158401014000,0,2844.58267082,0.5358
1626158401020000,0,4668.85581222,0.5358
1626158401312000,0,48.69000000,0.5360
1626158401312000,0,40.00000000,0.5361
1626158402023000,0,38.36724358,0.5369
1626158402023000,0,38.36724358,0.5369
1626158402038000,1,187.00000000,0.5359
1626158402612000,1,187.00000000,0.5363
1626158403197000,1,187.00000000,0.5363
1626158403342000,0,500.00000000,0.5374
1626158404020000,1,7400.00000000,0.5379
1626158404073000,1,187.00000000,0.5381
1626158404259000,1,7213.00000000,0.5381
1626158404704000,1,2000.00000000,0.5373
1626158405461000,1,2264.94770000,0.5373
1626158407465000,0,198.27810000,0.5383
1626158407710000,0,0.00005665,0.5383
1626158408707000,0,100.00000000,0.5390
1626158408707000,0,1500.00000000,0.5390
1626158408992000,0,499.99999999,0.5392
1626158409022000,0,0.00000001,0.5392
1626158409053000,0,6004.64086791,0.5396
1626158409053000,0,8714.72463209,0.5396
1626158409180000,0,3941.20719734,0.5396
1626158409215000,0,226.08760000,0.5396
1626158409247000,0,1837.34609801,0.5396
1626158409247000,0,800.00000000,0.5396
1626158409574000,0,2210.06250025,0.5400
1626158409574000,0,14140.00000000,0.5400
1626158409574000,0,50.00000000,0.5400
1626158409574000,0,84.47149975,0.5401
1626158409717000,0,0.00003985,0.5401
1626158410087000,0,226.08762955,0.5405
1626158410503000,0,500.00000000,0.5412
1626158410656000,0,5523.82570000,0.5415
1626158410674000,0,392.51610000,0.5415
1626158410723000,0,29600.00000000,0.5415
1626158410812000,0,722.63240000,0.5415
1626158410822000,0,845.16820000,0.5415
1626158410828000,0,4917.60831360,0.5415
1626158410828000,0,800.00000000,0.5416
1626158410896000,0,500.00000000,0.5413
1626158411493000,1,7400.00000000,0.5420
1626158414101000,0,500.00000000,0.5417
1626158414551000,1,15607.40730000,0.5414
1626158414689000,0,210.37312413,0.5420
1626158415007000,1,1742.00612500,0.5415
1626158416228000,1,3000.00000000,0.5417
1626158417507000,1,7400.00000000,0.5401
1626158418779000,1,500.00000000,0.5394
1626158419638000,1,7400.00000000,0.5388
1626158421059000,1,7400.00000000,0.5387
1626158421894000,0,800.00000000,0.5395
1626158421912000,0,1354.40334000,0.5395
1626158421912000,0,181.14506000,0.5395
1626158421993000,0,500.00000000,0.5393
1626158422221000,0,2818.85500000,0.5397
1626158424683000,1,500.00000000,0.5399
1626158424817000,1,7400.00000000,0.5398
1626158426925000,1,2000.00000000,0.5394
1626158428071000,1,7400.00000000,0.5392
1626158428071000,1,500.00000000,0.5390
1626158428071000,1,1275.23021500,0.5389
1626158429099000,1,7400.00000000,0.5390
1626158429099000,1,7400.00000000,0.5390
1626158429099000,1,500.00000000,0.5387
1626158429099000,1,3876.50000000,0.5386
1626158429099000,1,15823.50000000,0.5386
1626158433052000,1,500.00000000,0.5388
1626158433234000,1,500.00000000,0.5386
1626158434979000,1,3000.00000000,0.5384
1626158435077000,1,500.00000000,0.5384
1626158435591000,1,500.00000000,0.5376
1626158435711000,1,500.00000000,0.5374
1626158436446000,1,500.00000000,0.5377
1626158436799000,1,500.00000000,0.5377
1626158439848000,0,500.00000000,0.5401
1626158442502000,1,500.00000000,0.5395
1626158452999000,1,4030.51500000,0.5406
1626158453483000,1,500.00000000,0.5404
1626158454995000,1,2000.00000000,0.5394
1626158472032000,0,3000.00000000,0.5393
1626158501273000,0,196.00000000,0.5390
1626158520253000,0,304.00000000,0.5399
1626158520253000,0,1090.92920853,0.5399
1626158524279000,0,261.00000000,0.5396
1626158608046000,0,3921.47510000,0.5379
1626158629879000,0,4097.26600000,0.5374
1626158630315000,0,0.00000976,0.5374
1626158632729000,1,500.00000000,0.5377
1626158632729000,1,3243.60550920,0.5376
1626158638963000,0,3000.00000000,0.5385
1626158664811000,0,3919.98502000,0.5379
1626158670247000,0,3920.07581000,0.5379
1626158678558000,0,0.00000186,0.5379
1626158692387000,0,3918.44948000,0.5381
1626158706091000,0,3921.34317000,0.5377
1626158709373000,0,0.00000388,0.5377
1626158711524000,0,0.00000869,0.5381
1626158714371000,0,3918.19364000,0.5382
1626158718639000,1,12074.58507000,0.5378
1626158718749000,1,1857.07625000,0.5378
1626158718768000,1,1857.07620000,0.5378
1626158718825000,1,0.28318947,0.5378
1626158718835000,1,0.00000203,0.5378
1626158718835000,1,1857.06959797,0.5377
1626158738006000,1,1858.31897000,0.5376
1626158740117000,0,185.45163868,0.5377
1626158749512000,0,3920.00474000,0.5379
1626158779837000,0,13100.00000000,0.5369
1626158783581000,0,3928.44756000,0.5368
1626158817718000,0,88.16699311,0.5361
1626158822770000,0,3936.38718000,0.5358
1626158829926000,0,542.07398000,0.5357
1626158836819000,0,3934.98274000,0.5359
1626158867974000,0,3934.28757000,0.5362
1626158875385000,1,3000.00000000,0.5356
1626158897176000,0,3938.75613000,0.5355
1626158907677000,0,3000.00000000,0.5361
1626158909977000,1,70.99950000,0.5359
1626158921559000,1,1863.03431919,0.5359
1626158921559000,1,4658.85965081,0.5359
1626158950324000,0,3937.30756963,0.5357
1626158950324000,0,72.00464374,0.5358
1626158955168000,0,3937.93537000,0.5355
1626158955418000,0,0.00000750,0.5355
1626158955418000,0,7876.12455250,0.5356
1626158968947000,0,3940.53832224,0.5352
1626158968947000,0,13800.00000000,0.5355
1626158968947000,0,7878.62161054,0.5356
1626158968947000,0,745.94776641,0.5358
1626158978006000,0,3940.70761000,0.5352
1626158987439000,0,2594.06720774,0.5352
1626158987820000,0,946.46339100,0.5352
1626158990438000,0,372.71839200,0.5352
1626159004613000,0,0.00000358,0.5352
1626159010904000,0,3938.33600000,0.5354
1626159011172000,0,0.00000403,0.5354
1626159011172000,0,7877.02356597,0.5356
1626159024162000,0,3938.67150000,0.5354
1626159036983000,0,3939.97248000,0.5351
1626159038931000,0,0.00000549,0.5351
1626159043190000,0,3939.52131000,0.5352
1626159046879000,0,3939.46925000,0.5352
1626159049895000,0,3939.85876000,0.5351
1626159052179000,0,0.00000550,0.5351
1626159052179000,0,0.00000385,0.5352
1626159052179000,0,3939.20322065,0.5352
1626159054586000,0,0.00001272,0.5352
1626159054586000,0,3939.20322728,0.5352
1626159058740000,0,0.00000609,0.5352
1626159058740000,0,3939.20322391,0.5352
1626159084232000,0,3941.27485000,0.5351
1626159105034000,0,3945.33005000,0.5346
1626159109411000,0,3945.33182000,0.5345
1626159109507000,0,0.00000654,0.5345
1626159109507000,0,7891.16609346,0.5347
1626159134143000,1,394.31552116,0.5335
1626159169166000,0,3950.87773000,0.5339
1626159196640000,0,7880.24490000,0.5349
1626159196640000,0,3943.80725797,0.5349
1626159196640000,0,0.00000830,0.5351
1626159196640000,0,597.59356720,0.5351
1626159196640000,0,7887.28165378,0.5351
1626159196640000,0,1474.87257283,0.5352
1626159204048000,0,1495.39725600,0.5350
1626159212946000,0,704.15017000,0.5350
1626159221288000,0,0.00000199,0.5350
1626159221288000,0,0.00000874,0.5352
1626159221288000,0,0.00000215,0.5354
1626159221288000,0,80.44565107,0.5354
1626159241934000,0,3937.81352851,0.5357
1626159254304000,0,394.31551093,0.5347
1626159260888000,0,923.95467800,0.5354
1626159308548000,1,166.44263400,0.5354
1626159308668000,1,1699.10813000,0.5354
1626159351419000,1,140.00000000,0.5345
1626159374395000,1,393.73795881,0.5340
1626159396747000,1,1871.61246745,0.5338
1626159396747000,1,4678.80911207,0.5338
1626159396747000,1,10835.29440000,0.5338
1626159396747000,1,9755.72313723,0.5337
1626159396747000,1,16250.99530000,0.5337
1626159396747000,1,3947.88113767,0.5336
1626159396747000,1,500.00000000,0.5336
1626159396747000,1,12033.85271579,0.5335
1626159396747000,1,4115.90000000,0.5335
1626159396747000,1,36009.93172979,0.5335
1626159402068000,1,1870.88376000,0.5337
1626159404220000,0,104.74926971,0.5340
1626159489620000,0,422.17223500,0.5334
1626159494466000,1,394.83866891,0.5328
1626159521002000,1,1871.33192000,0.5339
1626159531671000,1,1872.21485392,0.5337
1626159604054000,0,9000.00000000,0.5342
1626159604131000,0,6550.00000000,0.5342
1626159614611000,1,394.82617568,0.5342
1626159634207000,1,1869.65977265,0.5344
1626159634207000,1,16062.13100000,0.5344
1626159634207000,1,5483.72532144,0.5344
1626159634252000,1,4372.50000000,0.5343
1626159639789000,1,1872.32036000,0.5337
1626159650529000,0,70.58195300,0.5339
1626159653734000,1,1874.40510203,0.5332
1626159657161000,1,500.00000000,0.5322
1626159663151000,1,1880.90530654,0.5313
1626159663182000,1,0.00000001,0.5313
1626159764495000,1,2604.74930000,0.5339
1626159764495000,1,1870.37958842,0.5339
1626159764495000,1,524.62111158,0.5339
1626159778749000,1,1869.05611000,0.5343
1626159882389000,1,1868.58805200,0.5346
1626159975031000,1,394.33420612,0.5345
1626160057887000,0,7400.00000000,0.5343
1626160083890000,1,5754.22771508,0.5341
1626160100527000,0,394.33416000,0.5345
1626160100668000,0,0.00000964,0.5345
1626160156755000,1,494.97930200,0.5344
1626160167162000,0,151.00472600,0.5349
1626160179364000,0,372.12494857,0.5348
1626160187984000,1,154.76940200,0.5342
1626160296981000,1,1000.00000000,0.5349
1626160310232000,0,0.00000129,0.5368
1626160530251000,1,1859.06960000,0.5375
1626160579562000,0,369.10783600,0.5379
1626160628480000,1,500.00000000,0.5370
1626160644642000,1,1859.52755846,0.5373
1626160644642000,1,5049.21517793,0.5373
1626160682815000,1,94.97600000,0.5370
1626160703319000,1,463.62561500,0.5374
1626160745797000,0,263.56681599,0.5380
1626160818926000,1,10909.56190000,0.5375
1626160821246000,1,143.20000000,0.5373
1626160821264000,1,7560.80600000,0.5373
1626160821275000,1,2594.84493984,0.5373
1626160821336000,1,12083.01327691,0.5373
1626160871395000,1,1858.50112000,0.5376
1626160894650000,1,1000.00000000,0.5373
1626160912511000,0,400.00000001,0.5379
1626160994702000,0,83.15725600,0.5372
1626161032970000,0,923.26743900,0.5372
1626161147771000,1,174.80000000,0.5366
1626161152166000,1,1190.00000000,0.5369
1626161212045000,0,3925.27800193,0.5373
1626161212052000,0,769.77600000,0.5374
1626161280357000,0,746.02312039,0.5374
1626161283582000,0,184.65005200,0.5373
1626161285032000,0,3924.85049000,0.5374
1626161298691000,0,0.00000428,0.5374
1626161298691000,0,719.47707772,0.5375
1626161349612000,0,143.20000000,0.5375
1626161383818000,1,1000.00000000,0.5374
1626161427781000,0,461.44485600,0.5375
1626161470388000,1,4999.75000000,0.5370
1626161520360000,0,7400.00000000,0.5374
1626161520360000,0,1174.49994036,0.5374
1626161553991000,0,540.88000000,0.5372
1626161602525000,1,1300.00000000,0.5368
1626161703990000,0,157.37325791,0.5374
1626161725681000,0,1440.44000000,0.5383
1626161815058000,0,3928.40318000,0.5369
1626161828348000,0,7400.00000000,0.5368
1626161828348000,0,3928.81092091,0.5368
1626161843061000,0,309.51095556,0.5379
1626161851758000,1,56.52302900,0.5374
1626161869598000,0,83.23728436,0.5378
1626161873430000,0,87.01541493,0.5378
1626161893719000,1,158.61304900,0.5374
1626161898877000,0,3718.51528500,0.5381
1626161915453000,1,1857.59864000,0.5379
1626161944245000,1,293.00000000,0.5374
1626161974016000,1,41.61864218,0.5377
1626161985423000,0,68.92716056,0.5382
1626162004669000,0,207.69024600,0.5382
1626162032619000,0,964.09593730,0.5382
1626162042431000,1,997.52850000,0.5378
1626162042433000,1,860.62893533,0.5378
1626162046419000,1,500.00000000,0.5376
1626162065180000,1,458.00000000,0.5378
1626162082388000,1,1857.83308000,0.5377
1626162164960000,1,80.15670900,0.5373
1626162224120000,1,1858.39794000,0.5376
1626162224204000,1,0.00000322,0.5376
1626162273450000,0,121.94667336,0.5376
1626162312586000,0,103.14660300,0.5377
1626162377216000,1,403.72000000,0.5369
1626162419476000,1,10913.76163000,0.5370
1626162426246000,1,0.00000873,0.5370
1626162438291000,1,91.00000000,0.5366
1626162562104000,0,73.98000000,0.5367
1626162600248000,0,509.29222696,0.5368
1626162674740000,0,7400.00000000,0.5371
1626162698583000,1,1859.54679000,0.5374
1626162733098000,0,7400.00000000,0.5377
1626162739606000,0,3656.00000000,0.5378
1626162790628000,1,1579.75000000,0.5373
1626162791759000,1,143.20000000,0.5373
1626162819535000,1,1860.24880000,0.5372
1626162840292000,1,386.12531970,0.5369
1626162864693000,0,6744.00000000,0.5373
1626162866720000,0,656.00000000,0.5373
1626162882810000,0,118.21342000,0.5373
1626162894205000,0,316.13413900,0.5372
1626162926473000,1,1860.11729000,0.5371
1626162934102000,1,1860.87980347,0.5370
1626162960310000,0,92.11873081,0.5373
1626162968540000,0,3928.85258000,0.5372
1626163032294000,0,1800.00000000,0.5371
1626163036333000,0,187.00000000,0.5373
1626163041996000,1,1426.05208400,0.5369
1626163050937000,0,441.69409800,0.5374
1626163064663000,1,1861.17288845,0.5370
1626163064663000,1,7254.95639686,0.5370
1626163064735000,1,4652.68006226,0.5369
1626163064744000,1,0.00000001,0.5369
1626163064794000,1,4652.68006226,0.5369
1626163064800000,1,5985.95653774,0.5369
1626163070268000,0,3931.02531000,0.5369
1626163084602000,0,105.43994800,0.5372
1626163123375000,1,229.58481300,0.5372
1626163134046000,1,1860.37576013,0.5370
1626163134065000,1,6511.44980000,0.5371
1626163189222000,0,1300.13228800,0.5376
1626163250540000,1,812.87744700,0.5396
1626163261487000,1,10543.90960000,0.5388
1626163261487000,1,3037.47832451,0.5388
1626163261518000,1,4253.50000000,0.5386
1626163261539000,1,1855.34238533,0.5387
1626163272454000,0,3060.03350700,0.5385
1626163308509000,1,1854.80322000,0.5387
1626163308567000,1,0.00000313,0.5387
1626163308567000,1,4637.33914687,0.5386
1626163325522000,1,1857.42120000,0.5380
1626163345235000,0,2315.00000000,0.5381
1626163388545000,0,7252.00000000,0.5373
1626163391408000,0,148.00000000,0.5373
1626163415188000,0,7400.00000000,0.5373
1626163436980000,1,15764.42440000,0.5368
1626163440284000,0,268.05196318,0.5370
1626163443930000,0,7400.00000000,0.5373
1626163471415000,0,7400.00000000,0.5370
1626163507565000,0,1110.98167700,0.5380
1626163547549000,0,556.67516788,0.5376
1626163625967000,1,288.00000000,0.5369
1626163636402000,0,181.16941100,0.5373
1626163640322000,0,7218.00000000,0.5373
1626163664615000,0,2924.79890104,0.5375
1626163668639000,0,4385.69707698,0.5375
1626163668652000,0,89.50402198,0.5375
1626163716192000,0,7252.00000000,0.5375
1626163716204000,0,148.00000000,0.5375
1626163828223000,0,300.73882500,0.5379
1626163838666000,1,1499.75000000,0.5376
1626163871580000,0,318.44784500,0.5381
1626164001320000,1,392.20608076,0.5369
1626164074312000,0,11650.00000000,0.5383
1626164118957000,0,488.49031600,0.5390
1626164121390000,1,392.28608639,0.5385
1626164150006000,1,412.69389400,0.5383
1626164241635000,1,392.65576654,0.5374
1626164361588000,1,392.89643250,0.5363
1626164393520000,0,100.00000000,0.5368
1626164481663000,1,392.89643250,0.5360
1626164526890000,0,92.49710400,0.5366
1626164548844000,1,967.15059657,0.5361
1626164595570000,0,14500.00000000,0.5366
1626164595645000,0,5150.00000000,0.5365
1626164602070000,0,393.71938000,0.5363
1626164656351000,0,13500.00000000,0.5365
1626164656502000,0,12500.00000000,0.5365
1626164658574000,0,6379.34685000,0.5365
1626164658649000,0,5000.00000000,0.5365
1626164658701000,0,2620.65315000,0.5365
1626164721892000,1,393.60161219,0.5368
1626164779224000,0,162.77993400,0.5368
1626164814900000,1,2901.45178971,0.5362
1626164847020000,1,51.14562500,0.5363
1626164917280000,1,80.44566395,0.5359
1626165004267000,1,98.75906687,0.5356
1626165237330000,0,1355.64667100,0.5372
1626165410170000,1,312.00000000,0.5361
1626165445894000,0,180.49000000,0.5366
1626165503189000,1,3677.91843600,0.5360
1626165552514000,1,38.21400000,0.5358
1626165654768000,1,54.00000000,0.5361
1626165788986000,1,1000.00000000,0.5361
1626165789002000,0,90.42462200,0.5365
1626165793713000,1,1839.54732600,0.5360
1626165819855000,0,226.08263200,0.5364
1626165823976000,1,7400.00000000,0.5359
1626165823976000,1,3263.75000000,0.5359
1626165850984000,1,479.85000000,0.5359
1626165904190000,0,3937.78060000,0.5361
1626165914314000,0,0.00007013,0.5361
1626165959680000,0,167.61638733,0.5370
1626165960275000,0,1765.28140760,0.5370
1626166054395000,1,299.75000000,0.5366
1626166181762000,1,3954.33029121,0.5362
1626166200252000,0,5711.31562763,0.5360
1626166300787000,0,276.00000000,0.5358
1626166320281000,1,100.00000000,0.5350
1626166407415000,0,3628.89207700,0.5360
1626166480751000,1,523.18188832,0.5351
1626166486795000,1,267.16413500,0.5351
1626166487145000,1,1569.54566497,0.5351
1626166594866000,0,48.78872100,0.5362
1626166726607000,0,56.12301200,0.5360
1626166800056000,1,222.35000000,0.5362
1626166853117000,0,270.70000000,0.5366
1626166911224000,1,5625.27155157,0.5359
1626166911224000,1,10177.91414617,0.5359
1626166947328000,1,13500.00000000,0.5356
1626167100660000,0,93.09964917,0.5359
1626167304983000,0,1855.42045200,0.5363
1626167402522000,0,7400.00000000,0.5359
1626167402522000,0,3941.13643890,0.5359
1626167402522000,0,7399.86356110,0.5359
1626167402749000,0,828.92320000,0.5359
1626167453566000,1,189.00000000,0.5357
1626167486876000,1,9390.81651985,0.5356
1626167486926000,1,27109.18348015,0.5356
1626167490928000,1,8653.00000000,0.5350
1626167492265000,1,22926.00000000,0.5350
1626167492607000,1,2910.99567125,0.5350
1626167492635000,1,25510.00432875,0.5350
1626167492945000,1,1248.54183407,0.5343
1626167493007000,1,351.93086206,0.5342
1626167493080000,1,813.19630387,0.5342
1626167508024000,0,11000.00000000,0.5337
1626167551956000,0,500.00000000,0.5349
1626167651919000,0,143.20000000,0.5339
1626167651962000,0,386.86450000,0.5339
1626167666795000,0,154.38638500,0.5346
1626167696235000,1,126.07000000,0.5340
1626167724610000,0,92.92870351,0.5354
1626167837000000,0,210.58180200,0.5352
1626167841262000,0,72.37000000,0.5352
1626167852421000,0,90.54000000,0.5348
1626167969152000,0,3717.07899062,0.5354
1626167969914000,1,209.75000000,0.5349
1626167994790000,1,56.56000000,0.5347
1626168061416000,1,45.00000000,0.5346
1626168140782000,1,222.35000000,0.5355
1626168333966000,0,1484.72822672,0.5358
1626168333966000,0,6128.40727328,0.5358
1626168369664000,1,799.52000000,0.5355
1626168513248000,1,159.90000000,0.5354
1626168563659000,1,104.22000000,0.5351
1626168563746000,0,219.68747600,0.5356
1626168714193000,1,199.75000000,0.5357
1626168742769000,1,50.25000000,0.5358
1626168842498000,0,90.30000000,0.5362
1626168896342000,1,1499.75000000,0.5357
1626168960278000,1,300.76635510,0.5357
1626169200277000,1,376.88929894,0.5358
1626169214599000,0,649.60308518,0.5361
1626169328906000,1,129.75000000,0.5352
1626169367044000,1,50.70000000,0.5352
1626169583157000,0,181.16696900,0.5355
1626169591537000,1,143.20000000,0.5350
1626169591866000,1,6500.00000000,0.5350
1626169593259000,1,780.00000000,0.5350
1626169615927000,0,54.29000000,0.5352
1626169641030000,1,3954.47398277,0.5345
1626169641464000,1,100.07770000,0.5345
1626169641465000,1,597.35150000,0.5345
1626169641532000,1,69.23270000,0.5345
1626169641545000,1,103.76930000,0.5345
1626169641545000,1,114.19570000,0.5345
1626169641597000,1,99.95200000,0.5345
1626169641699000,1,56.45230000,0.5345
1626169641700000,1,30050.53784809,0.5345
1626169755604000,0,3951.89104008,0.5348
1626169755604000,0,3000.00000000,0.5348
1626169755604000,0,8571.41922192,0.5349
1626169851572000,0,47.92952100,0.5348
1626169852105000,0,53.90611600,0.5349
1626169860773000,0,2000.00000000,0.5350
1626169940467000,1,80.15852000,0.5351
1626170000354000,0,180.91000000,0.5354
1626170050448000,0,516.67610000,0.5353
1626170107677000,0,3945.75166316,0.5357
1626170107677000,0,7471.46707184,0.5357
1626170193385000,1,7400.00000000,0.5357
1626170407581000,0,16749.99999999,0.5366
1626170407656000,0,0.00000001,0.5366
1626170422107000,1,826.73665200,0.5369
1626170429987000,0,1859.92810582,0.5380
1626170430701000,0,12089.58256209,0.5382
1626170430701000,0,4649.58833791,0.5382
1626170430878000,0,0.00008052,0.5382
1626170435129000,1,4600.00000000,0.5377
1626170436553000,1,1240.00000000,0.5377
1626170460676000,1,4500.00000000,0.5372
1626170478909000,1,1861.83851000,0.5366
1626170481763000,1,0.00000948,0.5366
1626170481763000,1,212.99999052,0.5364
1626170542278000,1,1015.86200000,0.5368
1626170555217000,1,1861.75969000,0.5367
1626170587279000,1,719.05113722,0.5364
1626170587283000,1,1015.86200000,0.5364
1626170587338000,1,127.38969940,0.5364
1626170587338000,1,2286.27930060,0.5364
1626170601286000,1,12468.15059000,0.5364
1626170602059000,0,1862.30280000,0.5364
1626170603641000,1,1800.00000000,0.5364
1626170608702000,1,4658.94668000,0.5362
1626170617989000,1,0.00000796,0.5362
1626170655254000,0,55.11311711,0.5360
1626170725850000,0,1625.43744600,0.5351
1626170760269000,0,57.47379240,0.5345
1626170762304000,1,799.31487200,0.5340
1626170817720000,0,160.67333400,0.5344
1626170846148000,1,1158.08000000,0.5338
1626170859703000,0,1081.12924900,0.5343
1626170880438000,0,694.22080000,0.5344
1626170905834000,1,300.00000000,0.5344
1626170914329000,1,178.33076900,0.5341
1626170936487000,1,100.00000000,0.5338
1626170974530000,1,268.24104000,0.5338
1626171011747000,1,1871.52307000,0.5340
1626171012011000,0,24966.75440000,0.5342
1626171012028000,0,509.52560000,0.5342
1626171136547000,1,1499.75000000,0.5337
1626171181395000,0,127.24188800,0.5342
1626171277165000,0,72.49000000,0.5343
1626171384117000,1,395.33192068,0.5331
1626171404055000,0,1751.11103202,0.5339
1626171469390000,1,67.34055000,0.5335
1626171504412000,1,395.33192068,0.5337
1626171587996000,0,138.12747200,0.5343
1626171600276000,1,1221.62360252,0.5339
1626171601317000,1,461.83290000,0.5339
1626171624344000,1,395.46324564,0.5336
1626171744423000,1,395.50704002,0.5341
1626171783907000,0,181.11000000,0.5347
1626171790387000,1,1870.57318000,0.5341
1626171853360000,1,147.46883100,0.5344
1626171891448000,0,54.31000000,0.5350
1626172025907000,1,1499.75000000,0.5342
1626172183729000,0,65.79663700,0.5346
1626172234528000,0,54.31000000,0.5350
1626172236681000,0,90.52000000,0.5350
1626172327183000,0,143.20000000,0.5350
1626172327855000,0,1002.49000000,0.5350
1626172327855000,0,500.00000000,0.5350
1626172464345000,1,20000.00000000,0.5346
1626172469561000,1,345.65375000,0.5342
1626172479960000,1,346.85193000,0.5342
1626172706779000,1,1869.33820944,0.5346
1626172707442000,0,547.18269200,0.5351
1626172713779000,1,2720.93325604,0.5347
1626172764500000,1,143.20000000,0.5350
1626172764501000,1,4650.53364486,0.5350
1626172791600000,1,284.32920084,0.5347
1626172795497000,1,1349.36670000,0.5346
1626172892891000,1,1870.44196673,0.5341
1626172898288000,1,105.62173800,0.5339
1626172945221000,1,178.17807000,0.5333
1626172977834000,0,547.91271900,0.5340
1626173002877000,1,1872.76010000,0.5336
1626173032389000,1,1118.74789000,0.5338
1626173040250000,0,1551.18632263,0.5340
1626173270071000,0,54.37000000,0.5343
1626173310152000,0,520.95840600,0.5339
1626173377384000,0,253.84000000,0.5341
1626173417105000,0,103.30000000,0.5344
1626173417351000,1,200.13000000,0.5339
1626173512000000,1,0.00000254,0.5338
1626173559756000,0,891.76929277,0.5333
1626173622032000,1,3000.00000000,0.5317
1626173622032000,1,145.64425716,0.5316
1626173625103000,1,20000.00000000,0.5315
1626173625141000,1,20000.00000000,0.5315
1626173626234000,1,103.04833000,0.5311
1626173626652000,0,828.41065500,0.5314
1626173626712000,1,0.00000273,0.5311
1626173626798000,1,7400.00000000,0.5311
1626173634059000,1,3145.64425717,0.5312
1626173665288000,1,396.51068115,0.5313
1626173691707000,0,1757.47348534,0.5320
1626173738250000,1,475.52022790,0.5319
1626173785297000,1,396.89466858,0.5319
1626173840396000,1,222.97000000,0.5322
1626173905492000,1,396.47924181,0.5323
1626173915906000,0,158.67550900,0.5329
1626173940489000,1,72.83000000,0.5321
1626173993025000,1,429.75000000,0.5324
1626174025571000,0,396.47924019,0.5328
1626174091659000,0,177.34298900,0.5330
1626174145032000,1,535.00000000,0.5328
1626174145621000,1,395.90787597,0.5328
1626174319140000,1,2844.09090909,0.5311
1626174335670000,1,1881.81312000,0.5309
1626174337381000,1,212.87303908,0.5306
1626174338009000,1,6637.03033000,0.5306
1626174382650000,0,667.84031200,0.5309
1626174442671000,1,12700.00000000,0.5304
1626174464266000,0,126.77556000,0.5305
1626174473440000,1,375.43627000,0.5301
1626174475197000,1,0.00000959,0.5301
1626174475197000,1,3155.94338041,0.5300
1626174475826000,1,0.00001581,0.5300
1626174475826000,1,451.55397439,0.5299
1626174498104000,1,5181.40698000,0.5299
1626174499186000,1,0.00000271,0.5299
1626174499186000,1,232.99999729,0.5294
1626174513144000,0,134.79685000,0.5300
1626174528427000,1,80.28027500,0.5293
1626174529493000,0,54.83000000,0.5299
1626174530848000,0,143.20000000,0.5294
1626174530857000,0,3.26497084,0.5294
1626174581638000,1,109.84872812,0.5296
1626174582701000,0,168.37617000,0.5302
1626174585018000,0,188.00000000,0.5302
1626174600273000,0,207.57648269,0.5303
1626174614495000,0,1213.17134700,0.5305
1626174628850000,1,56.32860000,0.5299
1626174707782000,0,54.76000000,0.5306
1626174757632000,0,130.16893457,0.5311
1626174805845000,1,398.04478063,0.5301
1626174823295000,0,1960.00000000,0.5306
1626174893267000,0,91.31000000,0.5303
1626174985958000,1,398.19059294,0.5302
1626175023063000,0,76.63000000,0.5307
1626175154635000,0,7252.00000000,0.5308
1626175189634000,0,830.30431217,0.5306
1626175226011000,0,7252.00000000,0.5309
1626175241235000,0,7400.00000000,0.5310
1626175241235000,0,37564.89522219,0.5311
1626175245185000,0,1699.64228413,0.5311
1626175263291000,0,173.11000000,0.5315
1626175305989000,0,7252.00000000,0.5315
1626175395205000,0,93.62482700,0.5314
1626175477299000,0,1451.42909843,0.5313
1626175614424000,1,415.28305900,0.5306
1626175640560000,0,134.88814203,0.5311
1626175749095000,0,443.02545848,0.5316
1626175751751000,0,6817.83505069,0.5316
1626175752392000,1,81.30088500,0.5311
1626175800507000,0,1860.40169910,0.5315
1626175839462000,1,43.61894574,0.5314
1626175937388000,1,370.00000000,0.5312
1626176013302000,1,154.94407500,0.5312
1626176028590000,0,182.13000000,0.5317
1626176072778000,0,69.17000000,0.5320
1626176098749000,1,98.90660000,0.5315
1626176118470000,0,187.06640221,0.5319
1626176139150000,1,550.60000000,0.5315
1626176149539000,1,1137.42365500,0.5315
1626176261164000,0,187.04881946,0.5320
1626176374472000,0,181.40655066,0.5322
1626176400286000,0,117.22141824,0.5322
1626176411731000,0,888.24811125,0.5321
1626176427183000,1,143.20000000,0.5321
1626176430897000,1,3741.00000000,0.5321
1626176432844000,1,3620.00000000,0.5321
1626176432936000,1,0.32922383,0.5321
1626176501356000,0,396.97028512,0.5323
1626176526578000,0,98.07439414,0.5329
1626176549504000,1,251.88877600,0.5322
1626176658552000,1,2730.24424500,0.5323
1626176733638000,0,187.34379342,0.5325
1626176775164000,1,181.70000000,0.5315
1626176797098000,0,1802.01289775,0.5324
1626176819206000,0,70.09354572,0.5324
1626176825561000,1,288.00000000,0.5320
1626176837599000,0,54.58000000,0.5323
1626176868832000,1,251.80000000,0.5316
1626176880237000,0,427.84667418,0.5322
1626176906354000,1,242.54000000,0.5317
1626176952300000,0,54.59000000,0.5322
1626176971324000,0,186.97149460,0.5322
1626177012932000,0,92.99229200,0.5322
1626177058210000,1,67.49390000,0.5309
1626177086293000,1,397.27941066,0.5308
1626177114812000,0,54.70000000,0.5311
1626177134559000,1,279.42243900,0.5299
1626177135992000,0,1334.28639000,0.5304
1626177146528000,0,237.18000000,0.5308
1626177182271000,1,723.00000000,0.5299
1626177199343000,1,302.66813191,0.5302
1626177229082000,1,126.83000000,0.5306
1626177288424000,0,65.67000000,0.5310
1626177350287000,0,457.61696300,0.5307
1626177360760000,0,2288.08481700,0.5306
1626177371286000,1,65.88000000,0.5303
1626177503647000,1,200.00000000,0.5314
1626177534045000,1,96.81359200,0.5307
1626177595831000,0,98.41000000,0.5316
1626177600270000,1,162.16179392,0.5310
1626177692856000,1,94.27100000,0.5302
1626177806868000,1,398.11449906,0.5290
1626177835725000,1,49.00000000,0.5296
1626177836041000,1,1.00000000,0.5296
1626177856805000,1,96.57033300,0.5293
1626177867195000,1,641.02939100,0.5292
1626177883283000,0,3602.82830000,0.5299
1626177887588000,1,50.06000000,0.5296
1626177912680000,0,0.00007967,0.5299
1626177927234000,1,399.06774864,0.5299
1626177960257000,1,2265.55970000,0.5299
1626177972428000,1,1455.00000000,0.5299
1626177972472000,1,845.00000000,0.5299
1626177972516000,1,2435.37255136,0.5299
1626178028709000,1,125.00000000,0.5294
1626178049192000,1,299.75000000,0.5295
1626178065631000,0,69.42000000,0.5301
1626178110522000,1,39.00000000,0.5303
1626178141061000,0,71.60000000,0.5305
1626178144592000,0,7181.83200000,0.5305
1626178149605000,0,143.63664000,0.5305
1626178163534000,0,2.93136000,0.5305
1626178170417000,1,9957.62305908,0.5301
1626178170417000,1,4030.51500000,0.5299
1626178170417000,1,26692.60000000,0.5299
1626178170417000,1,1885.72066070,0.5298
1626178170417000,1,2213.09293541,0.5298
1626178207824000,1,9887.00000000,0.5299
1626178209425000,1,0.56439786,0.5299
1626178240981000,1,119.91000000,0.5292
1626178362655000,0,76.82765800,0.5299
1626178488622000,1,249.99500000,0.5290
1626178507105000,1,71.60000000,0.5286
1626178507127000,1,1205.40000000,0.5286
1626178507505000,1,3967.00000000,0.5286
1626178507505000,1,14269.48000000,0.5283
1626178507505000,1,48.88000000,0.5280
1626178507505000,1,1714.64000000,0.5280
1626178529585000,1,128.89469350,0.5288
1626178574785000,1,201.38000000,0.5285
1626178627983000,1,45.01293192,0.5280
1626178765092000,0,187.92492634,0.5295
1626178785636000,1,156.82612200,0.5289
1626178905510000,1,45.82865331,0.5294
1626179012255000,1,199.99999999,0.5294
1626179012257000,1,0.00000001,0.5294
1626179195413000,0,3000.00000000,0.5292
1626179195413000,0,5234.58237713,0.5292
1626179222998000,1,81.50221600,0.5288
1626179223700000,0,12800.00000000,0.5290
1626179244322000,1,62.65274600,0.5288
1626179275968000,0,61.73635600,0.5291
1626179369285000,1,60.75837500,0.5288
1626179401350000,0,7400.00000000,0.5294
1626179401350000,0,3988.97157202,0.5294
1626179401350000,0,9447.97085288,0.5294
1626179401350000,0,562.95757510,0.5295
1626179401455000,0,3937.40000000,0.5295
1626179401455000,0,1345.03658553,0.5296
1626179401455000,0,15680.52098957,0.5296
1626179401627000,1,16542.58260000,0.5295
1626179403499000,0,7400.00000000,0.5289
1626179404452000,0,3580.08080892,0.5291
1626179405109000,1,250.31510000,0.5285
1626179409350000,0,7400.00000000,0.5291
1626179482780000,0,780.00000000,0.5292
1626179498512000,0,23613.02525089,0.5294
1626179528968000,1,2808.12685344,0.5296
1626179530828000,0,9806.53660072,0.5296
1626179534830000,0,1979.70057128,0.5297
1626179540322000,0,2015.54508376,0.5297
1626179540322000,0,7992.76074453,0.5298
1626179540322000,0,2730.16268345,0.5298
1626179541286000,0,3995.24565504,0.5297
1626179541286000,0,7992.76074453,0.5298
1626179541286000,0,902.43430710,0.5298
1626179552549000,1,12249.99999999,0.5290
1626179553179000,1,0.00000001,0.5290
1626179553179000,1,173.30509999,0.5287
1626179553192000,1,57.77680000,0.5287
1626179587865000,1,2999.99999999,0.5280
1626179587917000,1,0.00000001,0.5280
1626179588052000,1,84.47153960,0.5279
1626179651175000,1,1529.35230000,0.5282
1626179651175000,1,2472.72997539,0.5282
1626179757167000,1,96.00000000,0.5263
1626179765776000,1,1675.00000000,0.5264
1626179770897000,1,731.92390000,0.5252
1626179771341000,1,198.27815665,0.5252
1626179771341000,1,29188.98180000,0.5251
1626179771341000,1,7187.00000000,0.5251
1626179771341000,1,500.00000000,0.5250
1626179771341000,1,1371.79939036,0.5249
1626179771341000,1,106.35611631,0.5246
1626179771341000,1,90.27802818,0.5243
1626179771341000,1,9821.90466411,0.5242
1626179771341000,1,800.00000000,0.5242
1626179771341000,1,5807.62184649,0.5240
1626179771341000,1,215.43893129,0.5240
1626179771341000,1,900.00000000,0.5240
1626179771341000,1,1300.00000000,0.5234
1626179771341000,1,950.69843878,0.5233
1626179771341000,1,1561.64262783,0.5231
1626179788399000,0,73.60000000,0.5263
1626179858419000,1,80.00000000,0.5242
1626179870097000,0,1372.11300000,0.5249
1626179880270000,0,158.62248843,0.5252
1626179949527000,0,55.23000000,0.5261
1626179954561000,1,4000.00000000,0.5255
1626179967822000,0,360.29023551,0.5261
1626180000023000,0,55.22000000,0.5262
1626180011195000,1,107.86000000,0.5253
1626180025888000,1,74.99999999,0.5250
1626180025935000,1,0.00000001,0.5250
1626180030120000,1,4000.00000000,0.5245
1626180041605000,1,2238.47118600,0.5239
1626180042395000,1,910.10963611,0.5239
1626180046780000,1,12438.13608844,0.5238
1626180055450000,1,7252.00000000,0.5236
1626180056133000,0,71.60000000,0.5239
1626180056137000,0,18528.40000000,0.5239
1626180058032000,1,7400.00000000,0.5239
1626180060981000,0,92.28000000,0.5241
1626180065401000,1,7400.00000000,0.5238
1626180065401000,1,11671.47432672,0.5236
1626180065401000,1,14848.91000000,0.5235
1626180065401000,1,13260.63263285,0.5235
1626180073927000,1,71.60000000,0.5239
1626180073936000,1,2483.84652517,0.5239
1626180073936000,1,1049.03173394,0.5239
1626180073937000,1,395.52174089,0.5239
1626180088393000,0,45.17078527,0.5236
1626180097397000,1,780.00000000,0.5229
1626180097556000,1,4728.19460000,0.5229
1626180097652000,1,0.00008349,0.5229
1626180109838000,0,71.60000000,0.5233
1626180152018000,0,551.65203900,0.5249
1626180170597000,0,12428.16822672,0.5250
1626180170597000,0,3000.00000000,0.5250
1626180170597000,0,7647.82606900,0.5250
1626180170741000,0,1679.00000000,0.5250
1626180170912000,0,3673.17393100,0.5250
1626180172977000,1,79.98000000,0.5248
1626180278493000,0,48.84738600,0.5249
1626180283103000,0,11733.00699220,0.5249
1626180309235000,0,1847.91066900,0.5249
1626180321739000,1,7400.00000000,0.5238
1626180328158000,1,3000.00000000,0.5231
1626180328158000,1,7400.00000000,0.5231
1626180328158000,1,1333.00699220,0.5230
1626180334476000,0,73.93000000,0.5239
1626180364972000,1,75.75000000,0.5242
1626180365776000,1,73.00000000,0.5244
1626180457784000,0,17200.00000000,0.5254
1626180457784000,0,3674.90000000,0.5256
1626180457784000,0,1408.75699220,0.5256
1626180457784000,0,1119.34786373,0.5257
1626180460736000,0,7400.00000000,0.5256
1626180475571000,1,696.20285000,0.5257
1626180486675000,0,7400.00000000,0.5264
1626180486675000,0,7400.00000000,0.5264
1626180486675000,0,5569.71980000,0.5264
1626180486675000,0,2991.88416549,0.5264
1626180491944000,0,7400.00000000,0.5262
1626180491944000,0,3674.90000000,0.5264
1626180491944000,0,31504.96000000,0.5264
1626180491944000,0,8048.45730000,0.5265
1626180491944000,0,37740.00000000,0.5266
1626180491944000,0,11631.68270000,0.5266
1626180529322000,1,12428.16822672,0.5250
1626180529322000,1,10647.82606900,0.5250
1626180575472000,0,55.31000000,0.5253
1626180650061000,0,780.00000000,0.5249
1626180707114000,1,164.77309219,0.5245
1626180717526000,0,70.14704200,0.5248
1626180726287000,1,166.48210000,0.5241
1626180726304000,1,120.35750000,0.5241
1626180728665000,1,166.00410000,0.5241
1626180728667000,1,69.57000000,0.5241
1626180728682000,1,76.13170000,0.5241
1626180728723000,1,256.10630000,0.5241
1626180728728000,1,71.60000000,0.5241
1626180728778000,1,108.47980000,0.5241
1626180732490000,1,91.30490000,0.5241
1626180732504000,1,60.50900000,0.5241
1626180732540000,1,466.03280000,0.5241
1626180732594000,1,80.38560000,0.5241
1626180732611000,1,206.68980000,0.5241
1626180732611000,1,192.81060000,0.5241
1626180732612000,1,1494.29609462,0.5241
1626180748031000,1,403.67502862,0.5242
1626180748333000,0,7400.00000000,0.5246
1626180751653000,0,397.37432300,0.5250
1626180782578000,0,463.64010000,0.5252
1626180783963000,0,57.11892159,0.5253
1626180803489000,0,3862.12300500,0.5254
1626180847292000,1,7400.00000000,0.5248
1626180847292000,1,3862.12300500,0.5248
1626180847292000,1,4666.62699500,0.5248
1626180915880000,1,49.98000000,0.5248
1626180926321000,0,771.37361300,0.5253
1626180977244000,1,47.19157100,0.5244
1626180998495000,1,384.35571700,0.5243
1626181098640000,1,75.28536400,0.5242
1626181098726000,1,818.75000000,0.5242
1626181101771000,1,600.00000000,0.5242
1626181108535000,1,17519.54460000,0.5242
1626181111593000,1,4000.00000000,0.5231
1626181112296000,0,12428.16820000,0.5230
1626181113138000,0,0.00002672,0.5230
1626181113138000,0,17049.99997328,0.5231
1626181113286000,0,71.60000000,0.5231
1626181113340000,0,186.50360000,0.5231
1626181113341000,0,64.62970000,0.5231
1626181113344000,0,5287.60180000,0.5231
1626181113417000,0,95.64430000,0.5231
1626181113437000,0,544.91960000,0.5231
1626181113465000,0,12499.10102672,0.5231
1626181132147000,1,12428.16822672,0.5226
1626181132147000,1,9631.95168808,0.5226
1626181132147000,1,18814.56000000,0.5226
1626181132147000,1,500.00000000,0.5226
1626181132147000,1,5389.92890662,0.5224
1626181159481000,1,4118.43480000,0.5228
1626181177760000,0,11749.99999999,0.5230
1626181177830000,0,0.00000001,0.5230
1626181189571000,0,462.10546600,0.5238
1626181238909000,1,200.00000000,0.5220
1626181241295000,1,957.16390000,0.5218
1626181241449000,1,400.00000000,0.5216
1626181250939000,1,581.62026000,0.5220
1626181280999000,0,1975.19829400,0.5224
1626181292779000,1,4715.58224000,0.5223
1626181299461000,0,954.24244162,0.5229
1626181306915000,1,511.55265300,0.5226
1626181309466000,0,285.24363115,0.5232
1626181313926000,0,47.63822877,0.5235
1626181332434000,1,84.57000000,0.5242
1626181333323000,0,11131.96041000,0.5247
1626181352269000,0,171.18351000,0.5254
1626181352880000,1,3999.99999999,0.5247
1626181352919000,1,0.00000001,0.5247
1626181363490000,1,7400.00000000,0.5245
1626181363490000,1,16149.78994102,0.5243
1626181373502000,1,45.17078527,0.5238
1626181421152000,0,300.00000000,0.5251
1626181427861000,1,4000.00000000,0.5246
1626181457704000,0,50.15517100,0.5245
1626181473269000,0,632.77268000,0.5247
1626181545367000,0,180.42635216,0.5253
1626181566068000,0,1192.67151000,0.5248
1626181643331000,0,7400.00000000,0.5238
1626181643331000,0,4048.37442760,0.5239
1626181643331000,0,11235.49668095,0.5240
1626181643331000,0,574.64005370,0.5240
1626181906755000,0,55.40000000,0.5244
1626181967573000,0,150.00000000,0.5246
1626181972974000,0,297.02295900,0.5246
1626181988035000,0,4000.00000000,0.5249
1626182004772000,1,92.52405600,0.5243
1626182027484000,1,46.94700000,0.5241
1626182060820000,0,216.09907900,0.5245
1626182074832000,0,3000.00000000,0.5246
1626182074832000,0,1360.43404000,0.5246
1626182074832000,0,3226.13333702,0.5246
1626182125828000,0,55.33000000,0.5252
1626182136335000,0,14250.00000000,0.5254
1626182145642000,0,7400.00000000,0.5262
1626182202349000,1,71.60000000,0.5260
1626182202351000,1,228.40000000,0.5260
1626182208611000,1,69.98000000,0.5254
1626182209372000,1,2750.65634000,0.5254
1626182269154000,0,239.38000000,0.5259
1626182277414000,0,265.57686259,0.5258
1626182330047000,0,94.41701400,0.5255
1626182395534000,0,351.05877900,0.5255
1626182396033000,0,98.73479400,0.5255
1626182520267000,1,206.66321354,0.5248
1626182546089000,0,1848.88701400,0.5255
1626182582045000,0,71.60000000,0.5251
1626182582177000,0,128.40000000,0.5251
1626182663718000,0,1010.03499000,0.5252
1626182679854000,0,945.08715000,0.5253
1626182704242000,1,109.14372600,0.5249
1626182714825000,0,416.73260484,0.5253
1626182735716000,1,99.65000000,0.5246
1626182756124000,1,138.00000000,0.5247
1626182756466000,1,3862.00000000,0.5247
1626182757871000,0,845.51184100,0.5247
1626182768794000,1,89.43743100,0.5244
1626182772181000,1,7400.00000000,0.5243
1626182772181000,1,4000.00000000,0.5243
1626182776512000,1,50.52395300,0.5241
1626182778176000,0,1000.00000000,0.5246
1626182868480000,0,220.83513200,0.5248
1626182880259000,1,1905.69055418,0.5244
1626182880259000,1,3302.12671786,0.5243
1626182880483000,0,73.82000000,0.5248
1626182931469000,0,113.49763900,0.5247
1626182979541000,0,17000.00000000,0.5249
1626183018684000,1,200.00000000,0.5249
1626183118345000,0,16650.00000000,0.5248
1626183120896000,1,148.42154100,0.5244
1626183130555000,0,79.01000000,0.5250
1626183154461000,0,378.89111436,0.5252
1626183158374000,1,7399.99999999,0.5245
1626183158548000,1,3218.01412863,0.5245
1626183158610000,1,27341.79000000,0.5244
1626183158671000,0,7400.00000000,0.5244
1626183158708000,0,6021.52501923,0.5244
1626183225202000,1,109.33424845,0.5242
1626183275148000,1,198.43000000,0.5242
1626183291279000,0,52.98340200,0.5245
1626183322589000,1,100.00000000,0.5237
1626183327037000,1,1907.75567339,0.5238
1626183370705000,0,72.72000000,0.5238
1626183377941000,0,72.72000000,0.5238
1626183393408000,1,76.72940000,0.5234
1626183426961000,0,94.77221600,0.5238
1626183442226000,0,758.00403000,0.5235
1626183454451000,0,71.28229473,0.5235
1626183518987000,0,11450.00000000,0.5232
1626183591711000,0,10145.00000000,0.5233
1626183591743000,0,1205.00000000,0.5233
1626183622497000,0,198.55169300,0.5235
1626183720252000,0,198.59479449,0.5236
1626183720867000,0,141.73386100,0.5237
1626183721127000,0,190.00265424,0.5237
1626183723763000,0,226.82936800,0.5237
1626183737859000,0,11273.17063199,0.5237
1626183797136000,0,71.30378600,0.5239
1626183825437000,0,55.46000000,0.5238
1626183906583000,0,1010.10101010,0.5235
1626184042078000,1,1800.00000000,0.5228
1626184079009000,1,87.56080800,0.5217
1626184081870000,1,9934.76960543,0.5217
1626184088765000,0,245.20848459,0.5221
1626184096486000,0,1549.69731365,0.5222
1626184102240000,0,161.24223100,0.5222
1626184110750000,0,96.97658800,0.5222
1626184123641000,1,0.00000001,0.5217
1626184123641000,1,117.81241299,0.5216
1626184124388000,0,663.76574707,0.5219
1626184127980000,0,933.42059326,0.5219
1626184133382000,0,5289.38336181,0.5218
1626184134528000,0,1604.31666565,0.5218
1626184135711000,0,1244.25696564,0.5218
1626184137107000,0,1022.92272949,0.5218
1626184138303000,0,795.60662441,0.5218
1626184138303000,0,0.00000401,0.5218
1626184148307000,0,5806.08106474,0.5215
1626184149945000,0,14893.91893526,0.5215
1626184192893000,1,1549.69731365,0.5214
1626184193193000,0,297.81619500,0.5220
1626184212829000,1,1915.51736287,0.5216
1626184243006000,0,18550.00000000,0.5221
1626184265738000,1,7399.99999999,0.5226
1626184265744000,1,0.00000001,0.5226
1626184294416000,0,20750.00000000,0.5233
1626184327305000,0,1500.00000000,0.5239
1626184423505000,0,189.90106200,0.5240
1626184430467000,1,50.00000000,0.5236
1626184458071000,0,2066.45030000,0.5242
1626184458102000,0,2348.04970000,0.5242
1626184458542000,0,2066.45030000,0.5243
1626184459368000,0,16903.64902834,0.5243
1626184459457000,0,1329.90067166,0.5243
1626184529688000,1,180.00000000,0.5240
1626184548723000,0,380.35300000,0.5246
1626184548996000,0,53.31010000,0.5246
1626184549068000,0,95.99450000,0.5246
1626184549070000,0,55.93650000,0.5246
1626184549155000,0,71.25450000,0.5246
1626184549251000,0,141.79420000,0.5246
1626184549457000,0,52.30780000,0.5246
1626184549509000,0,137.35780000,0.5246
1626184549523000,0,65.92070000,0.5246
1626184549672000,0,65.09810000,0.5246
1626184549686000,0,122.20880000,0.5246
1626184549713000,0,65.93560000,0.5246
1626184593028000,1,6000.00000000,0.5248
1626184593086000,1,1400.00000000,0.5248
1626184680291000,1,302.26146061,0.5243
1626184714467000,0,134.76706873,0.5248
1626184777775000,0,180.38884012,0.5240
1626184802888000,0,94.94236052,0.5241
1626184846741000,0,151.36200000,0.5248
1626184846821000,0,89.65660000,0.5248
1626184846843000,0,789.09430000,0.5248
1626184892381000,0,691.87055527,0.5247
1626184894375000,0,1006.06115207,0.5248
1626184899202000,0,2997.99970314,0.5247
1626184902780000,0,2536.78117971,0.5247
1626184905125000,1,50.00000000,0.5241
1626184954979000,0,3689.76849607,0.5239
1626184957822000,0,2075.53294834,0.5239
1626184968181000,0,691.85335507,0.5238
1626185122433000,1,96.80980400,0.5229
1626185176640000,0,7609.85000000,0.5230
1626185207194000,1,767.20000000,0.5235
1626185344421000,0,266.76422005,0.5236
1626185566553000,0,968.79152746,0.5238
1626185591794000,1,149.75000000,0.5233
1626185592425000,1,135.83265417,0.5233
1626185903250000,0,1500.00000000,0.5234
1626185981214000,0,106.88261467,0.5237
1626186000261000,1,76.29311818,0.5229
1626186030354000,0,55.54000000,0.5231
1626186036362000,1,47.21059100,0.5225
1626186062494000,0,107.02977397,0.5229
1626186066864000,1,430.00000000,0.5224
1626186070419000,0,7000.00000000,0.5229
1626186070644000,0,132.09300000,0.5229
1626186070668000,0,706.32530000,0.5229
1626186070670000,0,90.46440000,0.5229
1626186070698000,0,2842.97022000,0.5229
1626186070750000,0,127.61170000,0.5229
1626186070822000,0,195.67170000,0.5229
1626186070839000,0,93.04450000,0.5229
1626186070867000,0,3100.53538000,0.5229
1626186070927000,0,132.34510000,0.5229
1626186070947000,0,2421.90892603,0.5229
1626186148551000,0,1060.86115600,0.5235
1626186246716000,1,340.00000000,0.5229
1626186286196000,1,59.89832300,0.5228
1626186360267000,1,1205.47237873,0.5233
1626186361072000,1,499.25000000,0.5233
1626186370096000,0,949.37874971,0.5240
1626186633730000,1,1584.55200000,0.5237
1626186726399000,0,2128.76546652,0.5235
1626186742804000,0,1428.20993736,0.5237
1626186794754000,0,92.41000000,0.5242
1626186802825000,0,948.79937447,0.5244
1626186828134000,1,43.14406500,0.5238
1626186856049000,0,142.37687157,0.5243
1626186860587000,0,55.42000000,0.5242
1626186932487000,0,184.79000000,0.5241
1626187009712000,1,172.90185808,0.5242
1626187039849000,1,47.32794400,0.5245
1626187103724000,0,227.32766500,0.5250
1626187114999000,0,130.00000000,0.5257
1626187199345000,0,4025.14476000,0.5255
1626187242307000,0,3164.61963633,0.5258
1626187265227000,0,55.27000000,0.5256
1626187296416000,0,115.78539830,0.5255
1626187332151000,1,562.98039200,0.5251
1626187375248000,0,423.97000000,0.5254
1626187381367000,0,1106.02000000,0.5254
1626187385876000,1,71.60000000,0.5253
1626187386233000,1,686.08132000,0.5253
1626187406023000,0,184.30000000,0.5254
1626187520998000,0,7400.00000000,0.5256
1626187520998000,0,4026.44292678,0.5256
1626187520998000,0,4146.70000000,0.5256
1626187521054000,1,16455.41491192,0.5256
1626187656161000,1,431.75000000,0.5253
1626187791942000,1,0.00000495,0.5253
1626187807625000,0,191.38759505,0.5253
1626187807625000,0,117.01445295,0.5254
1626187862130000,0,97.77000000,0.5250
1626187987325000,1,455.00308000,0.5247
1626187992804000,0,55.32000000,0.5252
1626188035317000,1,244.64000000,0.5242
1626188059972000,1,415.00000000,0.5242
1626188100905000,1,68.46200000,0.5242
1626188151358000,0,192.25340100,0.5248
1626188201552000,0,149.07000000,0.5250
1626188270434000,0,1053.52380952,0.5249
1626188286643000,1,264.00000000,0.5245
1626188287258000,1,388.86200000,0.5245
1626188323971000,1,94.19134800,0.5245
1626188334457000,0,574.15628600,0.5250
1626188411917000,0,55.47427500,0.5250
1626188435122000,1,39.81638600,0.5245
1626188440637000,1,213.13026600,0.5245
1626188539407000,1,700.00000000,0.5244
1626188582750000,0,441.32103588,0.5248
1626188632726000,0,92.27000000,0.5248
1626188640241000,0,11512.46276693,0.5248
1626188658125000,0,71.60000000,0.5251
1626188671687000,1,390.00000000,0.5250
1626188762482000,0,1354.80786000,0.5253
1626188762482000,0,471.87203500,0.5253
1626188863885000,1,78.24541713,0.5243
1626188881367000,0,74.51190204,0.5250
1626188967113000,0,626.42764348,0.5250
1626188994849000,1,95.90375000,0.5244
1626189000243000,1,440.35228182,0.5244
1626189024323000,0,132.00520600,0.5249
1626189029757000,0,73.79000000,0.5249
1626189096935000,0,418.11674800,0.5255
1626189107351000,0,462.85986900,0.5252
1626189313949000,0,184.10000000,0.5261
1626189316188000,0,7400.00000000,0.5261
1626189316188000,0,23294.15000000,0.5261
1626189316188000,0,1017.76303110,0.5262
1626189316188000,0,4023.59037475,0.5262
1626189316188000,0,4146.70000000,0.5263
1626189316188000,0,1901.42054749,0.5263
1626189316188000,0,863.10375000,0.5263
1626189316188000,0,43476.00000000,0.5263
1626189316188000,0,4753.41355366,0.5264
1626189316188000,0,1292.00000000,0.5264
1626189316188000,0,8047.18074949,0.5264
1626189316188000,0,4325.41285448,0.5264
1626189385084000,1,131.89838100,0.5258
1626189551782000,1,982.61172900,0.5248
1626189596050000,0,359.65211353,0.5257
1626189600300000,1,161.76084949,0.5251
1626189714758000,1,346.00000000,0.5257
1626189720253000,1,117.65824439,0.5255
1626189744003000,0,94.60748854,0.5259
1626189794238000,1,425.90532300,0.5257
1626189840251000,1,4907.58378044,0.5254
1626189884680000,1,41.00000000,0.5255
1626189886049000,0,84.74000000,0.5258
1626189918356000,0,70.28301800,0.5259
1626189958168000,0,1163.12108600,0.5265
1626190007836000,0,7400.00000000,0.5265
1626190007836000,0,4021.07757228,0.5267
1626190007836000,0,978.92242772,0.5267
1626190025696000,0,919.27000000,0.5268
1626190034357000,0,4000.00000000,0.5268
1626190238648000,1,99.75000000,0.5264
1626190241047000,0,89.68950794,0.5270
1626190274062000,0,1011.15000000,0.5267
1626190437595000,1,4540.00000000,0.5265
1626190447419000,1,122.69059400,0.5265
1626190524246000,1,432.00555049,0.5265
1626190673074000,1,46.35780000,0.5264
1626190684010000,1,102.00000000,0.5264
1626190711260000,0,204.62410041,0.5266
1626190733084000,0,91.93000000,0.5269
1626190841989000,1,51.88251901,0.5263
1626190896718000,0,641.29648800,0.5267
1626190953595000,0,11701.76477000,0.5264
1626190953678000,0,498.23523000,0.5264
1626191107853000,1,92.98682000,0.5269
1626191114554000,1,7400.00000000,0.5268
1626191114554000,1,13188.51260000,0.5268
1626191114554000,1,19779.27790000,0.5267
1626191114554000,1,1897.22214447,0.5266
1626191114554000,1,4163.30000000,0.5266
1626191114554000,1,12266.40737723,0.5266
1626191114554000,1,38118.00000000,0.5266
1626191114554000,1,3188.01483927,0.5266
1626191147615000,0,13800.00000000,0.5276
1626191173698000,1,834.08855400,0.5275
1626191184114000,1,842.80628000,0.5277
1626191199788000,0,1001.76477000,0.5280
1626191199799000,0,1515.55330000,0.5280
1626191200185000,0,2561.17996599,0.5280
1626191200215000,0,57.44590000,0.5280
1626191200236000,0,58.85450000,0.5280
1626191200243000,0,383.56610000,0.5280
1626191200333000,0,61.11950000,0.5280
1626191200359000,0,393.15240000,0.5280
1626191200407000,0,100.12620000,0.5280
1626191200427000,0,438.56640000,0.5280
1626191200432000,0,33428.67096401,0.5280
1626191202171000,0,200.93432700,0.5284
1626191202827000,0,1692.79865000,0.5284
1626191206248000,0,0.00000782,0.5284
1626191206248000,0,342.97059218,0.5286
1626191206312000,1,833.52966600,0.5284
1626191206509000,0,4390.83788929,0.5286
1626191206509000,0,4735.49167701,0.5287
1626191255389000,1,485.00000000,0.5281
1626191304972000,0,188.72861700,0.5286
1626191306475000,0,460.41299088,0.5286
1626191389734000,1,100.00000000,0.5284
1626191451219000,1,390.20480000,0.5283
1626191552393000,1,124.00000000,0.5287
1626191590498000,0,1503.74017681,0.5294
1626191640265000,1,92.55255070,0.5286
1626191663288000,1,69.75000000,0.5286
1626191663375000,1,38.34230900,0.5286
1626191718252000,1,1503.74017681,0.5283
1626191820298000,1,500.00000000,0.5277
1626191847141000,1,500.00000000,0.5277
1626191861875000,1,201.05942100,0.5277
1626191865593000,1,500.00000000,0.5277
1626191874679000,1,149.55560600,0.5277
1626191934753000,1,163.58641200,0.5273
1626191936793000,0,196.78890200,0.5278
1626191975906000,1,38.41904000,0.5274
1626192005207000,1,1896.56004580,0.5270
1626192005207000,1,4330.40000000,0.5270
1626192005331000,1,5650.94170000,0.5269
1626192016963000,0,74.40476190,0.5272
1626192049054000,0,14500.00000000,0.5279
1626192088951000,1,1893.01310000,0.5279
1626192088960000,1,0.00007642,0.5279
1626192169083000,1,722.00000027,0.5269
1626192177518000,0,707.79847872,0.5272
1626192329948000,0,196.07000000,0.5284
1626192356968000,0,1937.39039346,0.5281
1626192394600000,0,503.66476000,0.5275
1626192422399000,0,126.11048500,0.5275
1626192446291000,0,2638.08984600,0.5278
1626192560096000,1,41.55815000,0.5274
1626192560191000,0,425.02611200,0.5279
1626192563510000,0,117.19867100,0.5278
1626192603563000,0,124.34717732,0.5270
1626192623107000,0,961.01552100,0.5275
1626192637027000,0,3000.00000000,0.5271
1626192637027000,0,678.03984000,0.5271
1626192663689000,0,124.44001991,0.5272
1626192691690000,1,116.02568800,0.5271
1626192840252000,1,753.45151686,0.5268
1626192930727000,0,377.38697300,0.5272
1626193016817000,1,48.06352100,0.5268
1626193078050000,1,500.00000000,0.5263
1626193080416000,0,54.40060000,0.5268
1626193108248000,0,140.92933700,0.5275
1626193118153000,1,215.43893129,0.5270
1626193144197000,0,1848.07767119,0.5273
1626193158880000,1,4699.75000000,0.5266
1626193163873000,0,459.37000000,0.5271
1626193237682000,0,184.14965000,0.5270
1626193349897000,1,92.75777800,0.5266
1626193421649000,1,159.41937000,0.5268
1626193480522000,0,107.23739700,0.5272
1626193524745000,0,137.97941200,0.5277
1626193583832000,1,225.45000000,0.5278
1626193642300000,0,188.24846283,0.5286
1626193654681000,1,50.00000000,0.5283
1626193779513000,0,943.64977307,0.5288
1626193796715000,0,439.59000000,0.5287
1626193870491000,0,402.57000000,0.5292
1626193879911000,1,7400.00000000,0.5290
1626193879911000,1,1600.00000000,0.5290
1626193880425000,0,56.42462300,0.5295
1626194010709000,1,708.34023700,0.5294
1626194048997000,0,117.00000000,0.5296
1626194051648000,0,0.61889572,0.5296
1626194065465000,1,494.50980400,0.5296
1626194127710000,1,1000.00000000,0.5294
1626194190112000,1,506.61000000,0.5290
1626194230340000,1,950.67878500,0.5287
1626194280261000,0,247.82266140,0.5292
1626194339182000,0,5640.19769485,0.5292
1626194379673000,1,1000.00000000,0.5284
1626194396715000,0,340.00000000,0.5288
1626194533129000,1,50.00000000,0.5289
1626194694875000,1,500.00000000,0.5285
1626194719558000,0,55.04859900,0.5290
1626194763309000,0,188.29121014,0.5284
1626195012710000,0,1677.28670000,0.5284
1626195012713000,0,9057.72981600,0.5284
1626195031327000,0,146.45000000,0.5290
1626195139301000,1,59.72525200,0.5288
1626195197169000,0,401.63642715,0.5295
1626195222122000,0,91.43000000,0.5297
1626195261067000,1,5999.75000000,0.5292
1626195377275000,0,1211.77299400,0.5292
1626195384939000,0,2399.68615300,0.5290
1626195429866000,0,146.27000000,0.5300
1626195472498000,0,1655.26981200,0.5301
1626195545176000,0,182.78000000,0.5298
1626195593198000,1,700.00000000,0.5292
1626195622562000,1,1008.38837394,0.5296
1626195678997000,0,5649.20344700,0.5302
1626195822775000,0,297.81000000,0.5301
1626195840263000,1,77.82884854,0.5290
1626195874605000,1,2730.32322300,0.5293
1626195913834000,0,1392.91995029,0.5300
1626195913834000,0,99.08004971,0.5300
1626195913835000,0,0.91995029,0.5300
1626195968180000,0,146.07000000,0.5304
1626196080230000,1,84.46810689,0.5303
1626196124037000,0,902.98893800,0.5309
1626196162922000,0,1532.96595360,0.5310
1626196164489000,0,1762.28143791,0.5310
1626196165748000,1,831.42382600,0.5311
1626196186102000,1,100.75000000,0.5310
1626196228700000,1,780.00000000,0.5300
1626196248292000,0,7400.00000000,0.5301
1626196256661000,0,7400.00000000,0.5302
1626196269543000,0,233.08933200,0.5301
1626196284587000,0,1862.06606100,0.5304
1626196369782000,1,45.64562965,0.5294
1626196501934000,1,39.02349500,0.5296
1626196559094000,0,128.87175900,0.5300
1626196560297000,0,209.69969959,0.5300
1626196601489000,0,946.05679700,0.5298
1626196640012000,1,18247.66230000,0.5293
1626196640012000,1,1887.89522454,0.5293
1626196640012000,1,12158.66290000,0.5292
1626196640012000,1,2060.27957622,0.5292
1626196684717000,1,15276.19335233,0.5295
1626196774226000,1,45.00000000,0.5294
1626196800269000,0,1344.83013000,0.5297
1626196800269000,0,4549.62934729,0.5297
1626196933273000,0,54.81000000,0.5300
1626197029439000,1,109.56451075,0.5290
1626197160241000,0,87.88979852,0.5298
1626197280263000,0,160.60536915,0.5293
1626197334779000,0,178.69403958,0.5290
1626197372871000,1,465.68071600,0.5287
1626197459356000,0,1040.26786000,0.5293
1626197594000000,0,128.05000000,0.5294
1626197644287000,0,40.00000000,0.5293
1626197701875000,1,50.14570800,0.5285
1626197723656000,1,54.25778600,0.5286
1626197741466000,1,100.90308395,0.5286
1626197750888000,1,1049.01000000,0.5290
1626197780442000,1,71.60000000,0.5293
1626197780501000,1,1638.40000000,0.5293
1626197885259000,0,71.60000000,0.5292
1626197885271000,0,1748.40000000,0.5292
1626197954262000,1,1033.76968269,0.5287
1626198057487000,0,605.48881100,0.5300
1626198117818000,1,121.00000000,0.5296
1626198135133000,1,500.00000000,0.5297
1626198206440000,0,789.24700000,0.5302
1626198265159000,1,41.00000000,0.5308
1626198266837000,1,814.75000000,0.5303
1626198399102000,0,364.41306600,0.5302
1626198519356000,1,50.00000000,0.5305
1626198520401000,1,205.71000000,0.5305
1626198549419000,0,638.72000000,0.5307
1626198572194000,0,54.77000000,0.5305
1626198611252000,1,44.50470000,0.5297
1626198653264000,0,91.21000000,0.5309
1626198724995000,1,2340.18660000,0.5307
1626198786529000,0,3897.21034489,0.5309
1626198812510000,1,416.98650100,0.5303
1626198850046000,0,902.07104100,0.5307
1626198858604000,0,419.75000000,0.5307
1626198864075000,1,1000.00000000,0.5302
1626199006009000,1,815.32779000,0.5308
1626199158023000,1,7400.00000000,0.5314
1626199246336000,0,227.98000000,0.5308
1626199283002000,1,1984.78611993,0.5293
1626199328187000,1,249.21000000,0.5297
1626199345631000,1,40.00000000,0.5300
1626199354706000,1,1000.00000000,0.5300
1626199423670000,0,54.83000000,0.5299
1626199440266000,0,208.60347141,0.5298
1626199458627000,0,1309.80863000,0.5298
1626199465116000,0,39.83169176,0.5300
1626199549799000,0,107.00605626,0.5300
1626199867739000,1,2776.37060000,0.5295
1626199886365000,1,1148.60110736,0.5295
1626199917035000,0,101.07000000,0.5299
1626199932101000,0,54.80000000,0.5301
1626199982470000,0,319.84000000,0.5299
1626200063683000,1,214.75000000,0.5286
1626200326141000,1,819.75000000,0.5291
1626200368062000,1,247.52256100,0.5295
1626200399090000,0,275.36707700,0.5301
1626200437665000,0,257.73287180,0.5302
1626200467836000,1,86.09971000,0.5297
1626200469901000,0,182.57000000,0.5303
1626200608334000,1,700.00000000,0.5299
1626200633731000,1,97.57175200,0.5299
1626200705607000,1,364.00000000,0.5290
1626200782203000,1,95.49282300,0.5293
1626200872087000,1,1311.86790400,0.5301
1626200880253000,1,109.35414876,0.5299
1626201011206000,0,347.40588500,0.5300
1626201016230000,0,281.61612483,0.5300
1626201070277000,1,190.81130000,0.5300
1626201078413000,0,37.53748938,0.5302
1626201079880000,1,0.00002075,0.5300
1626201079880000,1,66.80963525,0.5296
1626201092736000,1,69.15361421,0.5298
1626201094183000,0,54.77000000,0.5304
1626201380174000,0,200.00000000,0.5295
1626201430387000,0,91.45000000,0.5295
1626201446052000,1,172.84752700,0.5290
1626201543645000,0,658.28426962,0.5290
1626201563393000,0,4464.56600921,0.5293
1626201629499000,0,1000.00000000,0.5292
1626201656643000,1,824.99637500,0.5290
1626201677084000,1,2128.76546652,0.5288
1626201702338000,1,1500.00000000,0.5290
1626201792703000,1,3817.00203665,0.5288
1626201836764000,1,202.39730000,0.5283
1626201871761000,0,1027.19405000,0.5292
1626201876182000,0,48.05748473,0.5290
1626201898508000,1,84.61218627,0.5291
1626201962663000,0,188.07055777,0.5291
1626202000333000,0,84.61218627,0.5289
1626202000358000,0,3927.96834582,0.5289
1626202030412000,1,19006.92360000,0.5287
1626202030416000,1,1890.87256057,0.5285
1626202061276000,0,4013.52700000,0.5288
1626202068356000,1,18962.53140000,0.5284
1626202068356000,1,4727.92561976,0.5282
1626202068397000,1,6058.63179013,0.5281
1626202072044000,1,1958.67584000,0.5276
1626202072873000,1,0.00000572,0.5276
1626202113672000,0,3781.20000000,0.5283
1626202159369000,0,63.65021300,0.5283
1626202159453000,0,148.58741000,0.5283
1626202169872000,0,42.43347500,0.5285
1626202243960000,0,500.00000000,0.5280
1626202380812000,1,81.26738200,0.5276
1626202433562000,0,41.00000000,0.5277
1626202491572000,1,187.46973636,0.5272
1626202511105000,0,209.43333000,0.5277
1626202560267000,1,223.12157784,0.5275
1626202601597000,0,179.15123948,0.5276
1626202627711000,1,40.00000000,0.5277
1626202746863000,0,183.65000000,0.5271
1626202776134000,0,367.27000000,0.5274
1626202808389000,1,1898.75727015,0.5260
1626202808406000,1,1897.58217463,0.5259
1626202809392000,1,780.00000000,0.5256
1626202810867000,1,6370.00000000,0.5255
1626202811506000,1,39.00000000,0.5250
1626202811506000,1,39.00000000,0.5250
1626202811506000,1,39.00000000,0.5249
1626202811506000,1,39.00000000,0.5249
1626202811506000,1,39.00000000,0.5248
1626202811506000,1,39.00000000,0.5248
1626202811506000,1,39.00000000,0.5247
1626202811506000,1,39.00000000,0.5246
1626202811506000,1,88.00000000,0.5246
1626202817898000,0,40.00000000,0.5256
1626202844476000,1,106.46000000,0.5261
1626202851113000,0,266.64000000,0.5266
1626202924373000,0,0.00000333,0.5277
1626203013445000,1,3164.61963633,0.5277
1626203040210000,1,616.32354141,0.5281
1626203041411000,0,54.95000000,0.5287
1626203045396000,1,42.75137200,0.5283
1626203046215000,0,436.76965548,0.5289
1626203128819000,0,861.22879100,0.5280
1626203160249000,1,113.20110736,0.5274
1626203160249000,1,279.29021041,0.5272
1626203167729000,1,1336.00000000,0.5270
1626203235819000,0,125.89000000,0.5270
1626203288343000,1,381.22211194,0.5268
1626203336314000,0,149.46648500,0.5267
1626203400222000,0,94.17987405,0.5255
1626203440896000,1,4044.93242455,0.5250
1626203466760000,1,39.00000000,0.5246
1626203466760000,1,34.48444000,0.5245
1626203553756000,1,4.51556000,0.5245
1626203553756000,1,39.00000000,0.5245
1626203553756000,1,39.00000000,0.5244
1626203553760000,1,39.00000000,0.5244
1626203553823000,1,39.00000000,0.5243
1626203554505000,1,39.00000000,0.5242
1626203559117000,0,7400.00000000,0.5243
1626203562150000,0,4367.50000000,0.5244
1626203620522000,1,39.00000000,0.5242
1626203620522000,1,39.00000000,0.5242
1626203622520000,1,39.00000000,0.5241
1626203622520000,1,38.99999999,0.5241
1626203622535000,1,0.00000001,0.5241
1626203622535000,1,39.00000000,0.5240
1626203623153000,1,39.00000000,0.5240
1626203623153000,1,39.00000000,0.5239
1626203623199000,1,39.00000000,0.5239
1626203623199000,1,39.00000000,0.5238
1626203623199000,1,39.00000000,0.5238
1626203623199000,1,39.00000000,0.5237
1626203623199000,1,39.00000000,0.5236
1626203623199000,1,39.00000000,0.5236
1626203623199000,1,39.00000000,0.5235
1626203623199000,1,39.00000000,0.5235
1626203623199000,1,39.00000000,0.5235
1626203623199000,1,1181.96595360,0.5235
1626203637358000,0,94.64389200,0.5241
1626203640250000,0,941.70915456,0.5244
1626203660091000,0,94.62945500,0.5244
1626203703772000,1,39.00000000,0.5234
1626203703772000,1,38.99999999,0.5234
1626203703979000,1,0.00000001,0.5234
1626203740342000,0,101.50000000,0.5248
1626203766789000,1,7400.00000000,0.5237
1626203766789000,1,7591.16952536,0.5237
1626203766789000,1,5446.38662999,0.5237
1626203779840000,1,5999.75000000,0.5237
1626203888596000,0,149.02710200,0.5246
1626203897542000,0,175.40000000,0.5245
1626203913811000,0,7400.00000000,0.5239
1626203966068000,0,7400.00000000,0.5242
1626203996818000,1,41.99701757,0.5240
1626204000249000,0,157.61980738,0.5243
1626204073175000,0,1619.13055456,0.5238
1626204075339000,1,39.00000000,0.5233
1626204075339000,1,75.57806229,0.5233
1626204078699000,1,4731.06811054,0.5232
1626204120262000,0,394.80219844,0.5239
1626204171628000,0,956.26160981,0.5239
1626204196316000,0,1908.15647203,0.5239
1626204285182000,0,80.00000000,0.5231
1626204286481000,0,55.51000000,0.5238
1626204346441000,0,379.02372400,0.5238
1626204434992000,0,94.82473100,0.5235
1626204480265000,1,7400.00000000,0.5227
1626204480265000,1,1912.05241161,0.5227
1626204480265000,1,268.68194672,0.5226
1626204496666000,0,180.96882000,0.5235
1626204534193000,1,5000.00000000,0.5225
1626204555635000,0,463.76071700,0.5232
1626204600271000,0,317.49111137,0.5239
1626204649590000,1,227.62838107,0.5242
1626204665049000,1,824.37373000,0.5234
1626204731825000,0,94.99382500,0.5235
1626204734501000,0,185.03000000,0.5233
1626204736109000,1,39.98000000,0.5227
1626204811351000,0,12148.14440172,0.5226
1626204811351000,0,3695.22956628,0.5226
1626204856761000,1,184.75000000,0.5222
1626204937636000,1,1914.90110592,0.5219
1626204938040000,0,7400.00000000,0.5219
1626204938167000,1,50.00000000,0.5217
1626204938167000,1,12428.16822672,0.5214
1626204938167000,1,1914.90110592,0.5214
1626204938167000,1,9231.66369831,0.5214
1626204943203000,0,464.04444400,0.5217
1626204945227000,1,85.57867747,0.5211
1626204945227000,1,39.99999999,0.5211
1626204960132000,0,55.72000000,0.5213
1626204960513000,1,0.00000001,0.5211
1626204962434000,1,38.40000000,0.5211
1626204977884000,0,928.46165800,0.5213
1626204979980000,0,7400.00000000,0.5216
1626205018856000,1,2887.82730000,0.5223
1626205018856000,1,7400.00000000,0.5223
1626205018856000,1,8317.51699900,0.5223
1626205022688000,0,83.31000000,0.5234
1626205129368000,0,89.91517400,0.5235
1626205200482000,1,214.49522242,0.5225
1626205361343000,0,279.22818400,0.5225
1626205469289000,0,7400.00000000,0.5214
1626205497190000,0,13590.45830000,0.5222
1626205497257000,0,7109.54170000,0.5222
1626205514494000,1,55.24167923,0.5216
1626205528576000,0,370.96000000,0.5221
1626205552542000,1,4111.54700316,0.5214
1626205577893000,0,45.21166692,0.5210
1626205632435000,1,147.00000000,0.5205
1626205632781000,1,280.71806744,0.5205
1626205637993000,1,103.26100300,0.5205
1626205680280000,1,136.07013894,0.5203
1626205780934000,1,773.37818355,0.5202
1626205780955000,1,0.00000001,0.5202
1626205784205000,1,99.86538462,0.5200
1626205784205000,1,629.00480769,0.5200
1626205784205000,1,23008.40816369,0.5200
1626205784483000,1,23736.78273993,0.5200
1626205784489000,1,3638.46854500,0.5200
1626205784845000,1,14609.54170000,0.5200
1626205784933000,1,5590.45830000,0.5200
1626205805132000,1,773.37818354,0.5200
1626205805228000,1,8000.00000000,0.5200
1626205805288000,1,5000.00000000,0.5200
1626205812619000,1,4000.00000000,0.5200
1626205826963000,1,21082.00000000,0.5200
1626205827356000,1,4084.27495703,0.5200
1626205828540000,1,4084.30533576,0.5200
1626205828679000,1,29600.00000000,0.5200
1626205828784000,1,52792.38207505,0.5200
1626205828784000,1,100.00000000,0.5200
1626205828784000,1,20000.00000000,0.5200
1626205828784000,1,200.00000000,0.5200
1626205830248000,1,50.00000000,0.5198
1626205916429000,0,478.09232957,0.5203
1626205921994000,1,118.34742845,0.5190
1626205921994000,1,38.53935832,0.5190
1626205921994000,1,38.53935832,0.5190
1626205921994000,1,760.57590091,0.5189
1626205994922000,0,931.77644700,0.5189
1626206004242000,0,2000.00000000,0.5189
1626206004350000,0,212.33480100,0.5192
1626206024074000,0,7090.45830000,0.5191
1626206054492000,1,100.00000000,0.5190
1626206054745000,0,766.09618308,0.5195
1626206126823000,0,7400.00000000,0.5192
1626206135542000,0,191.15795000,0.5196
1626206205449000,0,130.56000000,0.5192
1626206244077000,0,12600.00000000,0.5193
1626206244138000,0,39.00000000,0.5193
1626206244158000,0,8000.00000000,0.5193
1626206244231000,0,4500.00000000,0.5193
1626206247527000,0,23788.56180575,0.5193
1626206247658000,0,1072.43819425,0.5193
1626206280250000,0,167.08980377,0.5200
1626206284151000,1,69.24042857,0.5195
1626206385611000,0,2154.05576065,0.5201
1626206456360000,1,4000.00000000,0.5200
1626206532274000,0,111.91000000,0.5192
1626206543672000,0,177.19000000,0.5192
1626206549006000,1,210.53034384,0.5188
1626206567127000,1,2563.39062800,0.5186
1626206616426000,1,349.80686620,0.5181
1626206616431000,1,9.63478104,0.5181
1626206617229000,1,100.00000000,0.5180
1626206617246000,1,200.00000000,0.5178
1626206617246000,1,1927.58442807,0.5177
1626206617298000,1,440.94235957,0.5177
1626206617613000,0,42.66022700,0.5183
1626206618252000,1,38.58937198,0.5175
1626206618252000,1,159.68872802,0.5174
1626206618292000,1,38.58942863,0.5174
1626206618292000,1,128.90517137,0.5174
1626206618317000,1,38.58951916,0.5174
1626206618317000,1,375.63778084,0.5173
1626206618555000,1,71.60000000,0.5173
1626206618736000,1,33.78654033,0.5173
1626206619074000,1,45.21166692,0.5171
1626206621340000,1,14000.00000000,0.5170
1626206621405000,1,5011.54738000,0.5170
1626206627154000,0,779.99970000,0.5179
1626206641548000,0,190.20952013,0.5185
1626206692681000,0,4093.26835000,0.5189
1626206696926000,1,7400.00000000,0.5193
1626206760268000,1,551.59574829,0.5199
1626206819998000,0,8159.74490000,0.5208
1626206819998000,0,7400.00000000,0.5208
1626206819998000,0,4078.67404343,0.5209
1626206819998000,0,849.72806810,0.5210
1626206826938000,0,561.03657100,0.5209
1626206856859000,1,1000.00000000,0.5201
1626206880286000,1,1025.75245773,0.5198
1626206925520000,1,7400.00000000,0.5199
1626206973320000,1,78.53963900,0.5194
1626207007733000,0,50.00000000,0.5195
1626207064612000,0,7400.00000000,0.5190
1626207120301000,1,879.05632660,0.5186
1626207149093000,0,1196.45976000,0.5194
1626207179331000,0,1000.00000000,0.5190
1626207240273000,0,59.26847946,0.5190
1626207324969000,1,351.25269000,0.5199
1626207336031000,0,460.57679900,0.5202
1626207389481000,0,454.79000000,0.5217
1626207487104000,0,279.10063906,0.5211
1626207630027000,1,300.00000000,0.5211
1626207781487000,0,1562.57888100,0.5208
1626207796702000,0,44.13083700,0.5205
1626207823809000,0,1746.00000000,0.5205
1626207828417000,0,4080.22061000,0.5205
1626207842491000,1,800.00000000,0.5206
1626207852633000,1,7400.00000000,0.5211
1626207852633000,1,13782.15940000,0.5210
1626207852633000,1,3817.84060000,0.5208
1626207872961000,1,66.90000000,0.5211
1626207935368000,0,3318.22178206,0.5210
1626207935368000,0,7400.00000000,0.5210
1626207935368000,0,4077.11942561,0.5210
1626207935368000,0,7400.00000000,0.5211
1626207935368000,0,4131.60000000,0.5211
1626207935368000,0,8154.50122154,0.5212
1626207935368000,0,1919.94636320,0.5212
1626207935368000,0,10495.88524514,0.5212
1626207935368000,0,500.00000000,0.5214
1626207935368000,0,2395.56941374,0.5214
1626207973328000,0,191.62167351,0.5208
1626207983130000,0,1527.47550000,0.5211
1626208144224000,0,55.70000000,0.5217
1626208274220000,0,530.78876200,0.5216
1626208312685000,0,57.18969800,0.5218
1626208316260000,1,779.00852700,0.5213
1626208382764000,0,111.37000000,0.5218
1626208387669000,0,7400.00000000,0.5219
1626208387669000,0,4069.79781065,0.5220
1626208387669000,0,7400.00000000,0.5220
1626208387669000,0,4131.60000000,0.5220
1626208387669000,0,4175.52919635,0.5221
1626208529682000,0,372.04644000,0.5219
1626208530187000,0,3698.18780942,0.5219
1626208530187000,0,837.54978641,0.5220
1626208546866000,1,192.97787400,0.5215
1626208551389000,0,600.00000000,0.5219
1626208573966000,0,571.85337164,0.5220
1626208585233000,0,194.35823755,0.5221
1626208666543000,0,90.48451200,0.5223
1626208701218000,0,101.34820200,0.5225
1626208721639000,0,155.76611200,0.5223
1626208795084000,0,370.63000000,0.5227
1626208796501000,1,365.00000000,0.5222
1626208803207000,0,791.09806500,0.5228
1626208852840000,1,558.88085100,0.5219
1626208857812000,0,190.44717000,0.5223
1626209009416000,0,185.40000000,0.5223
1626209047782000,1,7400.00000000,0.5223
1626209233919000,0,556.04000000,0.5225
1626209280267000,0,101.75366647,0.5224
1626209440176000,0,370.79000000,0.5224
1626209712656000,1,47.42118300,0.5230
1626209712817000,0,38.11712107,0.5234
1626209804080000,0,190.10792892,0.5234
1626209880097000,0,184.71000000,0.5243
1626209891094000,1,3018.24620300,0.5240
1626209894420000,1,92.01500000,0.5240
1626209923353000,1,7400.00000000,0.5244
1626209955317000,1,45.92533000,0.5244
1626209979969000,1,7400.00000000,0.5246
1626210057087000,0,92.00000000,0.5252
1626210069276000,0,8087.98130000,0.5250
1626210069276000,0,12144.17040000,0.5250
1626210069276000,0,3455.58238485,0.5250
1626210069287000,0,591.99477068,0.5250
1626210069287000,0,1906.03317817,0.5250
1626210069287000,0,3715.31074763,0.5251
1626210081288000,1,190.01920000,0.5251
1626210116056000,0,4041.00000000,0.5257
1626210119370000,0,0.22012135,0.5257
1626210119370000,0,2573.77987865,0.5257
1626210120066000,0,340.00000000,0.5257
1626210121406000,0,1127.00000000,0.5257
1626210126466000,1,4752.30680000,0.5255
1626210128011000,1,99.75000017,0.5253
1626210130723000,1,53.35000000,0.5253
1626210142033000,1,7400.00000000,0.5251
1626210164587000,0,71.60000000,0.5252
1626210164619000,0,3485.53662004,0.5252
1626210220379000,0,0.44024270,0.5257
1626210220379000,0,779.55975730,0.5260
1626210237606000,1,7400.00000000,0.5254
1626210239464000,0,55.26000000,0.5258
1626210260372000,1,3333.00000000,0.5253
1626210278400000,1,68.00000000,0.5253
1626210445246000,0,147.41000000,0.5256
1626210480218000,1,114.98360223,0.5250
1626210508338000,0,110.82190700,0.5254
1626210528697000,1,119.75000000,0.5249
1626210600243000,1,211.12847483,0.5248
1626210633937000,0,55.32000000,0.5252
1626210720271000,1,385.61325434,0.5242
1626210970151000,1,625.84303000,0.5236
1626210979097000,1,1301.38696000,0.5236
1626211094181000,0,73.90000000,0.5242
1626211195195000,0,61.19069300,0.5237
1626211320237000,1,379.54990715,0.5230
1626211333695000,1,50.00000000,0.5230
1626211385394000,1,667.12480000,0.5231
1626211385394000,1,113.19765300,0.5231
1626211386122000,0,147.95000000,0.5237
1626211396852000,0,148.73161400,0.5237
1626211407313000,1,263.43142887,0.5231
1626211435272000,1,223.33590500,0.5232
1626211510473000,0,116.39000000,0.5249
1626211534391000,0,92.21000000,0.5252
1626211534567000,0,55.32000000,0.5252
1626211560248000,1,50.64806114,0.5248
1626211647757000,1,4219.88393111,0.5255
1626211680227000,1,104.03843452,0.5254
1626211691525000,1,7400.00000000,0.5253
1626211827786000,0,55.49000000,0.5259
1626211959366000,0,797.62346300,0.5262
1626211963599000,0,3780.80161158,0.5261
1626212050780000,1,4913.18462449,0.5256
1626212050780000,1,18699.37859888,0.5255
1626212057068000,1,157.75000000,0.5255
1626212063560000,1,8072.55400000,0.5255
1626212064757000,1,4690.00000000,0.5255
1626212086980000,1,0.23938761,0.5255
1626212123009000,1,3000.00000000,0.5247
1626212123009000,1,4327.10000000,0.5247
1626212123009000,1,95.25298000,0.5246
1626212160250000,1,156.01813281,0.5242
1626212213808000,0,84.95000000,0.5244
1626212242886000,0,555.14454300,0.5243
1626212368941000,0,100.00000000,0.5252
1626212396014000,0,270.21217308,0.5258
1626212640222000,1,114.46189421,0.5248
1626212739619000,1,4000.00000000,0.5250
1626212957433000,0,67.13010777,0.5252
1626213014604000,1,248.84797712,0.5244
1626213061783000,0,196.10792700,0.5250
1626213101776000,1,124.42398856,0.5249
1626213108513000,0,123.58642914,0.5260
1626213290154000,0,1886.26470000,0.5253
1626213290154000,0,12428.16822672,0.5253
1626213290154000,0,2359.83877892,0.5253
1626213315343000,1,200.00000000,0.5245
1626213322389000,0,2137.12755600,0.5254
1626213354297000,0,55.33000000,0.5251
1626213443706000,1,386.75000000,0.5245
1626213459583000,0,56.74088700,0.5251
1626213494963000,0,84.87000000,0.5249
1626213668091000,1,193.00000000,0.5246
1626213725787000,1,1921.00912700,0.5245
1626213808103000,0,60.09647467,0.5251
1626213872093000,0,474.31727000,0.5251
1626213872122000,0,0.00000363,0.5251
1626213873617000,0,73.77000000,0.5257
1626213877739000,1,4000.00000000,0.5250
1626214372207000,1,57.31888500,0.5252
1626214414274000,0,149.04000000,0.5256
1626214553255000,1,138.00000000,0.5251
1626214768989000,0,193.44000000,0.5257
1626214776033000,1,194.00000000,0.5252
1626214894911000,0,92.03000000,0.5264
1626214973085000,0,865.35338000,0.5260
1626215122331000,1,834.46236200,0.5270
1626215248320000,0,4025.13394920,0.5275
1626215248320000,0,224.26961080,0.5276
1626215741327000,0,4030.87626039,0.5268
1626215741327000,0,8061.58931881,0.5270
1626215741327000,0,1898.60819875,0.5270
1626215741327000,0,3868.60000000,0.5270
1626215741327000,0,12092.62878117,0.5271
1626215802786000,0,117.84494438,0.5277
1626215802786000,0,354.27975853,0.5277
1626215802786000,0,474.11638709,0.5277
1626215802833000,0,0.00001444,0.5277
1626215820405000,0,100.72000000,0.5288
1626215880242000,1,347.86628199,0.5272
1626215911659000,1,411.00000000,0.5264
1626215929844000,0,294.02000000,0.5270
1626216002355000,1,99.75000000,0.5259
1626216120239000,1,185.20937618,0.5262
1626216590147000,1,1000.00000000,0.5244
1626216594524000,1,199.00000000,0.5243
1626216624864000,0,55.33000000,0.5252
1626216656831000,0,184.39000000,0.5251
1626216868448000,1,855.67266045,0.5248
1626216880140000,1,118.71092000,0.5249
1626216925652000,1,168.88590200,0.5252
1626217178054000,1,89.76598000,0.5260
1626217814604000,0,55.10000000,0.5272
1626217823672000,1,460.75000000,0.5269
1626218181696000,1,834.23894900,0.5272
1626218299918000,1,833.69397100,0.5280
1626218629758000,1,482.24013100,0.5265
1626218688886000,0,211.06963900,0.5270
1626218781179000,1,554.75000000,0.5267
1626218790002000,1,279.10063906,0.5268
1626218872196000,0,531.66908200,0.5272
1626218882636000,0,2339.40762500,0.5275
1626219013268000,1,40.00000000,0.5272
1626219138358000,0,70.30111200,0.5275
1626219140363000,0,171.68734900,0.5275
1626219857595000,1,157.75000000,0.5267
1626219908630000,0,91.87000000,0.5271
1626219910291000,1,84.00000000,0.5267
1626220119449000,1,417.00000000,0.5248
1626220158107000,1,4535.73759583,0.5249
1626220169223000,0,2115.43550000,0.5253
1626220169904000,1,66.00000000,0.5249
1626220311290000,1,84.74126700,0.5249
1626220505370000,1,65.40600800,0.5245
1626220506416000,0,4045.31552694,0.5251
1626220679258000,1,1186.16240000,0.5261
1626220683887000,1,189.55350000,0.5260
1626220826353000,1,258.05040418,0.5258
1626220826353000,1,837.94959582,0.5257
1626221051845000,1,399.50067900,0.5244
1626221540498000,0,780.00000000,0.5279
1626221588088000,0,6713.00000000,0.5274
1626221978950000,0,55.29000000,0.5255
1626222233452000,1,11995.92860000,0.5235
1626222233452000,1,4281.20000000,0.5235
1626222233594000,1,71.60000000,0.5235
1626222295929000,0,97.65000000,0.5233
1626222453280000,1,63.91360400,0.5213
1626222939864000,1,53.38825900,0.5174
1626223038392000,0,4100.30093818,0.5182
1626223240432000,1,105.55820000,0.5168
1626223241830000,1,0.00002295,0.5168
1626223241889000,0,980.02620795,0.5168
1626223249574000,0,251.83000000,0.5167
1626223249574000,0,4084.02847303,0.5167
1626223320220000,0,134.93981909,0.5166
1626223320579000,0,1800.00000000,0.5165
1626223337521000,0,3612.93574979,0.5163
1626223341352000,1,250.00000000,0.5159
1626223341680000,1,110.69251822,0.5159
1626223341680000,1,3670.10909336,0.5158
1626223343907000,0,3010.08089687,0.5164
1626223350253000,0,2508.83753117,0.5164
1626223359616000,0,1075.92373851,0.5164
1626223359616000,0,3105.31035311,0.5164
1626223365983000,0,2787.43546631,0.5163
1626223372521000,0,1858.61392955,0.5163
1626223378897000,0,1239.17186417,0.5163
1626223390365000,0,825.87484929,0.5164
1626223398973000,1,3000.00000000,0.5162
1626223511692000,0,550.58323285,0.5164
1626223518084000,0,2910.61065548,0.5163
1626223524541000,0,4116.55133747,0.5161
1626223524541000,0,735.02962033,0.5162
1626223530923000,0,3235.82739866,0.5161
1626223537284000,0,880.27918584,0.5161
1626223537284000,0,1276.56330158,0.5162
1626223540963000,1,5000.00000000,0.5155
1626223542645000,1,749.47930000,0.5154
1626223543544000,1,0.00008351,0.5154
1626223543646000,0,1438.34041891,0.5154
1626223545707000,1,284.04457000,0.5151
1626223545760000,1,0.00000733,0.5151
1626223545760000,1,482.69830460,0.5151
1626223545760000,1,120.00000000,0.5150
1626223550037000,0,960.06464984,0.5153
1626223556412000,0,639.98107058,0.5154
1626223562786000,0,426.62923918,0.5156
1626223568733000,1,1341.22160587,0.5151
1626223569156000,0,284.24870667,0.5157
1626223575536000,0,189.50647929,0.5161
1626223581933000,0,126.32541772,0.5158
1626223588307000,0,84.21368287,0.5160
1626223594673000,0,56.13158357,0.5159
1626223622972000,0,1325.17688656,0.5161
1626223634939000,0,96.40598500,0.5161
1626223667579000,0,93.85000000,0.5160
1626223814098000,1,300.00000000,0.5160
1626223824777000,0,78.74305900,0.5159
1626223919729000,1,750.00000000,0.5145
1626223919729000,1,3131.43368000,0.5145
1626223955096000,1,750.00000000,0.5145
1626223955105000,1,0.00000060,0.5145
1626223955105000,1,1821.79295583,0.5144
1626223955301000,1,86.69836427,0.5144
1626223955411000,1,3062.76845000,0.5142
1626223955535000,1,608.39163000,0.5142
1626223956123000,1,0.00000746,0.5142
1626223956335000,1,100.00000000,0.5140
1626223957386000,1,731.85510000,0.5133
1626223957539000,1,0.00007646,0.5133
1626223960026000,1,42.19936900,0.5131
1626223960139000,0,4015.10000000,0.5138
1626223960139000,0,8262.37730000,0.5138
1626223960139000,0,2402.60930530,0.5138
1626223962516000,0,53.97489539,0.5138
1626223976096000,1,42.19936900,0.5139
1626223992151000,1,42.19936900,0.5140
1626224008211000,1,42.19936900,0.5144
1626224024274000,1,42.19936900,0.5146
1626224040338000,1,42.19936900,0.5146
1626224054634000,1,98.00000000,0.5142
1626224056399000,1,42.19936900,0.5141
1626224072487000,1,42.19936900,0.5140
1626224088548000,1,42.19936900,0.5139
1626224104607000,1,42.19936900,0.5130
1626224120666000,1,42.19936900,0.5131
1626224135372000,1,66.26000000,0.5130
1626224135426000,1,385.21720000,0.5130
1626224136185000,1,48.52280000,0.5130
1626224136730000,1,42.19936900,0.5124
1626224139476000,0,4500.00000000,0.5135
1626224152793000,1,42.19936900,0.5135
1626224168862000,1,42.19936900,0.5136
1626224175109000,1,512.85000000,0.5132
1626224184922000,1,42.19936900,0.5134
1626224189943000,0,7400.00000000,0.5141
1626224196013000,0,4266.08004000,0.5143
1626224214769000,1,800.00000000,0.5141
1626224252577000,0,50.00000000,0.5145
1626224344899000,1,151.45829358,0.5139
1626224421558000,0,45.29628115,0.5136
1626224504507000,0,1400.00000000,0.5132
1626224539911000,1,857.21969818,0.5124
1626224550392000,0,4145.08933534,0.5126
1626224596183000,1,1089.00000000,0.5123
1626224640218000,1,803.02812167,0.5131
1626224717566000,1,306.51951700,0.5125
1626224783728000,0,7400.00000000,0.5126
1626224786799000,1,143.24062500,0.5123
1626224816366000,1,789.67235800,0.5123
1626224828032000,1,99.99900000,0.5123
1626224875471000,0,4237.20000000,0.5129
1626224913860000,1,1387.00000000,0.5123
1626224913889000,1,367.40200000,0.5123
1626224913899000,1,722.00000000,0.5123
1626224917435000,1,229.00000000,0.5123
1626224918724000,1,1309.94596610,0.5123
1626224918784000,1,34951.74005090,0.5123
1626224925574000,1,267.72110000,0.5121
1626224926168000,1,0.00004821,0.5121
1626224926168000,1,64.66395179,0.5118
1626224927333000,1,0.00004821,0.5118
1626224928250000,1,39.09324011,0.5116
1626224928250000,1,39.09315989,0.5116
1626224929910000,1,0.00008022,0.5116
1626224929910000,1,984.99991978,0.5116
1626224931921000,0,2756.95361991,0.5116
1626224932232000,1,0.67539440,0.5116
1626225058950000,1,184.00000000,0.5112
1626225144206000,1,22706.56023165,0.5111
1626225144206000,1,39.43976835,0.5111
1626225145584000,1,0.56023165,0.5111
1626225148078000,1,100.00000000,0.5110
1626225152503000,1,200.00000000,0.5109
1626225158846000,1,1111.34426555,0.5107
1626225208946000,1,1069.22900200,0.5103
1626225209300000,1,6698.27415422,0.5102
1626225268637000,1,5000.00000000,0.5102
1626225272961000,1,105.00000000,0.5100
1626225272961000,1,2365.13725490,0.5100
1626225272961000,1,250.00000000,0.5100
1626225272961000,1,200.00000000,0.5100
1626225272961000,1,103.43137254,0.5100
1626225272961000,1,15683.90196078,0.5100
1626225272961000,1,3490.47058823,0.5100
1626225272961000,1,9470.56272975,0.5100
1626225272961000,1,5179.00000000,0.5100
1626225272961000,1,487.76470588,0.5100
1626225272961000,1,97.55000000,0.5100
1626225272961000,1,100.00000000,0.5100
1626225273485000,1,1240.53148300,0.5098
1626225273485000,1,198.27815665,0.5097
1626225273485000,1,1296.00000000,0.5095
1626225273485000,1,7265.19036035,0.5094
1626225351835000,0,1955.72180000,0.5118
1626225351875000,0,0.00008553,0.5118
1626225405214000,0,94.67000000,0.5113
1626225854595000,1,69.70820600,0.5127
1626225935048000,1,69.98000000,0.5127
1626226046001000,1,92.59710000,0.5123
1626226352820000,1,163.90734400,0.5109
1626226536990000,1,99.98000000,0.5126
1626226557486000,1,156.50000000,0.5133
1626226594822000,0,1148.86280600,0.5141
1626226597916000,1,153.33805800,0.5139
1626226750473000,0,56.30000000,0.5160
