timestamp ms,type,amount,price
1626480045859000,1,366.00000000,0.4994
1626480095477000,0,3838.80000000,0.5003
1626480140718000,1,8063.00000000,0.4997
1626480141244000,1,134.84010000,0.4997
1626480141397000,1,82.33160000,0.4997
1626480141738000,1,3550.36980000,0.4997
1626480150559000,0,1423.23381000,0.4997
1626480150559000,0,3838.80000000,0.4999
1626480150559000,0,4238.62708064,0.4999
1626480150559000,0,12712.00150000,0.5000
1626480182024000,0,194.22525600,0.4999
1626480247988000,1,60.00000000,0.4995
1626480249331000,0,3775.89999999,0.5001
1626480249515000,0,23919.68269678,0.5002
1626480293864000,0,3809.60000000,0.5018
1626480308536000,1,9953.53630000,0.5015
1626480376411000,0,96.22000000,0.5031
1626480383798000,1,853.77815800,0.5034
1626480530980000,0,4223.86611000,0.5016
1626480540604000,1,1030.79677200,0.5012
1626480617972000,1,18800.00000000,0.5006
1626480669122000,0,854.33625100,0.4996
1626480682732000,0,854.89473100,0.4988
1626480711555000,1,2751.64639677,0.4983
1626480713296000,0,634.35874184,0.4985
1626480776583000,0,4069.50000000,0.4991
1626480776583000,0,4246.09300231,0.4991
1626480776658000,0,0.00000001,0.4991
1626480777185000,0,4069.50000000,0.4993
1626480790655000,1,100.00000000,0.4980
1626480790655000,1,814.00000000,0.4980
1626480791110000,0,855.45356800,0.4983
1626480791331000,0,1040.26133800,0.4982
1626480799156000,0,1411.80171371,0.4981
1626480801495000,0,310.46682805,0.4982
1626480803939000,0,3875.90000000,0.4984
1626480812343000,1,50.00000000,0.4981
1626480816066000,0,4251.97297000,0.4984
1626480821665000,0,0.00000353,0.4984
1626480826004000,0,2314.92082100,0.4989
1626480833039000,1,9000.00000000,0.4981
1626480833133000,1,1874.70304888,0.4981
1626480833135000,1,10025.29695112,0.4981
1626480833193000,1,124.84351466,0.4978
1626480833193000,1,2288.82548534,0.4977
1626480871545000,0,205.00000000,0.4984
1626480872087000,0,4311.80000000,0.4984
1626480895166000,0,39.87756492,0.4990
1626480923098000,0,17419.03567000,0.4982
1626480923338000,0,0.00000919,0.4982
1626480923338000,0,4250.96032081,0.4985
1626480932519000,0,58.29000000,0.4984
1626480934689000,0,4193.60772000,0.4984
1626480950982000,0,76.13524400,0.4986
1626480996845000,0,4249.59460000,0.4986
1626480997343000,0,4235.66475000,0.4987
1626481045315000,0,2011.51095400,0.4984
1626481056045000,0,4253.20699000,0.4982
1626481056571000,0,4252.23029000,0.4983
1626481056582000,0,0.00000121,0.4983
1626481056641000,0,4235.66475000,0.4984
1626481056890000,0,4235.66475000,0.4985
1626481084764000,0,4253.24146000,0.4982
1626481093053000,0,0.00000135,0.4982
1626481101199000,0,4235.00000000,0.4985
1626481101279000,0,0.66475600,0.4985
1626481156033000,0,4235.66475600,0.4990
1626481156033000,0,4246.52625120,0.4990
1626481322859000,0,119.30560200,0.4990
1626481406428000,0,3683.10000000,0.4983
1626481416769000,1,54.00000000,0.4981
1626481520322000,0,4244.00000000,0.4992
1626481520406000,0,0.55195152,0.4992
1626481558115000,1,292.50000000,0.4998
1626481580826000,0,58.12000000,0.4998
1626481907824000,1,487.50000000,0.5025
1626482430813000,1,60.43075100,0.5026
1626482642987000,0,541.13701600,0.5035
1626482660104000,0,57.73000000,0.5032
1626482714459000,1,12350.00000000,0.5027
1626482724508000,0,2771.76726961,0.5029
1626482724508000,0,8100.00000000,0.5029
1626483044202000,0,3000.00000000,0.5037
1626483135992000,0,2133.71018100,0.5038
1626483226929000,0,8100.00000000,0.5050
1626483229275000,1,5063.01039000,0.5049
1626483229329000,1,2924.05610000,0.5049
1626483229329000,1,112.93351000,0.5049
1626483229387000,1,3500.00000000,0.5049
1626483238172000,1,14405.55128034,0.5044
1626483422503000,1,8000.00000000,0.5050
1626483564724000,0,8099.99999999,0.5056
1626483564736000,0,0.00000001,0.5056
1626483564736000,0,123.38276740,0.5057
1626483759174000,0,299.84625400,0.5056
1626483832013000,1,8223.38276740,0.5053
1626483879828000,0,4191.43722015,0.5054
1626483879950000,0,4191.00000000,0.5054
1626484222492000,1,1035.00000000,0.5038
1626484229452000,1,4191.43722015,0.5039
1626484229501000,1,8907.40767985,0.5039
1626484235131000,0,106.32019600,0.5041
1626484623075000,1,138.55254800,0.5034
1626484724385000,0,4213.51573000,0.5028
1626484724387000,0,0.00000375,0.5028
1626484747176000,0,4214.14088077,0.5028
1626484798306000,0,71.60000000,0.5031
1626484914639000,1,1200.75000000,0.5027
1626485288141000,1,50.00000000,0.5044
1626485329120000,0,100.00000000,0.5045
1626485520323000,1,150.00000000,0.5037
1626485576338000,0,2161.94925266,0.5045
1626485689383000,1,4676.52612000,0.5031
1626485922821000,1,50.00000000,0.5025
1626486047356000,0,250.00084106,0.5016
1626486115425000,0,259.94185600,0.5009
1626486118707000,0,853.41097100,0.5007
1626486119461000,0,700.00000000,0.5007
1626486127938000,0,750.00000000,0.5010
1626486248925000,0,853.96884100,0.5000
1626486253608000,0,259.95574800,0.5000
1626486258673000,1,100.05340000,0.4998
1626486537724000,1,224.36516000,0.5003
1626486556940000,0,1992.14377296,0.5007
1626486659054000,1,553.02330000,0.5003
1626486730795000,1,50.00000000,0.5003
1626486896092000,0,4241.80915732,0.4996
1626486896109000,0,12711.56940000,0.4997
1626486896109000,0,8478.67070000,0.4997
1626486905783000,0,58.15000000,0.4997
1626486989654000,0,64.93506494,0.4981
1626487004313000,1,230.97770000,0.4975
1626487004317000,1,244.53080000,0.4975
1626487004320000,1,465.74010000,0.4975
1626487004320000,1,58.75140000,0.4975
1626487007552000,1,2462.94330000,0.4970
1626487007556000,1,219.09500000,0.4970
1626487007629000,1,265.22206948,0.4970
1626487007711000,1,609.22020000,0.4970
1626487007731000,1,206.41960000,0.4970
1626487007875000,1,6295.24841772,0.4970
1626487007875000,1,66734.77793052,0.4970
1626487007875000,1,2000.00000000,0.4970
1626487007875000,1,9061.94164990,0.4970
1626487007875000,1,100.00000000,0.4970
1626487008087000,1,49.28340000,0.4967
1626487008104000,1,51.19360000,0.4967
1626487008145000,1,81.44100000,0.4967
1626487008162000,1,785.64793517,0.4967
1626487008162000,1,40.27061856,0.4966
1626487008162000,1,40.27061856,0.4966
1626487008162000,1,1496.28622771,0.4961
1626487008433000,1,256.92015322,0.4961
1626487011754000,1,122.00000000,0.4955
1626487013087000,1,0.92436921,0.4955
1626487013087000,1,3703.99677028,0.4954
1626487013747000,1,5863.43397801,0.4951
1626487013747000,1,502.96621098,0.4950
1626487013747000,1,200.00000000,0.4950
1626487013747000,1,5000.00000000,0.4950
1626487013747000,1,200.00000000,0.4950
1626487013747000,1,142.59981101,0.4950
1626487014313000,1,0.30927989,0.4950
1626487014313000,1,154.00000000,0.4947
1626487014313000,1,373.94161673,0.4947
1626487014313000,1,198.27815665,0.4947
1626487014313000,1,90.15101604,0.4947
1626487014313000,1,500.00000000,0.4945
1626487014313000,1,500.00000000,0.4943
1626487014313000,1,8183.31993069,0.4941
1626487017522000,1,3000.00000000,0.4941
1626487017522000,1,1214.14088077,0.4941
1626487018345000,1,500.42890000,0.4939
1626487018417000,1,0.00006733,0.4939
1626487018443000,1,1834.93279107,0.4933
1626487018627000,1,32400.00000000,0.4933
1626487018627000,1,32400.00000000,0.4933
1626487018777000,1,48390.75137677,0.4933
1626487019078000,1,188.83469549,0.4931
1626487019651000,0,188.83460000,0.4931
1626487020286000,1,197.62110000,0.4930
1626487020338000,1,429.63835478,0.4930
1626487020777000,1,71.60000000,0.4922
1626487020778000,1,33.26000000,0.4922
1626487020778000,1,39.23904716,0.4922
1626487020778000,1,754.55192132,0.4922
1626487020898000,1,500.00000000,0.4917
1626487020898000,1,3000.00000000,0.4914
1626487020898000,1,882.34820115,0.4914
1626487020898000,1,250.00000000,0.4914
1626487021330000,1,111.00000000,0.4912
1626487021377000,1,1532.97504798,0.4912
1626487021680000,1,753.88901711,0.4912
1626487021680000,1,2135.11096377,0.4912
1626487021699000,0,892.26726000,0.4921
1626487022243000,1,1091.60580000,0.4910
1626487022407000,1,711.17880000,0.4910
1626487022413000,1,8625.50472014,0.4910
1626487022413000,1,50.00000000,0.4910
1626487022413000,1,150.00000000,0.4910
1626487022413000,1,23088.46627986,0.4910
1626487022645000,1,1293.66396366,0.4910
1626487022769000,1,3617.86975648,0.4910
1626487022769000,1,248.12232234,0.4905
1626487022769000,1,1010.66820304,0.4905
1626487023157000,1,200.00000000,0.4900
1626487023157000,1,2500.00000000,0.4900
1626487023157000,1,203.06122448,0.4900
1626487023157000,1,100.00000000,0.4900
1626487023157000,1,150.00000000,0.4900
1626487023157000,1,150.00000000,0.4900
1626487023157000,1,9396.93877552,0.4900
1626487023218000,1,42100.00000000,0.4900
1626487023400000,1,11036.12244896,0.4900
1626487023400000,1,800.00000000,0.4900
1626487023400000,1,708.95918367,0.4900
1626487023400000,1,50.79591836,0.4900
1626487023400000,1,2850.20408163,0.4900
1626487023400000,1,991.18367346,0.4900
1626487023400000,1,2035.00000000,0.4900
1626487023400000,1,200.00000000,0.4900
1626487023400000,1,1015.32653061,0.4900
1626487023400000,1,2459.06122448,0.4900
1626487023793000,1,497.00000000,0.4898
1626487023842000,1,0.01931321,0.4898
1626487023842000,1,1139.50428679,0.4897
1626487023918000,1,0.01934301,0.4897
1626487024583000,1,100.00000000,0.4890
1626487024583000,1,1268.92254825,0.4889
1626487024603000,1,41.72815295,0.4885
1626487024764000,0,3000.00000000,0.4888
1626487024764000,0,143.89700000,0.4889
1626487024899000,0,250.00000000,0.4888
1626487024935000,1,91.33260000,0.4883
1626487024958000,1,0.00004646,0.4883
1626487024958000,1,1398.87115354,0.4880
1626487025018000,1,0.00006423,0.4880
1626487025018000,1,51.71993577,0.4880
1626487025292000,1,0.00006423,0.4880
1626487025564000,1,58.91000000,0.4874
1626487025564000,1,2991.09000000,0.4874
1626487025638000,0,1319.23395100,0.4888
1626487025659000,1,8.91000000,0.4874
1626487025659000,1,198.27815665,0.4873
1626487025701000,1,238.07520000,0.4872
1626487025804000,1,1291.29972188,0.4872
1626487025812000,1,500.00000000,0.4867
1626487025880000,1,500.00000000,0.4867
1626487026018000,1,3500.34931985,0.4867
1626487026151000,1,1324.27398000,0.4864
1626487026151000,1,336.16440000,0.4864
1626487026439000,1,336.16440000,0.4864
1626487026562000,1,651.94518000,0.4864
1626487026748000,1,336.16440442,0.4864
1626487026858000,1,3000.00000000,0.4855
1626487026927000,1,7800.00000000,0.4855
1626487026927000,1,3000.00000000,0.4855
1626487027048000,1,1792.06599000,0.4855
1626487027180000,1,0.00000386,0.4855
1626487027180000,1,1924.26192614,0.4850
1626487027443000,0,1489.25980000,0.4863
1626487027443000,0,336.16436723,0.4864
1626487027443000,0,800.00000000,0.4865
1626487027443000,0,374.57583277,0.4866
1626487027452000,1,349.69683674,0.4850
1626487027452000,1,1574.56509326,0.4850
1626487027729000,1,349.69683000,0.4850
1626487027851000,1,75.73807674,0.4850
1626487027851000,1,1498.82702326,0.4847
1626487027854000,0,5137.82880000,0.4855
1626487027984000,1,349.69683000,0.4847
1626487028186000,1,1075.73807000,0.4847
1626487028314000,1,498.82703000,0.4847
1626487028344000,0,2722.23275907,0.4855
1626487028381000,1,7102.34594000,0.4847
1626487028611000,0,1425.43490000,0.4855
1626487028690000,1,498.82703000,0.4847
1626487028985000,1,425.43490000,0.4847
1626487029093000,1,0.00000833,0.4847
1626487029190000,1,1129.19130000,0.4845
1626487029241000,1,61.20430000,0.4845
1626487029243000,1,2614.98550000,0.4845
1626487029334000,1,100.00000000,0.4845
1626487029334000,1,106.00000000,0.4838
1626487029354000,1,1424.48959000,0.4838
1626487029411000,1,526.54065906,0.4838
1626487029444000,1,500.00000000,0.4837
1626487029477000,1,500.00000000,0.4834
1626487029574000,1,2190.37490000,0.4830
1626487029597000,1,0.00001602,0.4830
1626487029597000,1,1000.00000000,0.4830
1626487029807000,0,466.40637121,0.4851
1626487030090000,1,500.00000000,0.4827
1626487030175000,1,2229.62740000,0.4826
1626487030408000,1,7310.99995859,0.4826
1626487030587000,1,250.00000000,0.4826
1626487030759000,1,1878.06320000,0.4826
1626487030779000,1,1520.30500000,0.4826
1626487030781000,1,2893.69080000,0.4826
1626487030849000,1,18900.02450000,0.4826
1626487030854000,1,115.80017000,0.4826
1626487030868000,1,968.62667690,0.4826
1626487030877000,1,10274.38110000,0.4826
1626487030907000,1,5655.24856748,0.4826
1626487030949000,1,9749.36430000,0.4826
1626487031007000,1,2987.88510000,0.4826
1626487031022000,1,1842.66671143,0.4826
1626487031104000,1,2324.29985188,0.4822
1626487031104000,1,10800.00000000,0.4820
1626487031104000,1,92.52838271,0.4820
1626487031104000,1,500.00000000,0.4820
1626487031104000,1,2458.80894660,0.4813
1626487031242000,1,3000.00000000,0.4811
1626487031242000,1,3000.04811200,0.4811
1626487031242000,1,500.00000000,0.4811
1626487031242000,1,900.00000000,0.4810
1626487031242000,1,10233.26403326,0.4810
1626487031242000,1,10800.00000000,0.4810
1626487031513000,1,500.00000000,0.4811
1626487031513000,1,13422.05912800,0.4810
1626487031659000,1,399.10037350,0.4810
1626487031719000,1,518.14740000,0.4810
1626487031764000,1,88523.99435174,0.4810
1626487031952000,1,2593.90607512,0.4805
1626487032232000,1,198.27815665,0.4801
1626487032232000,1,1500.00000000,0.4800
1626487032232000,1,540.08333333,0.4800
1626487032232000,1,1405.41666666,0.4800
1626487032232000,1,2500.00000000,0.4800
1626487032232000,1,112.73167168,0.4800
1626487032232000,1,2500.00000000,0.4800
1626487032232000,1,1000.00000000,0.4800
1626487032232000,1,100.00000000,0.4800
1626487032232000,1,12943.49017168,0.4800
1626487032274000,1,7056.50982832,0.4800
1626487032274000,1,2000.00000000,0.4800
1626487032274000,1,300.00000000,0.4800
1626487032274000,1,966.54166666,0.4800
1626487032274000,1,362.75000000,0.4800
1626487032274000,1,100.43589538,0.4800
1626487032274000,1,50.00000000,0.4800
1626487032274000,1,2282.10416666,0.4800
1626487032274000,1,2729.59510747,0.4797
1626487032788000,1,100.00000000,0.4790
1626487032788000,1,500.00000000,0.4789
1626487032788000,1,2865.87991605,0.4788
1626487032986000,1,700.00000000,0.4783
1626487032986000,1,500.00000000,0.4780
1626487032986000,1,2546.85220000,0.4780
1626487032992000,1,455.91218096,0.4780
1626487032992000,1,242.52255269,0.4778
1626487032992000,1,250.00000000,0.4776
1626487032992000,1,444.08776635,0.4774
1626487033033000,0,2200.00000000,0.4800
1626487033053000,1,55.91223000,0.4774
1626487033634000,1,500.00000000,0.4777
1626487033716000,0,3000.00000000,0.4780
1626487033716000,0,5025.65680000,0.4780
1626487033791000,1,8100.00000000,0.4786
1626487033800000,1,2646.24398000,0.4786
1626487033810000,1,8100.00000000,0.4786
1626487033846000,1,3140.25239000,0.4786
1626487033867000,0,700.76016998,0.4810
1626487034105000,1,500.00000000,0.4775
1626487034505000,1,2645.12930000,0.4772
1626487034506000,1,495.12309403,0.4772
1626487034510000,1,100.00000000,0.4766
1626487034510000,1,2000.00000000,0.4766
1626487034510000,1,3278.34786185,0.4763
1626487034807000,1,500.00000000,0.4758
1626487035147000,1,93.74204825,0.4757
1626487035147000,1,3000.00000000,0.4757
1626487035246000,0,2000.00000000,0.4755
1626487035452000,0,8100.00000000,0.4755
1626487035595000,1,3417.05470810,0.4755
1626487035595000,1,3946.50000000,0.4750
1626487035595000,1,100.00000000,0.4750
1626487035632000,0,8256.25795175,0.4755
1626487035861000,1,3000.00000000,0.4755
1626487035861000,1,1426.71361394,0.4755
1626487035919000,0,500.00000000,0.4765
1626487035919000,0,4000.00000000,0.4769
1626487035919000,0,549.58490000,0.4769
1626487036421000,0,800.00000000,0.4766
1626487036421000,0,3000.00000000,0.4768
1626487036461000,0,2232.14285700,0.4772
1626487036719000,0,500.00000000,0.4766
1626487037764000,1,11500.00000000,0.4769
1626487037917000,0,3300.00000000,0.4771
1626487037917000,0,908.10953703,0.4772
1626487038068000,0,2351.93400000,0.4777
1626487038131000,0,78.17404000,0.4777
1626487038252000,0,151.93403000,0.4786
1626487038805000,0,800.00000000,0.4792
1626487038811000,1,98.06597000,0.4787
1626487038811000,1,111.93403000,0.4780
1626487038824000,1,688.06597000,0.4780
1626487038824000,1,612.93403000,0.4777
1626487039002000,1,500.00000000,0.4790
1626487039002000,1,500.00000000,0.4788
1626487039002000,1,278.00000000,0.4780
1626487039184000,0,500.00000000,0.4791
1626487039184000,0,800.00000000,0.4795
1626487039261000,0,250.00000000,0.4810
1626487039274000,1,210.00000000,0.4782
1626487039283000,1,690.00000000,0.4782
1626487039283000,1,250.00000000,0.4782
1626487039283000,1,338.00000000,0.4776
1626487039334000,0,205.00000000,0.4810
1626487040060000,0,4619.79487281,0.4810
1626487040933000,0,288.00000000,0.4817
1626487041281000,0,250.00000000,0.4817
1626487042119000,0,500.00000000,0.4826
1626487042119000,0,800.00000000,0.4830
1626487042438000,0,500.00000000,0.4827
1626487042463000,0,800.00000000,0.4831
1626487042463000,0,3061.60830000,0.4836
1626487042536000,0,900.00000000,0.4836
1626487042967000,0,500.00000000,0.4835
1626487043022000,0,1700.00000000,0.4836
1626487043178000,0,3700.00000000,0.4836
1626487043258000,0,800.00000000,0.4839
1626487043258000,0,900.00000000,0.4845
1626487043621000,0,500.00000000,0.4842
1626487043621000,0,800.00000000,0.4846
1626487043693000,0,110.82426320,0.4842
1626487043713000,0,1700.00000000,0.4842
1626487043724000,0,99.91610000,0.4842
1626487043846000,0,1089.25963680,0.4842
1626487044165000,0,800.00000000,0.4846
1626487044199000,0,3000.00000000,0.4846
1626487044364000,0,1089.25960000,0.4846
1626487044444000,0,16710.74040000,0.4846
1626487044510000,0,800.00000000,0.4851
1626487045000000,1,4208.10953703,0.4838
1626487045051000,1,559.72594020,0.4838
1626487046623000,0,500.00000000,0.4830
1626487046693000,0,800.00000000,0.4834
1626487046693000,0,900.00000000,0.4838
1626487046693000,0,1300.00000000,0.4840
1626487046693000,0,1700.00000000,0.4843
1626487046693000,0,1424.14470000,0.4845
1626487047188000,0,500.00000000,0.4825
1626487047188000,0,300.00000000,0.4829
1626487047311000,0,500.00000000,0.4829
1626487047459000,0,1300.00000000,0.4837
1626487048236000,1,207.00000000,0.4832
1626487048240000,0,1900.00000000,0.4846
1626487048337000,0,2100.00000000,0.4846
1626487048446000,1,43.00000000,0.4832
1626487048446000,1,250.00000000,0.4815
1626487048446000,1,118.32984200,0.4815
1626487048495000,1,207.00000000,0.4815
1626487048689000,1,632.89089400,0.4815
1626487049765000,0,723.82490000,0.4849
1626487051653000,0,723.82490000,0.4839
1626487051724000,0,12383.69310000,0.4839
1626487051904000,0,900.00000000,0.4844
1626487051943000,0,16798.06590000,0.4845
1626487052349000,0,1300.00000000,0.4846
1626487054985000,0,13101.90550000,0.4849
1626487054985000,0,8100.00000000,0.4860
1626487054985000,0,1424.48959000,0.4860
1626487054985000,0,1287.34334200,0.4863
1626487055957000,0,7148.06596086,0.4853
1626487055957000,0,448.73744214,0.4867
1626487057621000,0,3000.00000000,0.4860
1626487057621000,0,5100.00000000,0.4860
1626487057764000,0,3000.00000000,0.4860
1626487059592000,0,93.74200000,0.4867
1626487060382000,0,0.00004825,0.4867
1626487061664000,0,4939.66540000,0.4872
1626487062096000,1,500.00000000,0.4862
1626487062267000,1,500.00000000,0.4860
1626487064517000,0,280.50600000,0.4846
1626487064570000,0,9147.66222000,0.4846
1626487067988000,0,500.00000000,0.4850
1626487068251000,0,500.00000000,0.4853
1626487068469000,0,8100.00000000,0.4859
1626487068840000,0,500.00000000,0.4860
1626487068857000,0,800.00000000,0.4864
1626487069937000,1,3000.00000000,0.4864
1626487070272000,1,2385.02831000,0.4860
1626487070301000,1,10485.02830000,0.4861
1626487077848000,0,800.00000000,0.4859
1626487078419000,0,800.00000000,0.4861
1626487080048000,0,3000.00000000,0.4863
1626487080113000,0,500.00000000,0.4863
1626487080334000,0,7600.00000000,0.4863
1626487080401000,0,500.00000000,0.4863
1626487080474000,0,613.51890000,0.4863
1626487080539000,0,7600.00000000,0.4862
1626487080611000,0,500.00000000,0.4862
1626487083067000,0,13050.93320000,0.4868
1626487083085000,0,782.25171000,0.4872
1626487083206000,0,7023.34113000,0.4868
1626487085266000,0,500.00000000,0.4870
1626487085508000,0,500.00000000,0.4871
1626487089450000,0,500.00000000,0.4875
1626487089928000,0,500.00000000,0.4876
1626487090421000,0,500.00000000,0.4876
1626487094117000,0,61.14393000,0.4870
1626487098391000,0,500.00000000,0.4877
1626487098990000,0,500.00000000,0.4878
1626487099621000,0,500.00000000,0.4879
1626487099967000,0,500.00000000,0.4881
1626487100166000,0,800.00000000,0.4884
1626487100547000,0,500.00000000,0.4882
1626487100632000,0,800.00000000,0.4885
1626487100885000,0,800.00000000,0.4886
1626487100967000,0,500.00000000,0.4883
1626487100975000,0,900.00000000,0.4897
1626487107102000,0,2385.08466000,0.4887
1626487112829000,1,2416.07010000,0.4896
1626487112829000,1,583.92990000,0.4896
1626487113133000,1,2379.02049000,0.4893
1626487113567000,1,2477.21400000,0.4888
1626487114104000,1,500.00000000,0.4881
1626487119719000,1,500.00000000,0.4881
1626487143072000,0,202.63968200,0.4888
1626487151109000,0,12500.00000000,0.4895
1626487152630000,0,4500.00000000,0.4895
1626487152692000,0,2356.23449000,0.4895
1626487161152000,1,865.10018500,0.4904
1626487162292000,1,6500.00000000,0.4904
1626487162673000,1,500.00000000,0.4900
1626487163720000,0,12969.38790000,0.4901
1626487168992000,0,5030.61210000,0.4900
1626487184087000,0,101.27228700,0.4903
1626487185117000,0,101.27228700,0.4902
1626487186081000,0,101.27228700,0.4903
1626487189023000,0,101.27228700,0.4901
1626487190061000,0,101.27228600,0.4901
1626487191080000,0,101.27228700,0.4901
1626487193090000,0,101.27228700,0.4903
1626487200280000,0,3007.80922470,0.4903
1626487205884000,1,12500.00000000,0.4899
1626487219497000,1,14187.96570000,0.4891
1626487232828000,0,14100.00000000,0.4878
1626487232970000,0,156.45000000,0.4882
1626487233376000,0,3999.99999999,0.4885
1626487233505000,0,0.00000001,0.4885
1626487277718000,1,202.54460000,0.4870
1626487277774000,1,3210.35379870,0.4869
1626487277884000,0,4021.36107608,0.4877
1626487277884000,0,9217.81442802,0.4877
1626487277884000,0,3000.00000000,0.4877
1626487277884000,0,250.00000000,0.4878
1626487277884000,0,96.43510792,0.4878
1626487278731000,0,736.56019100,0.4865
1626487280868000,0,1000.00000000,0.4864
1626487282098000,1,3000.00000000,0.4860
1626487282167000,0,71.60000000,0.4857
1626487282252000,0,20850.00000000,0.4860
1626487282465000,1,160.83374000,0.4862
1626487282495000,1,0.00000300,0.4862
1626487282963000,0,15400.00000000,0.4857
1626487310204000,0,15150.00000000,0.4869
1626487316982000,0,901.22775900,0.4874
1626487374637000,1,14155.26870000,0.4869
1626487374927000,1,9436.08850000,0.4866
1626487382127000,0,11900.00000000,0.4864
1626487392869000,0,1224.48783100,0.4862
1626487427625000,1,1961.04800000,0.4860
1626487432459000,0,17450.00000000,0.4866
1626487440259000,0,172.47172967,0.4871
1626487461068000,0,66.51567700,0.4871
1626487479888000,0,102.34148863,0.4888
1626487479888000,0,374.43849337,0.4889
1626487541868000,0,5956.00000000,0.4870
1626487543519000,0,11544.00000000,0.4870
1626487574836000,1,4128.11826000,0.4869
1626487628583000,1,334.79973700,0.4871
1626487646477000,1,50.00000000,0.4874
1626487684609000,0,434.50886000,0.4871
1626487703940000,0,407.50905400,0.4873
1626487705936000,0,11065.49114000,0.4873
1626487706004000,0,2984.50886000,0.4873
1626487726912000,0,310.62856000,0.4875
1626487773501000,0,500.00000000,0.4876
1626487801126000,0,433.84749062,0.4880
1626487801430000,1,433.84750000,0.4876
1626487810849000,0,8515.49114000,0.4879
1626487810910000,0,6734.50886000,0.4879
1626487837961000,0,1582.16210000,0.4879
1626487837961000,0,812.11549400,0.4880
1626487838144000,0,1662.69277300,0.4879
1626487848669000,0,581.94247000,0.4877
1626487894790000,0,17042.91785058,0.4869
1626487894870000,0,907.08214942,0.4869
1626487906487000,1,88.41562200,0.4865
1626487921096000,0,434.62712003,0.4870
1626487950774000,0,576.88017800,0.4879
1626487953017000,1,14071.77210000,0.4875
1626487953944000,1,1662.69280000,0.4873
1626487968313000,0,7000.00000000,0.4867
1626487968373000,0,5327.38276000,0.4867
1626487991641000,1,150.00000000,0.4863
1626488001721000,0,4187.97954000,0.4858
1626488002040000,0,13000.00000000,0.4860
1626488034647000,0,204.06452100,0.4868
1626488041338000,0,434.72947554,0.4870
1626488043434000,1,9380.31900000,0.4865
1626488060603000,0,8692.33946000,0.4868
1626488060660000,0,500.00000000,0.4868
1626488109220000,1,2051.89952000,0.4870
1626488119443000,0,2051.89952000,0.4873
1626488144974000,0,13032.92670000,0.4878
1626488146757000,0,17100.00000000,0.4880
1626488156233000,1,6000.00000000,0.4877
1626488158178000,1,5500.00000000,0.4874
1626488158256000,1,8539.33330000,0.4874
1626488160260000,1,197.18596949,0.4873
1626488160446000,1,6500.00000000,0.4873
1626488169459000,0,7039.33330000,0.4877
1626488169852000,0,3708.60949453,0.4877
1626488169853000,0,4752.05720547,0.4877
1626488184063000,1,2047.81629000,0.4879
1626488209747000,0,260.01295294,0.4879
1626488280276000,0,202.89379842,0.4869
1626488302251000,0,5547.81629000,0.4869
1626488302287000,0,15753.14699111,0.4869
1626488302425000,0,4396.85300889,0.4869
1626488344202000,1,539.08400000,0.4872
1626488411262000,0,1039.12472000,0.4879
1626488520263000,0,101.51347361,0.4869
1626488549561000,0,13075.07990000,0.4859
1626488549561000,0,2924.92010000,0.4859
1626488640270000,1,193.27637168,0.4854
1626488681396000,1,8500.00000000,0.4866
1626488693063000,0,16250.00000000,0.4873
1626488797627000,0,8500.00000000,0.4857
1626488810815000,0,4360.11057414,0.4862
1626488810815000,0,8709.17452586,0.4862
1626488825808000,0,13069.00800000,0.4865
1626488880249000,0,508.31792976,0.4863
1626488943490000,1,7500.00000000,0.4859
1626488943546000,1,2132.57690000,0.4859
1626488959892000,0,4500.00000000,0.4863
1626488959905000,0,10250.00000000,0.4863
1626489030567000,0,16950.00000000,0.4877
1626489034652000,1,8100.00000000,0.4884
1626489034652000,1,250.00000000,0.4884
1626489034652000,1,250.00000000,0.4884
1626489034652000,1,9696.58830000,0.4884
1626489069294000,0,4632.57690000,0.4888
1626489069606000,0,64.08460000,0.4888
1626489069679000,0,13985.81650000,0.4888
1626489069696000,0,60.78600000,0.4888
1626489069982000,0,647.85850000,0.4888
1626489070180000,0,435.87280000,0.4888
1626489141604000,1,5104.31171000,0.4885
1626489148360000,1,0.00000419,0.4885
1626489178813000,0,6104.31171000,0.4884
1626489178867000,0,14545.68829000,0.4884
1626489190353000,0,18000.00000000,0.4886
1626489225965000,0,63.03631700,0.4890
1626489229555000,0,12936.50038000,0.4890
1626489229934000,0,8663.29300000,0.4890
1626489248759000,1,181.65000000,0.4888
1626489424172000,0,15650.00000000,0.4889
1626489601622000,1,2038.15958437,0.4903
1626489601959000,1,2038.15958437,0.4903
1626489616005000,0,1928.73623750,0.4901
1626489653577000,0,12204.51833000,0.4901
1626489653660000,0,7000.00000000,0.4901
1626489654321000,0,1395.48167000,0.4901
1626489741393000,1,74.00000000,0.4897
1626489760666000,0,14500.00000000,0.4904
1626489788946000,0,18270.68989172,0.4918
1626489789183000,0,4029.31010828,0.4918
1626489810410000,0,72.90747293,0.4921
1626489811723000,0,125.37068000,0.4921
1626489867374000,0,900.00000000,0.4916
1626490022246000,0,3000.00000000,0.4920
1626490023973000,0,3631.45250802,0.4920
1626490024021000,0,11168.54749198,0.4920
1626490024021000,0,0.00000372,0.4921
1626490024385000,0,80.71476200,0.4923
1626490026397000,0,80.71476200,0.4925
1626490028442000,0,80.71476200,0.4926
1626490031514000,0,80.71476200,0.4924
1626490032554000,0,80.71476200,0.4924
1626490033572000,0,80.71476100,0.4924
1626490095931000,0,1000.00000000,0.4914
1626490146230000,0,2000.00000000,0.4911
1626490207478000,1,71.60000000,0.4905
1626490207659000,1,2040.40922833,0.4905
1626490207703000,1,2086.95639017,0.4905
1626490207770000,1,969.20195293,0.4905
1626490208723000,1,500.00000000,0.4901
1626490212398000,0,3500.00000000,0.4898
1626490236115000,0,8100.00000000,0.4893
1626490264179000,0,5000.00000000,0.4893
1626490264262000,0,7000.00000000,0.4893
1626490264431000,0,71.60000000,0.4893
1626490264497000,0,2478.40000000,0.4893
1626490270818000,1,2043.56624097,0.4890
1626490313860000,0,304.59382100,0.4889
1626490323223000,1,2047.21421000,0.4881
1626490331368000,0,2469.92810000,0.4883
1626490331495000,0,9880.07190000,0.4883
1626490387162000,1,8100.00000000,0.4884
1626490448496000,0,11600.00000000,0.4884
1626490448552000,0,5650.00000000,0.4884
1626490478362000,1,8100.00000000,0.4891
1626490527001000,0,21000.00000000,0.4892
1626490595213000,1,8100.00000000,0.4888
1626490595213000,1,8100.00000000,0.4887
1626490603985000,0,18400.00000000,0.4886
1626490619301000,0,11846.23717436,0.4889
1626490639619000,1,9763.60300000,0.4887
1626490651837000,0,586.89865200,0.4888
1626490653548000,0,4180.81450000,0.4888
1626490653705000,0,4000.00000000,0.4888
1626490653926000,0,1410.15510000,0.4889
1626490656607000,1,8100.00000000,0.4888
1626490661639000,1,6500.00000000,0.4890
1626490661706000,1,1600.00000000,0.4890
1626490696539000,1,7938.00000000,0.4885
1626490717498000,0,4335.49812444,0.4889
1626490717498000,0,8118.26470120,0.4889
1626490717575000,0,5631.73529880,0.4889
1626490717575000,0,7362.58070120,0.4889
1626490717693000,0,2045.92980000,0.4891
1626490717746000,0,0.00004093,0.4891
1626490718817000,0,4000.00000000,0.4896
1626490734510000,1,8100.00000000,0.4893
1626490734840000,1,71.76858900,0.4892
1626490756959000,1,5777.36660000,0.4891
1626490774165000,0,408.50112584,0.4885
1626490790755000,0,13026.96190000,0.4880
1626490821544000,0,81.38152500,0.4880
1626490825410000,0,166.28130400,0.4877
1626490825660000,0,81.38152500,0.4877
1626490826728000,0,81.38152600,0.4877
1626490827853000,0,81.38152500,0.4878
1626490839227000,0,4345.69519558,0.4878
1626490839227000,0,3754.30480442,0.4878
1626490839363000,0,17600.00000000,0.4878
1626490839492000,0,2050.24790000,0.4881
1626490839791000,0,2050.24795764,0.4883
1626490839791000,0,5125.27922005,0.4883
1626490841224000,1,5026.96190000,0.4880
1626490850693000,0,69.65128000,0.4881
1626490961654000,0,101.73107700,0.4877
1626491064946000,0,5098.73049433,0.4877
1626491064946000,0,11701.26950567,0.4877
1626491064965000,0,2526.00000000,0.4877
1626491158977000,1,9830.83430000,0.4889
1626491175835000,0,254.81082800,0.4891
1626491178115000,1,8099.99999999,0.4887
1626491178127000,1,0.00000001,0.4887
1626491178127000,1,14720.92210000,0.4887
1626491178127000,1,4332.59621443,0.4886
1626491178378000,1,2045.47210228,0.4886
1626491178378000,1,5113.64566117,0.4884
1626491195611000,0,13100.00000000,0.4889
1626491230368000,1,8100.00000000,0.4884
1626491262483000,1,8100.00000000,0.4878
1626491262483000,1,8100.00000000,0.4877
1626491262483000,1,8290.48114136,0.4877
1626491262486000,1,1511.17155864,0.4877
1626491262486000,1,4340.81999974,0.4876
1626491294565000,0,12000.00000000,0.4879
1626491294648000,0,650.00000000,0.4879
1626491368806000,0,6780.83430000,0.4884
1626491413618000,1,2048.14548758,0.4879
1626491433103000,0,2034.78838700,0.4869
1626491459138000,1,298.79000000,0.4861
1626491496209000,1,9842.61940000,0.4872
1626491595389000,1,8157.38060000,0.4871
1626491595458000,1,4270.78762000,0.4871
1626491717946000,1,9793.10510000,0.4884
1626491792459000,0,4563.89272000,0.4892
1626491883337000,0,2098.32808701,0.4897
1626491891113000,1,150.00000000,0.4895
1626491998440000,0,100.00000000,0.4903
1626492021618000,1,82.85000000,0.4904
1626492073819000,0,98.64000000,0.4909
1626492124172000,0,101.17937400,0.4905
1626492208018000,1,6000.00000000,0.4909
1626492293409000,0,113.48913700,0.4911
1626492480291000,0,76.37338922,0.4916
1626492489207000,0,14900.74808525,0.4919
1626492533570000,1,42.07405000,0.4914
1626492628235000,0,201.69259400,0.4918
1626492701931000,0,221.98118400,0.4919
1626492755329000,0,197.03000000,0.4915
1626492802690000,0,219.83846700,0.4919
1626492965042000,0,100.00000000,0.4910
1626492976777000,1,42.03533500,0.4905
1626493224410000,1,9867.37700000,0.4910
1626493292727000,0,74.24686600,0.4908
1626493347301000,1,8100.00000000,0.4909
1626493392926000,1,468.43044700,0.4912
1626493819662000,1,84.24547700,0.4914
1626493980231000,1,255.08000000,0.4917
1626494090117000,0,2020.82707800,0.4911
1626494140288000,0,100.92628200,0.4914
1626494351961000,0,12131.13822000,0.4914
1626494418955000,0,12950.42860000,0.4907
1626494523061000,1,148.00000000,0.4917
1626494617714000,0,2506.06482700,0.4907
1626494631705000,0,205.00000000,0.4907
1626494784203000,1,8100.00000000,0.4888
1626494823443000,1,42.00000000,0.4887
1626494866782000,0,4335.65433403,0.4889
1626494867276000,0,3695.40092000,0.4889
1626494872604000,0,0.00000934,0.4889
1626494913963000,0,13005.77959999,0.4886
1626494914125000,0,19200.00000000,0.4887
1626494916404000,0,11000.00000000,0.4886
1626494967832000,0,202.99609900,0.4889
1626495006121000,1,12428.16822000,0.4885
1626495147587000,0,203.38124300,0.4894
1626495181323000,0,100.00000000,0.4904
1626495264045000,0,2028.17734200,0.4897
1626495385342000,0,2021.93857600,0.4906
1626495470262000,0,197.30000000,0.4909
1626495489823000,0,1017.92000978,0.4906
1626495673030000,0,4038.52963200,0.4911
1626495681001000,0,101.03723900,0.4912
1626495691875000,0,101.03724000,0.4910
1626495692888000,0,101.03724000,0.4910
1626495693911000,0,101.03724000,0.4910
1626495696985000,0,101.03723900,0.4910
1626495698020000,0,101.03724000,0.4910
1626495699027000,0,101.03723900,0.4910
1626495700048000,0,101.03724000,0.4911
1626495701071000,0,101.03723900,0.4913
1626495804594000,0,97.77136700,0.4900
1626495840262000,0,100.80234595,0.4897
1626495906113000,0,61.06621600,0.4894
1626495933198000,0,138.35000000,0.4900
1626496002615000,0,397.41675700,0.4907
1626496117878000,0,101.16493600,0.4907
1626496342565000,0,4309.64495400,0.4915
1626496373980000,0,568.43053577,0.4916
1626496493006000,1,193.00000000,0.4918
1626496515916000,0,42.43886200,0.4913
1626496551906000,0,4039.10483900,0.4916
1626496684808000,0,405.11252000,0.4921
1626496718793000,1,15415.57140000,0.4915
1626496784200000,0,1118.34277400,0.4930
1626496833964000,0,80.60824100,0.4924
1626496919993000,0,200.00000000,0.4919
1626496955606000,0,303.18955400,0.4921
1626496965244000,0,201.63523100,0.4923
1626497112667000,0,102.84838800,0.4919
1626497163579000,0,65.78947368,0.4915
1626497176258000,0,97.81838900,0.4916
1626497246529000,0,18550.00000000,0.4911
1626497313609000,0,207.06773500,0.4917
1626497314584000,0,202.02101100,0.4918
1626497315686000,0,202.02101100,0.4918
1626497316660000,0,202.02101100,0.4918
1626497317703000,0,202.02101000,0.4918
1626497319733000,0,202.02101000,0.4919
1626497320760000,0,202.02101100,0.4919
1626497321779000,0,202.02101000,0.4919
1626497322818000,0,202.02101100,0.4919
1626497440793000,0,201.87309100,0.4917
1626497485647000,0,17200.00000000,0.4919
1626497640935000,0,100.95829866,0.4928
1626497718629000,0,456.28253100,0.4923
1626497722781000,0,1009.71344300,0.4923
1626497878806000,1,1800.00000000,0.4917
1626497921133000,0,252.15985000,0.4921
1626497922169000,0,252.15985000,0.4920
1626497923182000,0,252.15985000,0.4920
1626497924196000,0,40.92385000,0.4920
1626497924196000,0,211.23600000,0.4920
1626497925256000,0,252.15985000,0.4921
1626497926280000,0,252.15985100,0.4921
1626497927269000,0,252.15985000,0.4921
1626497928350000,0,252.15985100,0.4921
1626498191125000,0,92.00000000,0.4930
1626498330959000,0,0.52838271,0.4930
1626498331029000,0,1017.92001000,0.4933
1626498331035000,0,0.00000895,0.4933
1626498360141000,0,15550.00000000,0.4936
1626498480326000,0,619.71641995,0.4934
1626498684529000,0,4299.76020000,0.4930
1626498720340000,0,60.17749321,0.4935
1626498743052000,0,891.34900348,0.4937
1626498774369000,0,502.65847600,0.4937
1626498781416000,0,201.07535000,0.4937
1626498815778000,1,8040.71534000,0.4934
1626498819646000,0,1005.23549900,0.4936
1626498846368000,0,891.59171765,0.4936
1626498905784000,0,1004.25887100,0.4942
1626499004528000,1,732.88168400,0.4945
1626499027841000,1,1490.70665800,0.4945
1626499096932000,0,579.97568610,0.4952
1626499097088000,0,7520.02431390,0.4952
1626499097088000,0,4281.51758403,0.4953
1626499097088000,0,8555.89470000,0.4953
1626499097088000,0,12841.06640000,0.4953
1626499097088000,0,250.00000000,0.4954
1626499097088000,0,2019.69249302,0.4955
1626499097088000,0,12194.86939532,0.4955
1626499097088000,0,8561.24043773,0.4955
1626499097088000,0,5048.99545186,0.4955
1626499097088000,0,12844.96471848,0.4956
1626499097088000,0,10285.11685249,0.4956
1626499097088000,0,18300.00000000,0.4956
1626499097088000,0,17095.48599108,0.4956
1626499101466000,1,7611.41872000,0.4947
1626499220617000,1,9000.00000000,0.4946
1626499278174000,0,4283.94159459,0.4949
1626499282287000,0,5000.00000000,0.4959
1626499284141000,1,3000.00000000,0.4957
1626499300935000,1,71.60000000,0.4951
1626499301085000,1,12028.40000000,0.4951
1626499319772000,1,15308.51270000,0.4949
1626499320263000,1,5500.00000000,0.4946
1626499320319000,1,2600.00000000,0.4946
1626499682363000,0,4281.99106000,0.4951
1626499757063000,0,60.12131200,0.4951
1626499816200000,1,368.45990000,0.4951
1626499830218000,0,60.26315258,0.4953
1626499926632000,1,66.47808300,0.4950
1626499951574000,0,4278.69179000,0.4954
1626499963907000,0,305.12713400,0.4956
1626500016997000,0,4278.57100000,0.4955
1626500131449000,1,9606.85270000,0.4957
1626500160278000,0,94.05073619,0.4958
1626500247345000,0,4277.74434000,0.4956
1626500273037000,0,200.31269900,0.4954
1626500299717000,0,119.16348300,0.4954
1626500367447000,1,500.00000000,0.4952
1626500367529000,1,1517.75990000,0.4952
1626500400323000,1,411.54529357,0.4950
1626500524601000,0,4284.23516000,0.4948
1626500548827000,0,4283.71502731,0.4949
1626500603418000,0,4281.10781000,0.4952
1626500615209000,0,0.00000039,0.4952
1626500615209000,0,1002.19049961,0.4953
1626500649051000,1,438.74000000,0.4945
1626500665866000,0,127.61000000,0.4950
1626500696623000,0,266.62158000,0.4951
1626500697699000,0,266.62158000,0.4952
1626500699701000,0,266.62158000,0.4952
1626500701838000,0,266.62157900,0.4952
1626500702872000,0,266.62158000,0.4952
1626500703881000,0,266.62157900,0.4952
1626500704906000,0,266.62158000,0.4952
1626500705924000,0,266.62157900,0.4952
1626500800386000,1,337.60000000,0.4944
1626500805679000,0,4285.75220000,0.4947
1626500805691000,0,0.00002590,0.4947
1626500828601000,0,200.53529100,0.4950
1626500896501000,1,5500.00000000,0.4945
1626500896770000,1,2021.16140000,0.4944
1626500904070000,0,4288.78122964,0.4944
1626500961366000,0,346.44694872,0.4947
1626501038656000,0,195.63000000,0.4951
1626501060177000,0,286.11653000,0.4951
1626501063886000,1,485.00000000,0.4948
1626501129970000,1,125.00000000,0.4948
1626501136502000,0,5785.29170000,0.4952
1626501136589000,0,3500.00000000,0.4952
1626501136589000,0,71.60000000,0.4952
1626501240374000,1,1293.11120762,0.4948
1626501246032000,0,50.68560000,0.4950
1626501325048000,0,1.03440000,0.4950
1626501325048000,0,48.96560000,0.4954
1626501354588000,1,145.00000000,0.4958
1626501360384000,0,199.85465116,0.4960
1626501464874000,1,2035.27700700,0.4948
1626501474735000,1,5809.85057650,0.4948
1626501504178000,0,199.99999400,0.4952
1626501508252000,0,200.45429200,0.4952
1626501512338000,0,200.45429200,0.4950
1626501513340000,0,200.45429200,0.4950
1626501514356000,0,200.45429200,0.4950
1626501661179000,1,2017.43405000,0.4952
1626501665944000,1,100.00000000,0.4949
1626501670661000,0,80.66000000,0.4955
1626501683168000,1,12428.16822000,0.4951
1626501747428000,1,9655.19870000,0.4937
1626501793962000,1,3023.53942000,0.4936
1626501794011000,1,0.00000144,0.4936
1626501828126000,0,407.39185200,0.4940
1626501885129000,0,301.30211500,0.4940
1626501944882000,1,3375.65961000,0.4944
1626501949076000,1,120.00000000,0.4942
1626501959478000,0,1069.90700600,0.4945
1626501960305000,1,226.69323424,0.4942
1626502043287000,0,579.49127300,0.4951
1626502047249000,0,100.30412300,0.4951
1626502060358000,1,70.00000000,0.4943
1626502144087000,1,370.39073500,0.4950
1626502172473000,1,245.16631000,0.4951
1626502281586000,0,70.03935800,0.4955
1626502383247000,0,1800.41885947,0.4956
1626502442692000,1,83.37696400,0.4949
1626502459393000,0,324.30862200,0.4956
1626502497118000,0,7775.69137000,0.4956
1626502510346000,1,8000.00000000,0.4954
1626502560298000,1,2017.83301658,0.4952
1626502560298000,1,1263.69037705,0.4952
1626502563564000,1,120.00000000,0.4952
1626502586005000,0,1222.13198748,0.4954
1626502727799000,1,9613.26040000,0.4956
1626502727799000,1,14417.68750000,0.4956
1626502732110000,1,650.81038518,0.4956
1626502766098000,0,200.09241300,0.4961
1626502880545000,0,100.04530000,0.4961
1626502888569000,0,200.09060100,0.4961
1626502916535000,0,95.29736269,0.4960
1626502923533000,1,78.20147000,0.4956
1626502955388000,0,95.28007257,0.4960
1626503034450000,0,401.07805320,0.4962
1626503040316000,0,520.89253667,0.4962
1626503128012000,0,4279.62896290,0.4954
1626503243423000,0,2000.00000000,0.4960
1626503272568000,0,199.98496200,0.4962
1626503273281000,1,87.37111400,0.4959
1626503285750000,0,62.10133600,0.4962
1626503330061000,0,59.99210700,0.4963
1626503357894000,1,1534.49350284,0.4959
1626503391794000,1,101.57571800,0.4961
1626503413423000,0,45.02120000,0.4967
1626503413931000,0,4.97880000,0.4967
1626503429360000,0,255.21038300,0.4972
1626503447581000,0,937.28943606,0.4967
1626503447902000,1,120.00000000,0.4964
1626503533686000,0,11725.40569443,0.4971
1626503533686000,0,4264.42879990,0.4972
1626503533686000,0,3761.48444277,0.4972
1626503534743000,0,3149.00000000,0.4975
1626503535404000,0,619.90476190,0.4975
1626503580349000,1,12428.16822672,0.4973
1626503605803000,1,2179.68556000,0.4971
1626503630051000,1,651.00000000,0.4971
1626503657014000,0,1022.58306700,0.4974
1626503666397000,1,9219.85210000,0.4970
1626503699080000,1,81.34110300,0.4966
1626503733633000,0,99.94053400,0.4968
1626503760312000,0,71.81981995,0.4966
1626503778794000,0,195.02000000,0.4966
1626503786996000,0,1327.18357500,0.4965
1626503807027000,1,13837.42789999,0.4959
1626503823353000,0,400.18927000,0.4965
1626503928876000,0,2009.69587600,0.4963
1626503973695000,0,199.98578000,0.4963
1626504022193000,1,50.00000000,0.4965
1626504042611000,1,120.00000000,0.4966
1626504049495000,0,670.04708438,0.4970
1626504053040000,1,259.00000000,0.4967
1626504071062000,0,200.00000000,0.4969
1626504098492000,0,84.85678100,0.4970
1626504112977000,0,476.46444000,0.4970
1626504125925000,1,3000.00000000,0.4967
1626504363154000,0,59.90641300,0.4971
1626504442897000,0,998.29963300,0.4971
1626504454242000,0,99.82996300,0.4971
1626504454809000,1,49.00000000,0.4967
1626504495231000,1,96.13352000,0.4968
1626504553127000,0,311.99300300,0.4976
1626504626136000,1,463.00000000,0.4964
1626504636535000,1,120.00000000,0.4964
1626504691382000,1,13855.97110000,0.4964
1626504720323000,0,250.99321319,0.4965
1626504781000000,0,8872.32895000,0.4964
1626504901027000,1,86.43134000,0.4964
1626504909709000,0,200.28092543,0.4968
1626505070825000,1,8100.00000000,0.4966
1626505070825000,1,12988.06908339,0.4966
1626505105971000,0,247.92098746,0.4971
1626505186955000,1,210.00000000,0.4970
1626505260771000,0,4272.90438000,0.4962
1626505264611000,0,0.00000532,0.4962
1626505264611000,0,250.00740668,0.4964
1626505284033000,0,8099.99999999,0.4965
1626505284042000,0,0.00000001,0.4965
1626505284042000,0,4270.31480556,0.4966
1626505284042000,0,12809.60530000,0.4966
1626505284042000,0,2513.47889443,0.4966
1626505381427000,0,119.93468000,0.4965
1626505397578000,0,1004.45613081,0.4966
1626505440314000,0,199.34357570,0.4963
1626505476763000,0,898.02102783,0.4960
1626505476763000,0,5131.95992417,0.4960
1626505513245000,0,7902.82805511,0.4964
1626505562404000,1,120.00000000,0.4959
1626505568792000,0,400.01185900,0.4962
1626505611595000,0,399.76213900,0.4966
1626505680377000,0,398.71123640,0.4965
1626505754901000,0,1216.92783339,0.4961
1626505757938000,0,999.66020200,0.4962
1626505760437000,0,195.17000000,0.4962
1626505794952000,0,120.02734100,0.4962
1626505795960000,0,100.02513600,0.4962
1626505797001000,0,100.02513600,0.4962
1626505798016000,0,100.02513600,0.4962
1626505799038000,0,100.02513600,0.4962
1626505800052000,0,100.02513700,0.4961
1626505801069000,0,100.02513600,0.4960
1626505802098000,0,100.02513700,0.4960
1626505803114000,0,100.02513600,0.4960
1626505804134000,0,100.02513700,0.4960
1626505814983000,1,1159.96000000,0.4957
1626505816702000,0,100.05336800,0.4960
1626505855551000,0,219.38434600,0.4960
1626505868842000,0,952.97366723,0.4960
1626505881105000,0,60.03807300,0.4959
1626505897741000,0,70.29591000,0.4957
1626505910534000,0,190.80247063,0.4954
1626506007101000,0,4278.28755000,0.4956
1626506012823000,1,333.17001900,0.4956
1626506116659000,1,74.75000000,0.4942
1626506145373000,0,218.86796100,0.4945
1626506160334000,0,8100.00000000,0.4945
1626506160334000,0,1918.42747627,0.4945
1626506167137000,1,120.00000000,0.4940
1626506188610000,0,3009.79287100,0.4946
1626506220627000,1,3650.00000000,0.4940
1626506227560000,0,100.35077300,0.4944
1626506233281000,0,1207.33468826,0.4945
1626506263987000,0,250.93274700,0.4945
1626506270887000,1,737.25356737,0.4940
1626506307679000,0,8575.78120000,0.4945
1626506338633000,1,450.15000000,0.4943
1626506379006000,1,1000.00000000,0.4948
1626506420692000,0,100.00000000,0.4947
1626506439810000,1,300.00000000,0.4943
1626506484916000,0,1985.54008600,0.4950
1626506538991000,0,200.45429200,0.4952
1626506617079000,0,120.25112200,0.4952
1626506709506000,0,425.79154411,0.4949
1626506727391000,0,8100.00000000,0.4950
1626506751351000,1,200.00000000,0.4947
1626506754836000,1,2408.43120000,0.4947
1626506771755000,1,550.00000000,0.4948
1626506853280000,0,1000.00000000,0.4945
1626506893203000,1,71.60000000,0.4940
1626506893315000,1,474.93657746,0.4940
1626506937988000,0,120.53590700,0.4940
1626506977530000,1,12428.16822672,0.4931
1626506977530000,1,10692.55644161,0.4931
1626506977530000,1,2737.29912537,0.4930
1626507124665000,1,140.00000000,0.4936
1626507144920000,1,357.78058000,0.4937
1626507231548000,0,4146.44165985,0.4942
1626507270289000,0,95.58645795,0.4945
1626507318964000,0,6500.00000000,0.4938
1626507350883000,0,1004.78774200,0.4939
1626507360255000,0,1998.73176184,0.4939
1626507492196000,1,14638.46060000,0.4938
1626507600276000,1,305.82991639,0.4934
1626507612760000,0,12428.00000000,0.4939
1626507627021000,1,2000.00000000,0.4939
1626507708362000,1,133.58603000,0.4941
1626507810436000,0,95.60579334,0.4944
1626507863343000,0,471.38000000,0.4945
1626507967196000,0,120.41321800,0.4945
1626507985286000,0,100.35280200,0.4944
1626508041253000,0,842.24449100,0.4942
1626508145511000,0,3789.42069000,0.4950
1626508151265000,1,1234.00000000,0.4950
1626508151277000,1,202.00000000,0.4950
1626508151439000,1,202.00000000,0.4950
1626508151684000,1,1234.00000000,0.4950
1626508151738000,1,202.00000000,0.4950
1626508151954000,1,1213.00000000,0.4950
1626508151992000,1,202.00000000,0.4950
1626508152183000,1,789.00000000,0.4950
1626508152270000,1,202.00000000,0.4950
1626508152597000,1,303.00000000,0.4950
1626508152635000,1,202.00000000,0.4950
1626508153510000,1,81.00000000,0.4950
1626508164958000,0,180.43896100,0.4950
1626508200261000,0,2000.44454323,0.4949
1626508216795000,1,9528.90910000,0.4946
1626508341870000,0,401.63048900,0.4942
1626508402745000,1,3300.00000000,0.4939
1626508403987000,1,1788.70704600,0.4939
1626508412867000,0,1004.23876600,0.4941
1626508440567000,0,100.44013600,0.4941
1626508520782000,1,200.00000000,0.4940
1626508663220000,0,2199.59316900,0.4946
1626508699793000,1,5215.78285200,0.4939
1626508786171000,0,308.77283200,0.4944
1626508797975000,1,1574.91461085,0.4939
1626508797975000,1,6066.96843514,0.4939
1626508832975000,0,106.48468100,0.4938
1626508847806000,0,1005.05227800,0.4938
1626508852305000,0,2000.00000000,0.4937
1626508866111000,1,3463.45614436,0.4934
1626508867612000,1,8100.00000000,0.4934
1626508887943000,0,328.69433700,0.4939
1626508898345000,0,76.23189200,0.4939
1626508901412000,1,151.38979490,0.4931
1626508902011000,1,8100.00000000,0.4930
1626508981041000,0,4307.14826000,0.4923
1626508981097000,1,260.01295294,0.4918
1626509009784000,1,149.75000000,0.4921
1626509024177000,0,3023.38597000,0.4922
1626509030165000,1,1530.69723432,0.4916
1626509030165000,1,3887.80000000,0.4916
1626509030165000,1,18933.58136478,0.4916
1626509030576000,1,1530.00000000,0.4916
1626509030592000,1,0.69101146,0.4916
1626509040380000,0,1005.32109346,0.4919
1626509103824000,0,4312.00357000,0.4917
1626509134592000,0,1028.09657200,0.4923
1626509165480000,0,2000.00000000,0.4918
1626509184341000,0,98.48000000,0.4916
1626509210900000,1,50.00000000,0.4911
1626509214140000,1,12428.00000000,0.4909
1626509214140000,1,3887.80000000,0.4909
1626509214140000,1,7248.79561360,0.4909
1626509216719000,0,260.48516100,0.4911
1626509327927000,0,120.18238300,0.4915
1626509346334000,1,3887.80000000,0.4896
1626509347127000,1,568.43053577,0.4894
1626509347176000,1,579.97568610,0.4894
1626509348258000,1,7086.54038526,0.4894
1626509348258000,1,10156.93500712,0.4894
1626509348525000,1,1866.16838575,0.4894
1626509406388000,0,12428.16822672,0.4900
1626509407270000,1,6604.25532000,0.4897
1626509455257000,1,281.64242500,0.4896
1626509477108000,0,202.59831900,0.4900
1626509530685000,0,22663.87000000,0.4894
1626509626174000,1,77.33478300,0.4889
1626509667366000,0,200.00000000,0.4897
1626509706153000,0,7808.47733000,0.4898
1626509706216000,0,0.00000300,0.4898
1626509710014000,0,59.30000000,0.4899
1626509737075000,0,101.24336200,0.4907
1626510007728000,0,121.26073400,0.4911
1626510054599000,0,73.79362200,0.4917
1626510084678000,0,500.00000000,0.4916
1626510294499000,0,100.00000000,0.4914
1626510294577000,0,1020.46253866,0.4914
1626510315880000,0,59.08000000,0.4917
1626510320302000,1,276.45000000,0.4913
1626510330645000,0,71.60000000,0.4913
1626510330656000,0,2202.35876288,0.4913
1626510360300000,0,100.70800782,0.4920
1626510361427000,1,320.00000000,0.4916
1626510431990000,0,2018.57659300,0.4916
1626510433059000,0,2018.57659300,0.4917
1626510434011000,0,2018.57659300,0.4917
1626510435035000,0,2018.57659300,0.4917
1626510436053000,0,2018.57659300,0.4917
1626510437084000,0,25.69362800,0.4917
1626510437084000,0,1992.88296500,0.4917
1626510438079000,0,2018.57659400,0.4917
1626510439108000,0,2018.57659300,0.4917
1626510440096000,0,2018.57659400,0.4917
1626510441119000,0,2018.57659300,0.4917
1626510465946000,0,50.00000000,0.4916
1626510480363000,1,500.00000000,0.4912
1626510520887000,1,3000.00000000,0.4908
1626510565789000,0,101.03106800,0.4912
1626510671147000,0,247.02659000,0.4909
1626510720280000,1,492.99842639,0.4903
1626510862714000,1,42.08823300,0.4915
1626510862804000,1,132.48070200,0.4915
1626510913516000,0,524.30322200,0.4918
1626510937385000,0,536.81132957,0.4918
1626510960281000,0,102.74223034,0.4915
1626511006494000,0,4314.08729000,0.4914
1626511017075000,0,504.98057900,0.4916
1626511102711000,1,734.40101600,0.4925
1626511162785000,1,3742.30000000,0.4943
1626511168482000,1,3795.10000000,0.4941
1626511169801000,1,6047.29320000,0.4940
1626511169977000,1,3795.10000000,0.4939
1626511170862000,0,1272.88341324,0.4943
1626511172653000,1,9790.78110000,0.4938
1626511175810000,1,300.00000000,0.4939
1626511180959000,0,2999.99999999,0.4950
1626511183814000,1,3914.11890000,0.4948
1626511183869000,1,6000.00000000,0.4948
1626511183925000,1,4625.09120000,0.4948
1626511186030000,1,14450.82910000,0.4948
1626511186942000,1,12000.00000000,0.4947
1626511187001000,1,2443.94880000,0.4947
1626511192166000,1,3500.00000000,0.4943
1626511192338000,1,7500.00000000,0.4943
1626511200332000,1,822.79233146,0.4949
1626511200625000,1,4000.00000000,0.4949
1626511200678000,1,8500.00000000,0.4949
1626511202206000,1,986.57816000,0.4949
1626511202774000,1,11000.00000000,0.4949
1626511211652000,1,14216.53100000,0.4948
1626511215115000,0,0.00000430,0.4950
1626511230028000,1,14049.05100000,0.4963
1626511232101000,1,4227.97074000,0.4964
1626511232172000,1,6000.00000000,0.4964
1626511232228000,1,3622.32256000,0.4964
1626511232684000,1,7500.00000000,0.4964
1626511232737000,1,6353.08480000,0.4964
1626511232872000,1,5524.59264000,0.4964
1626511234905000,0,1160.22949999,0.4970
1626511238647000,1,5500.00000000,0.4969
1626511238701000,1,2600.00000000,0.4969
1626511238904000,1,8100.00000000,0.4967
1626511241358000,1,13609.24360000,0.4970
1626511243162000,1,6190.75640000,0.4972
1626511250569000,1,8100.00000000,0.4978
1626511250835000,1,3795.10000000,0.4977
1626511251051000,1,3795.10000000,0.4976
1626511251434000,1,2585.77502000,0.4977
1626511251538000,1,5514.22498000,0.4977
1626511251558000,1,71.60000000,0.4977
1626511251592000,1,2514.17502000,0.4977
1626511252239000,1,6195.62498000,0.4975
1626511252462000,1,32595.62498000,0.4975
1626511252519000,1,11757.37502000,0.4975
1626511252519000,1,742.62498000,0.4975
1626511254477000,1,3000.00000000,0.4971
1626511258707000,1,6000.00000000,0.4971
1626511258760000,1,2100.00000000,0.4971
1626511259060000,1,3000.00000000,0.4970
1626511259060000,1,795.10000000,0.4970
1626511259319000,1,2204.90000000,0.4970
1626511261936000,1,4309.80000000,0.4961
1626511261936000,1,500.00000000,0.4961
1626511262344000,1,500.00000000,0.4961
1626511263060000,1,6500.00000000,0.4959
1626511263115000,1,8100.00000000,0.4959
1626511276656000,1,4500.00000000,0.4960
1626511276717000,1,3600.00000000,0.4960
1626511292077000,1,8500.00000000,0.4966
1626511292161000,1,4751.47220000,0.4966
1626511302409000,1,1848.09857600,0.4968
1626511303994000,0,3000.00000000,0.4973
1626511312927000,0,3000.00000000,0.4978
1626511314479000,1,4043.10282000,0.4977
1626511316445000,1,4000.00000000,0.4972
1626511320392000,0,199.46004754,0.4979
1626511324676000,1,13087.06900000,0.4976
1626511325347000,1,13086.21920000,0.4975
1626511325557000,0,3000.00000000,0.4979
1626511329233000,1,3000.00000000,0.4977
1626511337321000,1,1908.56599000,0.4978
1626511338494000,1,1908.56599000,0.4976
1626511340539000,1,1908.56599000,0.4973
1626511341073000,1,1892.20171000,0.4971
1626511343228000,1,1892.20171055,0.4967
1626511346973000,1,3816.61041000,0.4974
1626511347027000,1,4283.38959000,0.4974
1626511347364000,1,1865.02971000,0.4977
1626511347505000,1,13134.97029000,0.4977
1626511348115000,1,4043.20000000,0.4971
1626511348203000,1,4056.80000000,0.4972
1626511348703000,1,4043.20000000,0.4970
1626511352192000,1,1868.18919000,0.4967
1626511357170000,1,4705.22122000,0.4968
1626511360126000,0,500.00000000,0.4975
1626511363342000,1,13091.86970000,0.4973
1626511409505000,0,787.34955913,0.4968
1626511409505000,0,212.65044087,0.4968
1626511447313000,0,175.93975300,0.4969
1626511452163000,0,1078.36484556,0.4971
1626511459106000,0,2500.00000000,0.4975
1626511464528000,1,1868.78955000,0.4974
1626511465289000,1,0.00000887,0.4974
1626511465289000,1,3004.39325971,0.4973
1626511465732000,1,1667.40648000,0.4973
1626511469104000,1,4594.91965896,0.4970
1626511469104000,1,905.08034104,0.4970
1626511469161000,1,932.72025000,0.4970
1626511489722000,1,1807.47200000,0.4970
1626511489932000,1,440.00000000,0.4970
1626511493058000,1,4594.91965000,0.4967
1626511501165000,1,6596.82237000,0.4969
1626511516108000,1,1775.11053000,0.4973
1626511520804000,1,4030.51500000,0.4976
1626511526410000,0,125.32353138,0.4985
1626511526410000,0,376.76279341,0.4985
1626511526410000,0,504.20441909,0.4985
1626511526410000,0,631.99177038,0.4985
1626511526410000,0,760.24458614,0.4985
1626511526410000,0,889.00501616,0.4985
1626511526410000,0,1018.29311944,0.4985
1626511526410000,0,1148.12068706,0.4985
1626511526410000,0,1278.49584671,0.4985
1626511526410000,0,1409.42490498,0.4985
1626511526410000,0,1540.91318526,0.4985
1626511526410000,0,1672.96544704,0.4985
1626511526410000,0,1805.58611188,0.4985
1626511526410000,0,1938.77939272,0.4985
1626511526410000,0,2072.54937159,0.4985
1626511526410000,0,2206.90004817,0.4985
1626511526410000,0,2341.83537145,0.4985
1626511526410000,0,2477.35926074,0.4985
1626511526410000,0,2613.47562021,0.4985
1626511526410000,0,2750.18834908,0.4985
1626511526410000,0,2887.50134897,0.4985
1626511526410000,0,3025.41852927,0.4985
1626511526410000,0,3163.94381116,0.4985
1626511526410000,0,3303.08113069,0.4985
1626511526410000,0,3102.99164702,0.4985
1626511529297000,1,13000.00000000,0.4981
1626511529613000,1,100.00000000,0.4981
1626511535757000,1,4246.71018000,0.4980
1626511535987000,1,0.00000177,0.4980
1626511543803000,1,4030.51500000,0.4979
1626511543803000,1,218.42633000,0.4979
1626511544532000,0,0.00121553,0.4985
1626511544892000,0,91.78771800,0.4990
1626511545222000,1,4098.72296000,0.4983
1626511546173000,1,147.03637000,0.4983
1626511549199000,1,0.00000304,0.4983
1626511549199000,1,3352.96362696,0.4983
1626511549260000,1,892.79570000,0.4983
1626511549588000,1,0.00000608,0.4983
1626511549588000,1,4236.59999392,0.4982
1626511552031000,1,3870.60430000,0.4983
1626511552091000,1,375.30381000,0.4983
1626511552275000,1,0.00000777,0.4983
1626511552275000,1,4236.59999223,0.4982
1626511553188000,1,6500.00000000,0.4980
1626511553249000,1,3500.00000000,0.4981
1626511553317000,1,5388.09619000,0.4980
1626511553378000,1,9361.90381000,0.4980
1626511554973000,1,4247.55764000,0.4981
1626511556171000,1,0.00000877,0.4981
1626511556171000,1,4249.03534123,0.4980
1626511560315000,0,2545.06902470,0.4982
1626511561796000,0,189.81397590,0.4980
1626511561849000,1,0.00001595,0.4980
1626511568632000,1,472.54200000,0.4971
1626511571981000,1,500.00000000,0.4976
1626511589420000,0,400.90248754,0.4977
1626511600802000,0,3000.00000000,0.4980
1626511620183000,1,3000.00000000,0.4976
1626511640460000,0,99.98842373,0.4976
1626511673912000,0,3106.27824400,0.4979
1626511680328000,0,173.45147198,0.4981
1626511693246000,1,3730.20000000,0.4976
1626511693328000,1,500.00000000,0.4976
1626511693537000,1,1908.12617000,0.4975
1626511694313000,1,4000.00000000,0.4975
1626511696201000,1,4003.17703000,0.4974
1626511696375000,1,500.00000000,0.4974
1626511730356000,1,4253.36621000,0.4975
1626511731095000,1,0.00000739,0.4975
1626511746651000,1,4252.54604000,0.4975
1626511756081000,1,0.00000204,0.4975
1626511756081000,1,5499.99999796,0.4973
1626511756150000,1,3500.00000000,0.4973
1626511756215000,1,8000.00000000,0.4973
1626511763505000,0,218.36386900,0.4977
1626511789120000,0,11605.75413442,0.4977
1626511797051000,1,4255.37603000,0.4972
1626511799275000,0,7938.00000000,0.4976
1626511808044000,1,0.00000993,0.4972
1626511808044000,1,499.99999006,0.4969
1626511824679000,0,34668.20560000,0.4975
1626511824886000,0,200.66599110,0.4975
1626511830390000,1,4257.14445829,0.4971
1626511844648000,1,0.00000001,0.4971
1626511844648000,1,499.99999998,0.4968
1626511857593000,1,8100.00000000,0.4966
1626511921619000,1,251.00000000,0.4963
1626511999928000,0,8100.00000000,0.4969
1626511999928000,0,1482.69734200,0.4970
1626512007892000,0,847.82228800,0.4970
1626512028627000,1,4260.91450000,0.4969
1626512040281000,0,4497.76662519,0.4966
1626512040281000,0,710.40220779,0.4966
1626512049893000,0,696.19415600,0.4966
1626512160291000,0,59.74834613,0.4963
1626512182903000,0,605.77396800,0.4964
1626512250116000,0,120.06243000,0.4958
1626512280334000,0,600.33845720,0.4957
1626512287777000,0,1001.11900600,0.4957
1626512347201000,0,793.80000000,0.4956
1626512382238000,0,558.60000000,0.4953
1626512392528000,0,7938.00000000,0.4955
1626512392547000,0,162.00000000,0.4955
1626512395724000,0,1776.54400000,0.4955
1626512403510000,0,110.18552900,0.4955
1626512405312000,0,619.83667000,0.4955
1626512405331000,0,0.00000100,0.4955
1626512419483000,1,3730.20000000,0.4952
1626512430079000,0,400.24575100,0.4950
1626512445231000,0,87.12200000,0.4947
1626512450966000,1,1166.01840000,0.4942
1626512477710000,0,95.56133362,0.4946
1626512482046000,0,2940.00000000,0.4948
1626512510797000,0,100.00000000,0.4943
1626512515113000,1,69.30967600,0.4939
1626512535490000,1,69.19505400,0.4940
1626512545157000,0,48.31400000,0.4944
1626512568826000,1,1140.66872000,0.4943
1626512585883000,1,189.00000000,0.4941
1626512741269000,0,245.00000000,0.4936
1626512747283000,0,123.48000000,0.4937
1626512771803000,0,12339.10050000,0.4946
1626512771859000,0,19400.00000000,0.4946
1626512937192000,0,71.54000000,0.4945
1626512947163000,0,100.37309900,0.4945
1626512988458000,1,297.95000000,0.4941
1626513026241000,0,2039.38000000,0.4945
1626513050674000,0,391.20403200,0.4950
1626513065541000,0,7938.00000000,0.4951
1626513235365000,0,3000.00000000,0.4964
1626513235365000,0,211.98290843,0.4964
1626513280132000,0,312.64288300,0.4966
1626513281159000,0,312.64288300,0.4966
1626513282193000,0,312.64288300,0.4966
1626513283233000,0,312.64288300,0.4966
1626513284221000,0,312.64288400,0.4966
1626513285242000,0,312.64288300,0.4966
1626513286270000,0,312.64288400,0.4965
1626513287277000,0,312.64288300,0.4964
1626513288324000,0,312.64288400,0.4964
1626513289320000,0,312.64288300,0.4964
1626513316905000,1,1048.46954195,0.4960
1626513328216000,0,7938.00000000,0.4960
1626513373990000,0,140.08883700,0.4958
1626513379940000,0,620.00000000,0.4954
1626513379940000,0,6339.49454845,0.4956
1626513380041000,0,101.13600000,0.4956
1626513415965000,0,500.00000000,0.4956
1626513474816000,0,10787.54298000,0.4955
1626513474856000,0,24372.45314199,0.4955
1626513474896000,0,5307.27120471,0.4955
1626513519924000,0,200.47647734,0.4963
1626513631316000,1,193.00000000,0.4953
1626513659707000,1,13680.20690000,0.4960
1626513661276000,1,13611.44130000,0.4960
1626513662252000,1,8015.62300000,0.4959
1626513662413000,1,5565.19820000,0.4959
1626513663273000,1,10000.00000000,0.4959
1626513663327000,1,3584.00670000,0.4959
1626513664034000,1,7000.00000000,0.4959
1626513675002000,1,13453.56910000,0.4958
1626513821474000,0,2006.24119500,0.4956
1626513910626000,0,4276.00000000,0.4958
1626513932253000,0,1095.00000000,0.4966
1626513932779000,1,13726.53670000,0.4964
1626513933269000,0,1734.00000000,0.4964
1626513938617000,0,200.00000000,0.4967
1626513946941000,1,13666.20770000,0.4963
1626513956569000,0,8100.00000000,0.4962
1626514003060000,0,431.00000000,0.4962
1626514007665000,0,6270.00000000,0.4964
1626514037005000,1,13554.33030000,0.4960
1626514044966000,0,4429.00000000,0.4962
1626514055240000,0,6568.00000000,0.4963
1626514055260000,0,205.00000000,0.4963
1626514055303000,0,1327.00000000,0.4963
1626514074370000,1,13355.70459999,0.4962
1626514074379000,1,0.00000001,0.4962
1626514074639000,1,13355.98180000,0.4961
1626514097131000,0,586.26167526,0.4961
1626514098135000,0,586.24664687,0.4961
1626514098228000,0,354.76000000,0.4961
1626514107094000,0,4273.94017560,0.4961
1626514107097000,0,8549.01433991,0.4962
1626514107097000,0,4094.10000000,0.4962
1626514107097000,0,15637.24150000,0.4963
1626514107097000,0,18106.82706009,0.4963
1626514107484000,0,1435.28406000,0.4963
1626514107484000,0,3251.80734000,0.4963
1626514107655000,1,4460.02423026,0.4960
1626514108390000,0,4190.12233773,0.4959
1626514109197000,0,7938.00000000,0.4959
1626514109228000,0,162.00000000,0.4959
1626514119418000,0,3346.99400000,0.4962
1626514127514000,1,565.55054000,0.4958
1626514146497000,0,158.69140000,0.4963
1626514291510000,0,586.03000000,0.4958
1626514293530000,0,79.94611000,0.4957
1626514298593000,0,1020.99763500,0.4956
1626514318333000,1,941.60000000,0.4953
1626514354503000,0,1000.00000000,0.4956
1626514529648000,1,939.77911000,0.4947
1626514534386000,0,100.17454500,0.4950
1626514539739000,1,59.71996000,0.4946
1626514624033000,0,4284.24859000,0.4949
1626514624044000,0,0.00000617,0.4949
1626514640630000,0,100.00000000,0.4953
1626514682561000,1,479.17045122,0.4950
1626514701498000,1,535.69455400,0.4949
1626514839473000,0,150.20421100,0.4956
1626514933375000,1,161.00000000,0.4950
1626514978164000,0,224.16602800,0.4951
1626515030675000,0,330.87391200,0.4947
1626515039674000,1,355.00000000,0.4944
1626515067325000,0,2005.71763200,0.4946
1626515094081000,1,58.20000000,0.4942
1626515145680000,1,143.21313000,0.4936
1626515160259000,0,67.36864398,0.4940
1626515166487000,1,190.00000000,0.4936
1626515293998000,0,132.80212483,0.4944
1626515417790000,1,42.86184300,0.4935
1626515496982000,0,201.40581300,0.4940
1626515510519000,1,63.79589000,0.4936
1626515562928000,0,803.56988000,0.4940
1626515659938000,1,400.00000000,0.4934
1626515690377000,1,1046.02939600,0.4933
1626515705275000,0,468.00000000,0.4936
1626515726372000,1,506.52402950,0.4933
1626515851777000,0,2027.08495500,0.4939
1626515902879000,0,200.92500400,0.4941
1626515942912000,0,859.59004300,0.4935
1626515965041000,1,102.57707000,0.4933
1626515993892000,0,100.52151300,0.4940
1626515995291000,1,800.00000000,0.4937
1626516004517000,0,2009.25004000,0.4938
1626516084689000,0,4295.76495895,0.4935
1626516130252000,0,4298.22999000,0.4933
1626516143949000,1,158.00000000,0.4931
1626516150145000,0,0.00000148,0.4933
1626516150145000,0,412.32988852,0.4937
1626516230383000,0,98.00000000,0.4935
1626516250406000,0,200.00000000,0.4934
1626516259928000,0,89.33000000,0.4933
1626516260483000,0,4208.74529000,0.4933
1626516277180000,0,201.11227800,0.4936
1626516345345000,1,154.80818600,0.4929
1626516370229000,0,60.24528800,0.4931
1626516395920000,1,208.00000000,0.4927
1626516400102000,0,860.15195900,0.4929
1626516410701000,0,860.71423300,0.4922
1626516410935000,0,860.71423300,0.4921
1626516411140000,0,860.71423300,0.4921
1626516412561000,1,4295.76495895,0.4917
1626516425726000,1,64.68500000,0.4916
1626516456505000,1,85.75918300,0.4910
1626516456645000,0,202.01689800,0.4914
1626516485229000,0,9500.00000000,0.4920
1626516485274000,0,8400.00000000,0.4920
1626516522976000,0,4316.95057000,0.4911
1626516526741000,0,107.40031700,0.4914
1626516527926000,0,1010.06393600,0.4914
1626516566135000,0,861.86051500,0.4909
1626516588563000,1,3109.49811000,0.4911
1626516590499000,1,0.00000666,0.4911
1626516609603000,0,96.25219941,0.4910
1626516657784000,0,4028.09400000,0.4916
1626516668874000,0,1143.69920000,0.4918
1626516668958000,0,1143.69920000,0.4918
1626516727746000,1,410.63419155,0.4904
1626516736447000,0,862.42390400,0.4903
1626516736845000,1,150.00000000,0.4900
1626516737184000,1,740.00000000,0.4895
1626516748894000,0,300.00000000,0.4902
1626516757130000,0,19465.12733000,0.4897
1626516762822000,1,536.81132957,0.4893
1626516769867000,0,0.00000446,0.4897
1626516769867000,0,45.86092054,0.4902
1626516788309000,0,862.98765100,0.4895
1626516889255000,0,341.39181681,0.4898
1626516936977000,0,151.73812500,0.4908
1626516943169000,1,722.09018300,0.4902
1626516967469000,0,4326.23766000,0.4902
1626516967542000,0,0.00000088,0.4902
1626517027184000,0,4330.03510000,0.4898
1626517063466000,0,337.62410176,0.4899
1626517067789000,0,4110.30000000,0.4901
1626517071302000,1,58.20000000,0.4899
1626517080545000,0,2259.99300491,0.4902
1626517083572000,0,101.20000600,0.4900
1626517086121000,1,109.61000000,0.4894
1626517108220000,0,4110.30000000,0.4896
1626517131555000,0,4110.30000000,0.4896
1626517149911000,1,1577.42287580,0.4891
1626517176741000,1,314.00000000,0.4893
1626517183113000,0,4330.40510482,0.4898
1626517183195000,1,669.59489518,0.4898
1626517208359000,1,8100.00000000,0.4894
1626517208359000,1,62000.00000000,0.4893
1626517208359000,1,386.24685471,0.4892
1626517208359000,1,4330.11969392,0.4892
1626517208359000,1,9832.60976859,0.4891
1626517208359000,1,965.58557589,0.4891
1626517208359000,1,500.00000000,0.4891
1626517208359000,1,4030.51500000,0.4890
1626517208359000,1,12369.96822672,0.4890
1626517208359000,1,8660.37738461,0.4890
1626517208359000,1,8623.44583347,0.4890
1626517211174000,1,926.16352845,0.4892
1626517212912000,0,1000.00000000,0.4898
1626517308485000,0,4000.00000000,0.4907
1626517324833000,1,8100.00000000,0.4901
1626517324833000,1,4322.51431707,0.4900
1626517324833000,1,374.75060152,0.4900
1626517324833000,1,4371.15508141,0.4900
1626517440267000,0,190.41257087,0.4901
1626517450194000,0,61.22448900,0.4899
1626517505442000,1,337.15394569,0.4896
1626517505442000,1,842.95024229,0.4894
1626517505442000,1,4328.17469314,0.4894
1626517505442000,1,2191.91261361,0.4893
1626517505442000,1,500.00000000,0.4893
1626517505442000,1,2697.36630426,0.4893
1626517509918000,1,320.35837331,0.4894
1626517509918000,1,50.24162669,0.4894
1626517526484000,0,101.30329500,0.4898
1626517567082000,0,1088.29043000,0.4897
1626517603860000,1,237.60780000,0.4893
1626517603896000,1,0.00001890,0.4893
1626517603987000,1,634.32890000,0.4892
1626517605439000,1,590.78153672,0.4892
1626517605439000,1,236.31260328,0.4892
1626517609334000,1,148.45382000,0.4892
1626517609454000,1,0.00000724,0.4892
1626517611396000,1,132.17848317,0.4892
1626517611406000,1,0.00000001,0.4892
1626517631470000,1,155.74999000,0.4891
1626517634166000,1,107.75829092,0.4891
1626517634166000,1,123.20180496,0.4891
1626517634166000,1,308.00440412,0.4891
1626517634300000,1,0.00010827,0.4891
1626517635986000,1,102.49371482,0.4889
1626517635986000,1,102.49371482,0.4889
1626517635986000,1,256.23417036,0.4889
1626517635988000,1,0.00011668,0.4889
1626517636126000,0,863.52521300,0.4891
1626517636167000,1,102.49371482,0.4888
1626517636167000,1,100.09482910,0.4888
1626517636167000,1,250.23707276,0.4888
1626517636611000,1,126.89309785,0.4885
1626517636611000,1,100.09482910,0.4885
1626517636611000,1,250.23707276,0.4885
1626517636611000,1,102.49350029,0.4885
1626517637206000,1,0.00021453,0.4885
1626517638621000,1,500.00000000,0.4881
1626517650987000,0,1982.75086100,0.4885
1626517654978000,0,2360.01902000,0.4885
1626517659208000,0,0.00000317,0.4885
1626517659208000,0,71.59999683,0.4887
1626517675550000,0,4110.30000000,0.4888
1626517680350000,0,2023.13555533,0.4889
1626517683905000,0,121.86578400,0.4889
1626517688582000,0,4338.84904045,0.4889
1626517688584000,0,4110.30000000,0.4889
1626517688594000,0,10092.75431652,0.4890
1626517688594000,0,14319.21294878,0.4890
1626517699065000,0,203.03762400,0.4892
1626517731552000,0,4110.30000000,0.4896
1626517793007000,0,405.56916900,0.4895
1626517893734000,1,80.06570000,0.4897
1626517922140000,1,219.69191150,0.4896
1626517926187000,0,70.85011700,0.4901
1626517946018000,0,773.37517900,0.4903
1626517957970000,0,278.54445713,0.4904
1626517976433000,0,1146.10005600,0.4902
1626517976518000,0,1146.10005600,0.4902
1626517976600000,0,1146.10005600,0.4902
1626517991834000,0,202.44955300,0.4901
1626518011210000,0,50.00000000,0.4900
1626518099264000,1,404.89067014,0.4898
1626518099264000,1,266.10932986,0.4898
1626518179540000,1,399.27741356,0.4893
1626518179540000,1,1731.72258644,0.4893
1626518210002000,0,629.57429300,0.4896
1626518240302000,1,629.00000000,0.4894
1626518243316000,0,121.60242900,0.4899
1626518280313000,0,117.98125815,0.4899
1626518283790000,0,245.50864300,0.4898
1626518382098000,0,74.69570200,0.4901
1626518385282000,0,1023.15896200,0.4902
1626518490869000,1,75.00000000,0.4891
1626518688369000,0,101.26305800,0.4901
1626518766548000,1,149.00000000,0.4891
1626518848277000,1,100.00000000,0.4891
1626518872417000,0,101.47522000,0.4891
1626518880321000,0,7028.99144794,0.4891
1626518896519000,0,4336.59183000,0.4890
1626518896903000,0,0.00000347,0.4890
1626518972619000,0,58.80000000,0.4890
1626519000317000,0,101.22699386,0.4889
1626519041239000,0,50.91724490,0.4885
1626519055331000,1,51.88000000,0.4880
1626519055710000,0,864.20143200,0.4881
1626519068173000,0,91.42472200,0.4882
1626519077205000,0,60.98738900,0.4880
1626519120321000,0,202.71100372,0.4880
1626519132718000,1,382.72150669,0.4877
1626519132736000,1,0.00000001,0.4877
1626519134487000,0,864.76635300,0.4876
1626519159406000,0,4351.26294992,0.4874
1626519159609000,0,4351.26294000,0.4874
1626519202550000,1,51.35100000,0.4874
1626519318477000,0,223.65499500,0.4879
1626519350912000,0,199.47130064,0.4875
1626519358695000,0,170.36483462,0.4877
1626519386156000,0,99.48292800,0.4880
1626519424775000,1,105.00000000,0.4875
1626519491331000,1,50.00000000,0.4874
1626519540271000,0,4349.70267600,0.4875
1626519541740000,1,93.22900000,0.4871
1626519558167000,1,114.86024198,0.4873
1626519570816000,0,122.06728400,0.4878
1626519605005000,1,513.98564357,0.4869
1626519605009000,1,0.00000001,0.4869
1626519675059000,0,1.20000000,0.4890
1626519675059000,0,385.27324502,0.4892
1626519678161000,1,8100.00000000,0.4888
1626519678161000,1,4030.51500000,0.4888
1626519678161000,1,435.42586494,0.4887
1626519678169000,1,7664.57413506,0.4887
1626519678169000,1,4056.50000000,0.4886
1626519678169000,1,12070.41566305,0.4885
1626519678209000,1,3000.00000000,0.4888
1626519678209000,1,709.74743745,0.4888
1626519679413000,0,102.00000000,0.4887
1626519684942000,0,681.17888000,0.4887
1626519685218000,0,0.00000858,0.4887
1626519702728000,0,101.45862400,0.4899
1626519720291000,0,60.34720770,0.4895
1626519784985000,0,2444.51113100,0.4894
1626519831217000,1,199.32079948,0.4888
1626519831286000,1,0.00000001,0.4888
1626519844265000,0,398.14385300,0.4889
1626519898695000,0,60.91502500,0.4889
1626519903675000,0,405.00370000,0.4889
1626519914800000,0,111.65698900,0.4888
1626519946170000,1,2717.25110000,0.4885
1626519947394000,1,0.00002080,0.4885
1626519952280000,0,60.92001000,0.4884
1626519971444000,1,379.23925500,0.4881
1626519974476000,1,334.37840400,0.4881
1626520029512000,0,101.58946800,0.4883
1626520032867000,0,959.44000000,0.4883
1626520047825000,1,3673.45402679,0.4879
1626520080097000,0,4030.51496000,0.4890
1626520080309000,0,0.00000676,0.4890
1626520080309000,0,68.89650028,0.4891
1626520080713000,0,6000.00000000,0.4891
1626520080805000,0,6000.00000000,0.4891
1626520080917000,0,581.10349000,0.4891
1626520096235000,1,50.00000000,0.4888
1626520106369000,1,299.75000000,0.4887
1626520145164000,0,62.02799800,0.4892
1626520255694000,1,2000.00000000,0.4892
1626520258542000,1,399.56000000,0.4892
1626520264866000,0,51.00000000,0.4894
1626520279261000,0,917.93022400,0.4893
1626520320319000,0,128.08485751,0.4894
1626520347864000,0,222.53936830,0.4895
1626520440289000,0,453.87645236,0.4886
1626520451017000,0,958.30000000,0.4890
1626520531297000,1,53.18139000,0.4885
1626520717379000,0,437.82515800,0.4884
1626520800282000,0,354.62083096,0.4886
1626520962630000,1,58.91980732,0.4880
1626520962700000,1,941.08019268,0.4880
1626521007962000,1,953.97111535,0.4877
1626521024596000,1,358.79612370,0.4878
1626521024596000,1,388.09887630,0.4878
1626521196287000,0,4339.85554126,0.4887
1626521196287000,0,7851.20288917,0.4887
1626521196320000,0,248.79711083,0.4887
1626521219817000,0,701.99973796,0.4887
1626521236902000,0,2808.61251000,0.4885
1626521273401000,0,40.73130295,0.4886
1626521281000000,0,486.89340000,0.4886
1626521324909000,0,125.96567100,0.4886
1626521330860000,0,4254.41635503,0.4885
1626521330911000,0,86.82482357,0.4885
1626521334241000,0,150.98860000,0.4885
1626521334853000,0,49.00000000,0.4885
1626521335564000,0,81.25161500,0.4885
1626521338706000,0,47.23600000,0.4885
1626521338977000,0,450.80000000,0.4885
1626521341372000,0,522.34000000,0.4885
1626521364559000,0,4254.53845710,0.4885
1626521364647000,0,86.82731545,0.4885
1626521370102000,0,4341.36577000,0.4885
1626521436157000,0,4253.12137735,0.4887
1626521436178000,0,86.79839546,0.4887
1626521482508000,0,114.62080000,0.4893
1626521484958000,0,589.37200000,0.4893
1626521526447000,0,49.00000000,0.4891
1626521527824000,0,7889.98000000,0.4891
1626521527870000,0,161.02000000,0.4891
1626521531369000,0,1457.55400000,0.4892
1626521586141000,0,49.03920000,0.4894
1626521586489000,0,1366.03180000,0.4894
1626521587506000,0,1366.03180000,0.4894
1626521588938000,0,769.96236632,0.4894
1626521608659000,0,1701.59360000,0.4894
1626521615059000,1,100.00000000,0.4889
1626521619025000,0,304.19552100,0.4893
1626521621670000,0,257.84186400,0.4893
1626521686767000,0,639.25400000,0.4898
1626521687176000,0,7460.74600000,0.4898
1626521699414000,1,64.68500000,0.4893
1626521708836000,1,56.15000000,0.4894
1626521778995000,0,2027.97014400,0.4891
1626521799463000,1,227.11393944,0.4891
1626521818687000,0,517.15103300,0.4894
1626521863999000,0,2027.72156200,0.4892
1626521880243000,0,138.61267373,0.4892
1626521912925000,0,405.54431200,0.4893
1626521938492000,0,138.50000000,0.4894
1626521943295000,0,150.00000000,0.4894
1626522058670000,0,234.22830605,0.4898
1626522076755000,0,405.30418800,0.4895
1626522099881000,0,1943.92800000,0.4894
1626522099887000,0,101.65494200,0.4894
1626522120277000,0,101.09055263,0.4895
1626522151094000,0,527.24903400,0.4894
1626522178237000,0,7938.00000000,0.4897
1626522179460000,0,158.76000000,0.4897
1626522179611000,0,3.24000000,0.4897
1626522319235000,1,1026.86272900,0.4893
1626522319784000,0,121.53790400,0.4896
1626522345618000,0,100.00000000,0.4896
1626522354518000,1,224.00000000,0.4893
1626522360307000,1,943.00831445,0.4894
1626522394962000,1,64.00000000,0.4890
1626522412631000,0,4338.50424000,0.4889
1626522416116000,0,4338.99715000,0.4889
1626522417170000,0,0.00000777,0.4889
1626522417170000,0,4338.99714223,0.4889
1626522419117000,0,0.00001554,0.4889
1626522419117000,0,4338.99714446,0.4889
1626522422089000,0,0.00001331,0.4889
1626522422089000,0,4338.99714669,0.4889
1626522432619000,1,89.87828104,0.4884
1626522439382000,0,0.00001108,0.4889
1626522509335000,0,96.67548937,0.4889
1626522524087000,0,0.00000580,0.4889
1626522525455000,0,14210.00000000,0.4894
1626522550362000,0,203.72640353,0.4894
1626522566622000,0,3434.06037869,0.4894
1626522566629000,0,4462.21321778,0.4894
1626522594473000,1,295.30092800,0.4889
1626522645782000,1,74.50000000,0.4890
1626522727177000,0,1005.04836545,0.4893
1626522727177000,0,2311.53678255,0.4893
1626522731993000,0,8100.00000000,0.4893
1626522731993000,0,4335.15930000,0.4894
1626522788582000,0,47.73090819,0.4885
1626522801210000,0,0.97410017,0.4885
1626522801210000,0,1000.58589983,0.4886
1626522846170000,0,50000.00000000,0.4880
1626522858245000,0,180.46700000,0.4884
1626522861089000,0,178.49720000,0.4884
1626522861202000,0,1601.32000000,0.4884
1626522861214000,0,1601.32000000,0.4884
1626522862644000,0,781.83178000,0.4884
1626522862647000,0,0.00000636,0.4884
1626522863104000,0,1562.12000000,0.4886
1626522864141000,0,3134.00000000,0.4886
1626522869033000,0,16081.58120000,0.4886
1626522869102000,0,29222.29880000,0.4886
1626522922798000,0,20950.00000000,0.4892
1626522942985000,1,88.48351100,0.4894
1626522960272000,1,1826.51020805,0.4898
1626522998010000,0,1584.99829900,0.4897
1626523030712000,1,13790.70180000,0.4888
1626523075252000,0,4340.93896831,0.4886
1626523080287000,1,257.83852617,0.4879
1626523086997000,0,198.55893900,0.4884
1626523105112000,0,4343.89754012,0.4883
1626523125039000,0,4341.00000000,0.4885
1626523125079000,0,0.87668878,0.4885
1626523139508000,0,4340.00000000,0.4887
1626523139539000,0,0.25341933,0.4887
1626523139888000,0,1689.00000000,0.4888
1626523140336000,0,553.11141793,0.4889
1626523142195000,1,4088.26838317,0.4883
1626523145983000,0,1424.86633389,0.4888
1626523158592000,0,4339.66110000,0.4888
1626523158835000,0,51.35100000,0.4889
1626523161605000,0,1207.79496622,0.4895
1626523172045000,1,71.60000000,0.4895
1626523181302000,0,59.32000000,0.4898
1626523270919000,0,116.42841675,0.4895
1626523313009000,0,162.65220678,0.4894
1626523342150000,0,96.52543653,0.4896
1626523353660000,1,124.59370519,0.4891
1626523378882000,0,353.97600000,0.4895
1626523384808000,1,260.00000000,0.4891
1626523436368000,0,121.71799900,0.4893
1626523518951000,0,12384.13960000,0.4894
1626523518951000,0,7455.55566600,0.4894
1626523694583000,0,202.48259400,0.4902
1626523699959000,1,117.70414952,0.4897
1626523728215000,0,405.08088000,0.4902
1626523743415000,0,101.23303600,0.4903
1626523744395000,0,101.23303600,0.4903
1626523745447000,0,101.23303600,0.4903
1626523746438000,0,101.23303600,0.4903
1626523747519000,0,101.23303600,0.4904
1626523747858000,1,79.90027200,0.4900
1626523748501000,0,101.23303700,0.4904
1626523749513000,0,101.23303600,0.4904
1626523750550000,0,101.23303700,0.4904
1626523751569000,0,101.23303600,0.4904
1626523751670000,0,101.01096100,0.4904
1626523752579000,0,101.23303700,0.4904
1626523835581000,0,592.88000000,0.4900
1626523869090000,0,483.59641100,0.4904
1626523889637000,0,2068.45961500,0.4906
1626523940593000,0,2647.08641400,0.4905
1626524002126000,1,87.57494300,0.4902
1626524040385000,0,59.32735426,0.4904
1626524042339000,0,107.54889100,0.4903
1626524052776000,1,620.83829000,0.4900
1626524097881000,1,408.50112584,0.4900
1626524175476000,1,179.60000000,0.4904
1626524195873000,0,482.84703100,0.4908
1626524280348000,0,110.96989117,0.4908
1626524337629000,1,228.68316100,0.4904
1626524348015000,1,96.36329000,0.4904
1626524349154000,0,73.86000000,0.4907
1626524428031000,1,1222.13198748,0.4904
1626524469389000,0,4322.20757583,0.4906
1626524505725000,1,69.99798400,0.4902
1626524518851000,0,359.23540200,0.4911
1626524539263000,1,149.00000000,0.4905
1626524640271000,0,504.36093903,0.4909
1626524708467000,0,5090.36479075,0.4916
1626524709950000,1,12926.04760000,0.4915
1626524712647000,1,12925.40010000,0.4916
1626524712975000,0,851.68743000,0.4913
1626524760334000,0,358.02415307,0.4918
1626524780189000,1,1364.83000000,0.4911
1626524801043000,1,7000.00000000,0.4910
1626524871152000,0,198.06697500,0.4918
1626524915803000,0,41.58179200,0.4915
1626524917190000,1,690.00000000,0.4914
1626524936613000,0,0.84860800,0.4915
1626525000374000,0,191.06428467,0.4917
1626525164457000,0,982.97000000,0.4926
1626525172210000,0,8100.00000000,0.4927
1626525172210000,0,8607.15229999,0.4927
1626525173309000,0,8595.41340000,0.4928
1626525182804000,1,8596.53000000,0.4925
1626525205157000,0,402.90214200,0.4925
1626525233869000,1,250.00000000,0.4924
1626525272077000,0,493.12971700,0.4926
1626525326968000,0,59.01000000,0.4924
1626525467452000,1,667.75000000,0.4921
1626525505992000,0,4308.54580000,0.4922
1626525505998000,0,0.00000594,0.4922
1626525618059000,0,191.09909415,0.4924
1626525658142000,1,73.91000000,0.4918
1626525668558000,1,171.65792000,0.4918
1626525689606000,0,62.73391200,0.4918
1626525707412000,1,500.00000000,0.4913
1626525709160000,1,8100.00000000,0.4910
1626525709160000,1,8620.00640000,0.4909
1626525709160000,1,7687.97659017,0.4909
1626525738114000,0,372.00101781,0.4912
1626525803665000,0,4314.03294592,0.4915
1626525803697000,1,685.96705408,0.4915
1626525838501000,0,1058.79722798,0.4913
1626525910419000,1,296.86800000,0.4910
1626525956539000,0,7166.63090000,0.4911
1626525956555000,0,1464.96730000,0.4911
1626525956555000,0,4317.67226825,0.4911
1626525956555000,0,12945.37420000,0.4911
1626525956555000,0,2036.49065414,0.4913
1626525956555000,0,8634.09201331,0.4913
1626525956555000,0,3474.64796430,0.4913
1626525956767000,1,3177.97571897,0.4908
1626525960253000,0,61.81460901,0.4910
1626525970864000,1,143.00000000,0.4906
1626526021342000,1,757.51324500,0.4906
1626526200237000,0,161.28375352,0.4915
1626526211129000,0,101.27478880,0.4913
1626526213772000,0,985.72000000,0.4913
1626526284640000,1,53.95765100,0.4904
1626526320215000,0,110.01912290,0.4908
1626526339624000,1,2522.51061500,0.4907
1626526365882000,1,206.87639100,0.4906
1626526365968000,1,314.54289100,0.4906
1626526517305000,1,511.19627500,0.4906
1626526547823000,1,179.54000000,0.4905
1626526689462000,1,512.43656600,0.4911
1626526705835000,0,504.96002600,0.4911
1626526712263000,0,78.87000000,0.4911
1626526787428000,0,500.02000000,0.4914
1626526861471000,1,69.81000000,0.4907
1626526933528000,1,508.46881600,0.4909
1626526973626000,0,197.59311800,0.4916
1626526982850000,0,100.00000000,0.4917
1626527090272000,1,208.36568800,0.4912
1626527178886000,0,90.58000000,0.4919
1626527368352000,1,1500.00000000,0.4909
1626527455651000,0,8100.00000000,0.4919
1626527455651000,0,4311.07434795,0.4919
1626527455651000,0,7326.37028205,0.4919
1626527457372000,1,103.70000000,0.4916
1626527469554000,0,987.84496300,0.4918
1626527472506000,0,60.08540057,0.4917
1626527506669000,1,12933.47700000,0.4915
1626527580421000,0,591.08000000,0.4915
1626527618996000,1,149.60000000,0.4916
1626527664576000,0,768.43704908,0.4920
1626527725655000,0,1014.07995500,0.4923
1626527751527000,1,8100.00000000,0.4915
1626527751633000,1,516.37600000,0.4915
1626527767461000,1,58.00000000,0.4911
1626527813501000,0,8100.00000000,0.4908
1626527863287000,0,100.00000000,0.4912
1626527951787000,0,59.29483000,0.4909
1626527963361000,1,52.00962800,0.4906
1626527963445000,1,154.00000000,0.4906
1626528031957000,1,12934.13950000,0.4911
1626528045232000,1,232.77056800,0.4910
1626528045460000,0,200.61099796,0.4914
1626528138896000,0,115.89905400,0.4924
1626528183335000,1,69.00000000,0.4922
1626528272913000,0,100.94886400,0.4914
1626528360265000,0,584.10521603,0.4916
1626528405223000,1,101.70249985,0.4909
1626528418345000,0,2020.21010700,0.4912
1626528505322000,0,98.57000000,0.4915
1626528539293000,0,228.73353100,0.4914
1626528571201000,1,2009.41693195,0.4905
1626528607059000,0,4322.87070171,0.4905
1626528639704000,1,46.41237200,0.4902
1626528642331000,0,4322.00000000,0.4906
1626528650126000,1,150.00000000,0.4904
1626528661898000,1,3574.16005500,0.4904
1626528774832000,0,8100.00000000,0.4911
1626528811462000,1,45.94829100,0.4906
1626528943089000,0,90.09667200,0.4909
1626528960238000,0,100.83930899,0.4909
1626529006810000,0,4315.00000000,0.4912
1626529084050000,0,59.15000000,0.4912
1626529101459000,0,236.57000000,0.4912
1626529137783000,1,49.67830000,0.4908
1626529137870000,1,0.00007804,0.4908
1626529139029000,0,965.23683996,0.4909
1626529188842000,0,1620.79135300,0.4907
1626529353606000,0,1336.14243276,0.4912
1626529394975000,1,98.69643200,0.4908
1626529424575000,0,59.63263300,0.4914
1626529463111000,0,24408.88259085,0.4930
1626529463112000,0,15591.11740915,0.4930
1626529463622000,0,12574.01443631,0.4934
1626529463707000,0,71.60000000,0.4934
1626529463764000,0,2754.38556369,0.4934
1626529463851000,1,862.72567600,0.4930
1626529467835000,1,71.60000000,0.4935
1626529467859000,1,2928.40000000,0.4935
1626529467899000,1,12288.58365572,0.4935
1626529472671000,1,300.00000000,0.4936
1626529484649000,1,3842.20000000,0.4940
1626529485802000,1,3842.20000000,0.4935
1626529485802000,1,14799.80000000,0.4935
1626529485993000,1,0.20000000,0.4935
1626529509799000,0,51.88000000,0.4950
1626529509799000,0,499.99999999,0.4951
1626529513464000,1,500.00000000,0.4945
1626529534373000,1,4394.10000000,0.4941
1626529558032000,0,495.00000000,0.4949
1626529560237000,1,12843.37220000,0.4947
1626529572136000,1,8556.37480000,0.4943
1626529574876000,1,8676.56632384,0.4942
1626529576674000,1,621.45777900,0.4940
1626529591011000,0,71.60000000,0.4943
1626529591015000,0,8028.40000000,0.4943
1626529591903000,0,8100.00000000,0.4945
1626529611422000,1,12856.15739999,0.4942
1626529643094000,1,8000.00000000,0.4937
1626529643136000,1,2500.14415266,0.4937
1626529643140000,1,2369.33274734,0.4937
1626529651648000,1,5033.90874478,0.4937
1626529653909000,1,451.12721424,0.4936
1626529669548000,1,393.69939773,0.4935
1626529707903000,0,522.53110900,0.4936
1626529754177000,0,104.80349344,0.4933
1626529786196000,0,2620.08733624,0.4928
1626529789328000,0,161.12107900,0.4928
1626529806406000,0,3837.00000000,0.4926
1626529872482000,0,4056.00000000,0.4921
1626529873256000,0,250.00000000,0.4921
1626530009888000,1,40.01811800,0.4922
1626530040223000,0,57.13164896,0.4930
1626530067445000,0,981.82000000,0.4931
1626530071623000,1,507.61908759,0.4927
1626530071623000,1,289.90184441,0.4926
1626530132640000,1,171.83774000,0.4928
1626530132722000,1,130.92492400,0.4928
1626530145661000,0,201.31215000,0.4932
1626530199180000,0,1767.02000000,0.4931
1626530222671000,0,4295.00000000,0.4933
1626530222705000,0,0.92594583,0.4933
1626530280257000,0,200.60790274,0.4936
1626530281012000,1,71.60000000,0.4934
1626530282291000,1,4300.00000000,0.4934
1626530282609000,1,1567.56050000,0.4934
1626530282622000,1,1627.65700000,0.4934
1626530282623000,1,1616.48730000,0.4934
1626530282648000,1,1741.78734968,0.4934
1626530282704000,1,101.67440000,0.4934
1626530282706000,1,101.92260000,0.4934
1626530282708000,1,1868.65450725,0.4934
1626530282720000,1,458.09330000,0.4934
1626530282728000,1,112.03450000,0.4934
1626530282743000,1,203.11330000,0.4934
1626530282774000,1,1598.34810000,0.4934
1626530282898000,1,50.36470000,0.4934
1626530282899000,1,116.23390000,0.4934
1626530282927000,1,3170.99468818,0.4934
1626530312322000,0,1509.25951500,0.4932
1626530337896000,0,10722.50496772,0.4933
1626530400804000,1,529.45576747,0.4929
1626530460700000,1,465.60000000,0.4928
1626530501156000,0,3018.51903000,0.4931
1626530514876000,1,10722.50496772,0.4928
1626530517319000,0,108.04000000,0.4930
1626530549394000,0,4672.00000000,0.4930
1626530549437000,0,3428.00000000,0.4930
1626530567307000,0,1006.29542300,0.4932
1626530627511000,0,1227.00000000,0.4933
1626530627538000,0,293.41200000,0.4933
1626530627826000,0,453.00000000,0.4933
1626530627864000,0,76.24400000,0.4933
1626530628233000,0,211.00000000,0.4933
1626530629446000,0,511.00000000,0.4933
1626530631528000,0,1524.00000000,0.4933
1626530646194000,1,178.71000000,0.4933
1626530685227000,0,100.78828080,0.4937
1626530686529000,0,280.00000000,0.4937
1626530686605000,0,3912.31671173,0.4937
1626530717592000,1,135.24742436,0.4935
1626530738043000,0,4292.00000000,0.4938
1626530838821000,1,1177.75000000,0.4944
1626530880264000,0,120.16559076,0.4949
1626530895944000,0,4281.89980000,0.4950
1626530902014000,0,126.35753664,0.4952
1626530902014000,0,379.87134538,0.4952
1626530902014000,0,507.77111798,0.4952
1626530902311000,0,0.59333407,0.4952
1626530905919000,1,860.86682900,0.4951
1626530927198000,0,58.66000000,0.4952
1626530991098000,1,437.82628539,0.4941
1626530991098000,1,193.36498261,0.4941
1626531061500000,1,160.30000000,0.4943
1626531061584000,1,150.00000000,0.4943
1626531252882000,1,354.60850433,0.4938
1626531252882000,1,645.39149567,0.4937
1626531293661000,1,179.00000000,0.4937
1626531496961000,1,797.25170000,0.4939
1626531524798000,0,102.24493600,0.4945
1626531564950000,1,400.00000000,0.4933
1626531595599000,0,4204.05419653,0.4941
1626531595613000,0,85.79702442,0.4941
1626531646619000,1,58.66000000,0.4941
1626531840115000,0,4203.14078298,0.4942
1626531840143000,0,85.77838333,0.4942
1626531847965000,1,73.00000000,0.4939
1626531915088000,0,58.79000000,0.4941
1626532169743000,0,4290.81779198,0.4940
1626532187081000,0,389.80509700,0.4942
1626532231657000,1,447.53795700,0.4935
1626532322599000,1,300.00000000,0.4938
1626532557715000,0,102.38579060,0.4942
1626532593333000,1,230.88534320,0.4940
1626532593333000,1,577.21802884,0.4939
1626532749160000,1,162.00000000,0.4937
1626532749309000,1,0.44150951,0.4937
1626532818530000,1,372.49000000,0.4936
1626532920254000,1,215.83108068,0.4937
1626533056498000,1,3482.71441994,0.4948
1626533071970000,1,9270.00000000,0.4948
1626533072237000,1,0.75688996,0.4948
1626533161159000,1,297.88000000,0.4932
1626533182194000,0,98.03000000,0.4939
1626533216502000,0,112.80712000,0.4937
1626533272094000,1,184.36600708,0.4931
1626533272094000,1,64.80554992,0.4931
1626533275779000,0,100.28030900,0.4935
1626533309999000,0,4207.97564948,0.4937
1626533343181000,0,98.20892500,0.4937
1626533365812000,0,1603.77000000,0.4937
1626533504273000,0,2496.08820000,0.4938
1626533656043000,0,2299.23200900,0.4942
1626533656216000,0,862.12442300,0.4942
1626533677282000,0,618.22026100,0.4944
1626533691396000,0,97.95000000,0.4941
1626533697721000,1,98.53703100,0.4936
1626533800308000,0,4287.66661507,0.4944
1626533800308000,0,3000.00000000,0.4944
1626533800308000,0,16073.43740000,0.4945
1626533800308000,0,9038.89598493,0.4945
1626533880260000,0,961.78181504,0.4944
1626533921595000,1,127.00000000,0.4933
1626533921672000,1,23.56128439,0.4933
1626534012789000,0,98.03000000,0.4941
1626534035107000,1,146.01604635,0.4936
1626534035107000,1,927.93270529,0.4936
1626534124748000,1,76.79166700,0.4923
1626534214444000,1,4019.61390800,0.4920
1626534362414000,1,138.65000000,0.4915
1626534373960000,0,4309.00000000,0.4919
1626534373990000,0,0.10669681,0.4919
1626534426378000,0,59.54946529,0.4919
1626534460481000,0,4165.40000000,0.4913
1626534488221000,0,4314.00000000,0.4913
1626534488255000,0,0.82072987,0.4913
1626534509633000,0,1170.00000000,0.4917
1626534528387000,0,4310.28811007,0.4918
1626534528497000,0,0.00000001,0.4918
1626534543945000,1,530.00000000,0.4914
1626534606198000,1,770.00000000,0.4916
1626534912911000,0,1954.73251029,0.4920
1626534956023000,1,12902.51120000,0.4922
1626534992552000,0,71.60000000,0.4916
1626534992560000,0,16.46310000,0.4916
1626535461153000,1,191.02986044,0.4907
1626535461153000,1,14.86351856,0.4907
1626535474165000,0,98.00000000,0.4913
1626535474456000,0,4217.26819083,0.4913
1626535482538000,0,111.08191400,0.4913
1626535622445000,1,115.13450000,0.4917
1626535654254000,1,144.09904716,0.4917
1626535710050000,0,98.31000000,0.4925
1626535776985000,0,250.00000000,0.4921
1626535814460000,0,173.07237400,0.4919
1626536117916000,0,242.71367008,0.4919
1626536302319000,0,40.45803854,0.4919
1626536309950000,0,100.99000000,0.4920
1626536420366000,0,147.73000000,0.4917
1626536475310000,1,4310.39480688,0.4912
1626536520366000,0,4315.25041956,0.4913
1626536520386000,0,2116.08648970,0.4914
1626536520713000,0,16171.90600000,0.4914
1626536589577000,0,60.58780500,0.4915
1626536747806000,1,161.03684692,0.4911
1626536759378000,1,6270.30006234,0.4910
1626536851407000,0,500.00000000,0.4921
1626536851426000,0,4307.54899899,0.4922
1626536907678000,1,12917.32390000,0.4916
1626536907678000,1,8608.55420000,0.4915
1626536907678000,1,3809.70000000,0.4915
1626536907778000,0,17564.42190000,0.4915
1626536930883000,0,4309.57236411,0.4920
1626536930883000,0,4741.42821395,0.4920
1626536940799000,1,119.63000000,0.4915
1626537070066000,1,5500.00000000,0.4923
1626537092776000,0,4305.50141449,0.4923
1626537092776000,0,8612.88130259,0.4924
1626537093026000,0,8610.69870151,0.4925
1626537223924000,1,71.60000000,0.4925
1626537223926000,1,1938.91661029,0.4925
1626537301380000,1,1049.52092200,0.4920
1626537314493000,0,385.23000000,0.4926
1626537348782000,0,301.44613259,0.4923
1626537353579000,1,81.30000000,0.4920
1626537424485000,0,8604.11800000,0.4922
1626537424615000,0,12911.05560000,0.4923
1626537450679000,0,1073.08381982,0.4923
1626537535155000,1,67.88243300,0.4923
1626537565318000,1,179.52047000,0.4924
1626537604146000,1,12724.99183000,0.4924
1626537604146000,1,8602.41740000,0.4924
1626537604146000,1,390.46897778,0.4922
1626537604146000,1,3913.90000000,0.4922
1626537604146000,1,4301.62343518,0.4922
1626537649242000,0,984.75000000,0.4917
1626537690941000,1,3913.90000000,0.4920
1626537691398000,1,4816.09819646,0.4919
1626537691399000,1,19565.67516789,0.4919
1626537692103000,1,3371.00000000,0.4919
1626537692480000,1,0.17663565,0.4919
1626537694796000,1,5508.71349000,0.4917
1626537694859000,1,20000.00000000,0.4917
1626537694944000,1,1061.28651000,0.4917
1626537919631000,0,4310.14266613,0.4917
1626538056191000,1,43.46998200,0.4911
1626538074476000,0,769.23434511,0.4915
1626538187547000,0,6119.00000000,0.4912
1626538189932000,0,32674.00000000,0.4912
1626538324831000,0,4309.79630000,0.4917
1626538324840000,0,0.00004382,0.4917
1626538411478000,0,143.44230600,0.4927
1626538433685000,0,481.43645200,0.4926
1626538560236000,1,472.16315307,0.4934
1626538581409000,1,84.66925000,0.4938
1626538605977000,1,160.00000000,0.4936
1626538786235000,1,507.00000000,0.4938
1626538834937000,1,73.78000000,0.4941
1626538863785000,0,137.01000000,0.4948
1626538866958000,1,152.83170000,0.4944
1626538921744000,0,201.11788000,0.4949
1626538925917000,1,861.29093700,0.4948
1626538970388000,0,58.72000000,0.4948
1626539005813000,1,8100.00000000,0.4948
1626539005813000,1,7401.97430500,0.4948
1626539158779000,0,4283.45491000,0.4948
1626539258649000,1,60.04963000,0.4945
1626539261061000,0,58.83132700,0.4949
1626539269017000,1,165.00000000,0.4945
1626539299415000,1,95.78307500,0.4945
1626539374569000,1,3000.00000000,0.4949
1626539374569000,1,3673.80000000,0.4949
1626539374583000,1,487.88666310,0.4948
1626539389778000,0,8100.00000000,0.4953
1626539391196000,0,6635.75917554,0.4956
1626539398849000,0,8620.72970000,0.4960
1626539398976000,0,2016.41360675,0.4963
1626539400231000,0,1000.48508367,0.4966
1626539406491000,0,23337.21664994,0.4970
1626539432558000,0,152.54000000,0.4977
1626539454921000,1,300.00000000,0.4970
1626539526926000,1,8100.00000000,0.4963
1626539526926000,1,1215.46889004,0.4963
1626539567404000,0,159.26128400,0.4956
1626539610941000,0,195.10000000,0.4964
1626539754559000,0,400.44316000,0.4965
1626539791434000,1,94.88950000,0.4962
1626539810371000,0,58.50000000,0.4967
1626539874362000,0,233.79000000,0.4971
1626539932932000,1,16257.47839000,0.4964
1626539954292000,1,0.00000574,0.4964
1626539977899000,0,58.54000000,0.4963
1626540000234000,0,249.05898452,0.4965
1626540077694000,1,8099.99999999,0.4962
1626540133488000,0,79.09150000,0.4962
1626540149245000,0,190.45264239,0.4963
1626540180114000,0,190.67546142,0.4958
1626540378383000,1,47.45902400,0.4960
1626540385078000,0,109.24000000,0.4964
1626540429140000,1,45.42090700,0.4951
1626540539051000,0,53.43075700,0.4951
1626540544654000,1,203.18182700,0.4946
1626540600214000,1,52.69040396,0.4941
1626540615621000,0,202.00000000,0.4947
1626540691303000,0,524.97611000,0.4943
1626540783849000,0,552.93186300,0.4945
1626540784012000,0,623.48400000,0.4945
1626540974597000,1,148.66000000,0.4939
1626540985031000,1,145.00000000,0.4940
1626541045958000,0,176.23000000,0.4946
1626541105446000,1,49.00000000,0.4939
1626541105773000,1,1.00000000,0.4939
1626541158712000,0,1200.18899565,0.4944
1626541202756000,0,58.77000000,0.4944
1626541288812000,0,587.77000000,0.4943
1626541320228000,0,55.87161345,0.4938
1626541347631000,1,93.83716000,0.4928
1626541427423000,0,110.24389254,0.4937
1626541433171000,0,98.10000000,0.4936
1626541545255000,0,210.47660600,0.4928
1626541717510000,0,171.05617700,0.4934
1626541831159000,0,269.70437200,0.4932
1626541852059000,1,93.57608000,0.4926
1626541858665000,1,12886.02340000,0.4927
1626541932843000,1,49.75000000,0.4928
1626542030046000,0,4302.28781083,0.4926
1626542164143000,1,169.55617700,0.4933
1626542164221000,1,49.98000000,0.4933
1626542175817000,1,12873.56240000,0.4933
1626542176066000,1,423.92909000,0.4931
1626542195965000,0,229.81652417,0.4936
1626542399211000,0,8100.00000000,0.4922
1626542399211000,0,8604.08120000,0.4922
1626542399211000,0,7745.70181440,0.4922
1626542436875000,0,98.36000000,0.4925
1626542577895000,1,69.32700000,0.4926
1626542658690000,1,130.99000200,0.4924
1626542759949000,0,104.24525000,0.4933
1626542931706000,1,203.00000000,0.4930
1626543111333000,0,148.82880300,0.4927
1626543111634000,0,3493.44978165,0.4927
1626543262156000,1,320.00000000,0.4916
1626543451098000,0,235.65000000,0.4932
1626543492262000,1,323.86964419,0.4930
1626543492262000,1,12883.67510000,0.4930
1626543492262000,1,809.67411047,0.4929
1626543492262000,1,4294.83424781,0.4928
1626543492262000,1,1429.66981963,0.4928
1626543493475000,1,66.98000000,0.4930
1626543807011000,1,200.00000000,0.4928
1626543960245000,0,214.83329277,0.4933
