timestamp ms,type,amount,price
1626652827002000,1,12783.16340000,0.4963
1626652904503000,1,123.02308750,0.4953
1626652904503000,1,122.92544619,0.4953
1626652904503000,1,500.00000000,0.4953
1626653002981000,0,117.44441000,0.4956
1626653202091000,1,858.41272600,0.4980
1626653295820000,1,302.98439600,0.4979
1626653393685000,1,852.25822882,0.4967
1626653592963000,0,291.88000000,0.4977
1626653729311000,0,633.62431600,0.4984
1626653749332000,0,390.23826800,0.4980
1626654020298000,0,779.52089500,0.4977
1626654350691000,1,102.50000000,0.4967
1626654350829000,1,36.01002024,0.4967
1626654350829000,1,354.76855976,0.4967
1626654360264000,0,2395.23749555,0.4971
1626654853300000,1,92.00800000,0.4958
1626654950956000,0,4267.43827008,0.4963
1626655016199000,0,4346.80000000,0.4963
1626655016199000,0,4268.04200126,0.4963
1626655016199000,0,2463.33569874,0.4963
1626655016356000,1,8000.00000000,0.4963
1626655063679000,0,1800.00000000,0.4963
1626655105050000,1,169.98959000,0.4958
1626655326439000,1,5000.00000000,0.4933
1626655336741000,1,97.00000000,0.4932
1626655427166000,0,100.00000000,0.4936
1626655470051000,0,58.84000000,0.4937
1626655509950000,1,3453.44439755,0.4931
1626655509968000,1,809.95560245,0.4931
1626655509968000,1,10145.20502219,0.4931
1626655547723000,1,116.98642900,0.4929
1626655608557000,1,4228.97475000,0.4919
1626655608568000,1,0.00000348,0.4919
1626655651419000,0,245.09557800,0.4919
1626655699985000,1,149.75000000,0.4913
1626655749905000,1,11943.01138865,0.4906
1626655749905000,1,100.90623549,0.4905
1626655750343000,1,861.81393400,0.4909
1626655794249000,0,7999.99999999,0.4910
1626655794256000,0,4428.16822673,0.4910
1626655902953000,0,862.37726400,0.4903
1626655905486000,1,50.00000000,0.4900
1626655905486000,1,1555.48979591,0.4900
1626655931374000,1,96.80856271,0.4899
1626655931374000,1,94.95143729,0.4898
1626656002206000,0,295.43000000,0.4908
1626656127656000,0,780.00000000,0.4905
1626656129981000,0,10420.00000000,0.4908
1626656152977000,0,8000.00000000,0.4911
1626656153031000,0,4315.13459696,0.4912
1626656154959000,0,4097.65053741,0.4915
1626656155722000,0,3902.34946000,0.4915
1626656266580000,0,8000.00000000,0.4899
1626656268026000,0,8000.00000000,0.4900
1626656283910000,1,301.34450000,0.4899
1626656298318000,0,202.45455400,0.4905
1626656496770000,0,59.31000000,0.4899
1626656504634000,1,43.28000000,0.4895
1626656595402000,0,862.94099500,0.4897
1626656657775000,1,28000.00000000,0.4890
1626656659918000,0,863.50508400,0.4889
1626656736412000,1,91.33264645,0.4883
1626656736505000,1,0.00000001,0.4883
1626656737340000,0,864.06951400,0.4884
1626656765173000,1,255.13383808,0.4880
1626656765173000,1,34.99740239,0.4880
1626656985041000,0,59.45000000,0.4887
1626657007047000,1,550.00000000,0.4882
1626657087956000,1,99.75000000,0.4882
1626657200799000,1,402.05920000,0.4880
1626657242359000,1,1001.00832879,0.4875
1626657550403000,1,57.54561262,0.4874
1626657550403000,1,17.45438738,0.4874
1626657731341000,0,906.32362900,0.4883
1626657769587000,0,4333.30000000,0.4895
1626657790731000,1,3677.61126000,0.4891
1626657802018000,1,0.00000898,0.4891
1626657836044000,0,6091.75180600,0.4890
1626658304678000,0,215.29372800,0.4886
1626658440243000,0,147.02746587,0.4893
1626658488997000,0,59.40000000,0.4891
1626658643468000,1,160.80000000,0.4893
1626658976059000,1,735.10274900,0.4915
1626658976258000,1,735.10274900,0.4915
1626659001137000,0,4310.33709533,0.4917
1626659001137000,0,3689.66290466,0.4917
1626659104761000,1,1527.66834468,0.4911
1626659104761000,1,1741.70905532,0.4911
1626659255707000,0,817.77909900,0.4925
1626659840401000,0,751.37862900,0.4915
1626660040482000,1,139.42000000,0.4903
1626660040571000,1,66.02160000,0.4903
1626660252974000,1,57.34774035,0.4917
1626660252974000,1,477.02885465,0.4917
1626660302243000,0,4305.14113399,0.4921
1626660302243000,0,9877.60840000,0.4921
1626660302243000,0,14814.24960000,0.4922
1626660309558000,0,1800.00000000,0.4921
1626660328063000,0,72.06291788,0.4924
1626660423860000,1,52.26300000,0.4921
1626660464946000,0,82.45334100,0.4926
1626660626243000,1,462.15100000,0.4925
1626660755685000,1,58.21476926,0.4925
1626660755685000,1,43.18523074,0.4924
1626660806564000,1,7999.99999999,0.4928
1626660808215000,1,8000.00000000,0.4926
1626660974164000,1,8000.00000000,0.4926
1626661000358000,1,51.37869810,0.4925
1626661000358000,1,7481.58738790,0.4925
1626661067824000,1,51.16177534,0.4920
1626661067824000,1,1.09793466,0.4920
1626661204930000,0,4304.42571228,0.4923
1626661540341000,1,47.42051742,0.4928
1626661540341000,1,10.66353258,0.4927
1626661585613000,0,842.45075400,0.4934
1626662060778000,1,7031.48239000,0.4917
1626662099832000,1,44.64913599,0.4911
1626662182626000,1,42.68000000,0.4912
1626662224066000,0,780.00000000,0.4917
1626662273055000,1,119.01382550,0.4918
1626662273055000,1,391.71703350,0.4917
1626662280196000,0,503.20219579,0.4922
1626662390723000,1,1000.00000000,0.4921
1626662854106000,1,86.28228865,0.4933
1626662854106000,1,3273.71771135,0.4933
1626662964979000,1,1427.42090000,0.4929
1626663077657000,0,4293.41614998,0.4935
1626663125910000,1,328.23900000,0.4931
1626663697489000,0,1042.15123393,0.4925
1626663809216000,0,4302.00000000,0.4925
1626664330848000,1,58.14000000,0.4930
1626664460355000,0,505.44560717,0.4929
1626664462161000,0,60.48782800,0.4929
1626664512573000,1,48.72522700,0.4928
1626664568533000,0,3000.00000000,0.4935
1626664591200000,1,106.10080000,0.4934
1626664684022000,1,863.30000000,0.4933
1626664997978000,0,8000.00000000,0.4938
1626665263843000,0,299.88000000,0.4934
1626665263857000,0,299.88000000,0.4934
1626665263861000,0,149.94000000,0.4934
1626665326802000,1,137.83386400,0.4935
1626665397600000,1,51.46609002,0.4933
1626665397600000,1,103.36444898,0.4932
1626665764715000,1,236.90000000,0.4928
1626666090609000,0,14581.24250000,0.4946
1626666091110000,1,861.43069400,0.4945
1626666107896000,1,860.86796000,0.4952
1626666224115000,1,4293.41614998,0.4951
1626666369330000,0,50.97960000,0.4950
1626666589120000,0,2000.00000000,0.4941
1626666770176000,0,200.49488800,0.4949
1626666826973000,0,1800.00000000,0.4939
1626667080240000,0,4882.72385352,0.4946
1626667466136000,1,175.01000000,0.4947
1626667867125000,1,188.60000000,0.4938
1626668191037000,0,1.04040000,0.4950
1626668365684000,0,368.81614200,0.4956
1626668400624000,0,500.00000000,0.4955
1626668474356000,0,998.64000000,0.4956
1626668640324000,1,97.03283782,0.4952
1626668754397000,0,80.76234700,0.4956
1626668817015000,1,6355.39250000,0.4953
1626668976638000,0,1097.59509200,0.4956
1626669083678000,1,341.23108500,0.4954
1626669188938000,0,84.50000000,0.4956
1626669532955000,1,87.31128300,0.4959
1626669665423000,1,44.00000000,0.4959
1626669736379000,1,256.14798200,0.4955
1626669745832000,0,79.34672474,0.4958
1626669888682000,1,420.01000000,0.4955
1626669921759000,0,60.20238383,0.4958
1626670018905000,1,51.90491100,0.4961
1626670249728000,1,341.07023300,0.4960
1626670320269000,0,99.62351520,0.4964
1626670320589000,1,255.80267500,0.4961
1626670421016000,1,70.00000000,0.4961
1626670484374000,0,152.58000000,0.4963
1626670485788000,0,199.95355000,0.4963
1626670561516000,1,65.20726500,0.4960
1626670736436000,1,189.00000000,0.4961
1626670822026000,1,402.22000000,0.4964
1626670883015000,1,50.00000000,0.4963
1626671053475000,0,2580.00000000,0.4968
1626671179276000,0,109.86861400,0.4969
1626671180288000,0,99.88019300,0.4969
1626671181304000,0,99.88019300,0.4969
1626671182321000,0,99.88019300,0.4969
1626671183351000,0,99.88019300,0.4969
1626671184368000,0,99.88019300,0.4969
1626671184456000,1,70.00000000,0.4965
1626671185389000,0,99.88019200,0.4969
1626671186405000,0,99.88019300,0.4969
1626671187466000,0,99.88019200,0.4969
1626671188497000,0,99.88019300,0.4968
1626671228771000,1,2000.04070900,0.4965
1626671325674000,1,204.41592500,0.4965
1626671346084000,1,425.98756400,0.4964
1626671586928000,1,164.84590500,0.4963
1626671625542000,0,99.92242400,0.4966
1626671765155000,0,321.91000000,0.4963
1626671871064000,0,2000.00000000,0.4962
1626672308763000,1,170.76483700,0.4952
1626672349173000,1,116.69519200,0.4954
1626672419575000,1,170.76483700,0.4953
1626672486438000,1,324.29000000,0.4955
1626672499986000,1,181.25830000,0.4951
1626672660462000,1,145.00000000,0.4960
1626672741340000,1,512.01128300,0.4957
1626672891873000,0,446.31717100,0.4963
1626672907753000,0,292.03140300,0.4962
1626672978665000,1,467.50000000,0.4958
1626673067166000,0,78.10000000,0.4960
1626673102752000,1,511.74569200,0.4960
1626673134540000,0,99.97476100,0.4964
1626673190124000,1,499.99999999,0.4959
1626673373620000,1,346.01956400,0.4956
1626673441923000,0,254.63000000,0.4956
1626673598223000,0,8000.00000000,0.4959
1626673635317000,1,170.80250200,0.4955
1626673718987000,0,8000.00000000,0.4968
1626673725648000,0,8000.00000000,0.4970
1626673776930000,1,2081.32652000,0.4969
1626674009608000,0,99.91638900,0.4965
1626674059244000,1,170.65106000,0.4966
1626674102131000,0,1800.00000000,0.4971
1626674103301000,0,500.00000000,0.4971
1626674328327000,0,60.34396057,0.4973
1626674340868000,1,128.92866622,0.4969
1626674340868000,1,47.97400378,0.4969
1626674487507000,0,8000.00000000,0.4975
1626674490996000,1,45.94276656,0.4972
1626674493088000,0,8000.00000000,0.4974
1626674493088000,0,4258.98014478,0.4974
1626674613261000,1,581.24250000,0.4972
1626674615798000,0,380.04006352,0.4975
1626674691456000,0,4174.92509044,0.4973
1626674812366000,0,300.00000000,0.4972
1626674831531000,0,1540.00000000,0.4973
1626674836672000,0,907.00000000,0.4973
1626674842660000,1,170.24552200,0.4971
1626674877673000,1,100.00000000,0.4974
1626674881640000,0,838.00000000,0.4973
1626674894175000,0,1860.00000000,0.4973
1626674896341000,0,2399.00000000,0.4973
1626674896385000,0,0.46105882,0.4973
1626674910373000,1,500.00000000,0.4972
1626674960830000,0,137.73271000,0.4973
1626674993641000,0,599.00000000,0.4974
1626674993684000,0,980.00000000,0.4974
1626674993980000,0,170.00000000,0.4974
1626674994023000,0,170.00000000,0.4974
1626674994065000,0,240.19800000,0.4974
1626675000260000,0,198.97897657,0.4974
1626675018324000,0,91.00000000,0.4973
1626675018619000,0,431.00000000,0.4973
1626675018680000,0,811.00000000,0.4973
1626675018715000,0,55.27200000,0.4973
1626675019029000,0,1789.00000000,0.4973
1626675020293000,0,582.00000000,0.4973
1626675020325000,0,499.91595775,0.4973
1626675022097000,0,619.00000000,0.4973
1626675022451000,0,844.00000000,0.4973
1626675022594000,0,1531.00000000,0.4973
1626675100819000,0,780.00000000,0.4972
1626675120285000,0,99.48348976,0.4971
1626675154053000,1,85.11808600,0.4967
1626675170723000,0,4261.91024855,0.4971
1626675185429000,0,2169.00000000,0.4970
1626675185487000,0,2169.00000000,0.4970
1626675185513000,0,64.19000000,0.4970
1626675185686000,0,1257.00000000,0.4970
1626675185819000,0,1257.00000000,0.4970
1626675186123000,0,2733.00000000,0.4970
1626675360286000,0,143.33727310,0.4969
1626675596833000,0,81.71187200,0.4965
1626675670574000,1,6233.21571600,0.4963
1626675728716000,0,5968.95559426,0.4966
1626675728716000,0,10720.54160000,0.4966
1626675787166000,0,40.06865863,0.4967
1626675949798000,0,200.05430400,0.4961
1626675968617000,1,68.10396100,0.4961
1626675999029000,1,79.00000000,0.4961
1626676040222000,0,4268.25789858,0.4963
1626676048892000,0,619.97606800,0.4964
1626676053918000,0,3599.88911700,0.4964
1626676201725000,0,100.00498000,0.4964
1626676300628000,1,68.18995000,0.4965
1626676323387000,0,4263.11463373,0.4968
1626676342193000,1,117.73063000,0.4965
1626676385832000,0,55.03311400,0.4970
1626676500089000,0,194.93000000,0.4967
1626676544245000,0,57.95267200,0.4967
1626676612013000,0,1350.00000000,0.4966
1626676706916000,0,81.29146700,0.4966
1626676767182000,0,399.69774500,0.4967
1626676785090000,0,499.58194600,0.4967
1626676796038000,1,500.00000000,0.4964
1626676796038000,1,432.84648800,0.4963
1626676820660000,0,599.47419600,0.4968
1626676838644000,0,998.68133100,0.4970
1626676840576000,0,40.03883065,0.4970
1626676850813000,0,199.69608000,0.4970
1626676860870000,0,658.90428500,0.4970
1626676924725000,1,56.34029538,0.4967
1626676959665000,1,88.06854745,0.4969
1626676959665000,1,1789.09794076,0.4969
1626676963723000,0,0.18960800,0.4970
1626676963723000,0,53.21831100,0.4971
1626676985617000,0,2001.49833045,0.4971
1626677069693000,0,1702.64663000,0.4971
1626677069809000,0,348.22068230,0.4971
1626677077390000,0,245.53231800,0.4971
1626677117763000,1,71.64390000,0.4971
1626677122367000,1,1348.35610000,0.4971
1626677143736000,0,199.68001000,0.4971
1626677206852000,0,99.85205800,0.4970
1626677215874000,0,199.67197600,0.4970
1626677226602000,0,51.05800000,0.4971
1626677226895000,0,42.82600000,0.4971
1626677253634000,0,268.24916048,0.4973
1626677293605000,1,189.44265966,0.4966
1626677293605000,1,500.00000000,0.4966
1626677294865000,1,189.45104409,0.4965
1626677294868000,1,0.00000001,0.4965
1626677416689000,0,199.83680100,0.4971
1626677417279000,0,7644.15993502,0.4971
1626677417359000,0,156.00326398,0.4971
1626677431728000,1,140.79869800,0.4967
1626677512147000,1,313.80000000,0.4966
1626677532964000,1,73.22000000,0.4968
1626677681093000,0,99.87014200,0.4969
1626677702533000,0,100.00000000,0.4969
1626677818856000,0,99.84201300,0.4971
1626678024498000,1,500.00000000,0.4970
1626678033706000,0,240.12667672,0.4973
1626678055391000,1,146.70000000,0.4970
1626678055533000,0,7840.00000000,0.4974
1626678071275000,0,129.68747300,0.4977
1626678236804000,0,420.66017800,0.4971
1626678299728000,0,99.80587100,0.4974
1626678320577000,0,42.92400000,0.4975
1626678381281000,0,1813.83497982,0.4978
1626678381294000,0,1813.83497982,0.4978
1626678383388000,0,66.77720000,0.4978
1626678384686000,0,52.23400000,0.4978
1626678385640000,0,4168.25246355,0.4978
1626678427015000,0,1589.27723686,0.4981
1626678550359000,0,68.49840200,0.4981
1626678720602000,1,117.58440513,0.4976
1626678721431000,1,0.00000001,0.4976
1626678721431000,1,500.00000000,0.4973
1626678761622000,0,94.90508222,0.4980
1626678978945000,0,180.44280400,0.4978
1626679101199000,0,498.28779600,0.4984
1626679152215000,1,607.10360000,0.4976
1626679190724000,1,871.51977600,0.4977
1626679230094000,0,237.33813200,0.4983
1626679232937000,1,242.98015100,0.4978
1626679262137000,0,199.71997751,0.4982
1626679293742000,1,500.00000000,0.4977
1626679366729000,1,2400.00000000,0.4978
1626679392636000,1,3327.36380000,0.4978
1626679392648000,1,1374.49690000,0.4978
1626679400261000,1,500.00000000,0.4976
1626679400261000,1,245.07566500,0.4975
1626679426276000,1,500.00000000,0.4975
1626679426276000,1,106.00000000,0.4975
1626679480628000,1,3986.05139806,0.4977
1626679564713000,0,83.98600000,0.4978
1626679569711000,0,7757.69372000,0.4978
1626679572472000,1,316.00000000,0.4974
1626679605312000,1,1935.20765621,0.4970
1626679625474000,1,1363.40000000,0.4970
1626679663337000,1,6701.39234378,0.4970
1626679711345000,0,59.86787000,0.4971
1626679712255000,1,0.00000001,0.4970
1626679733873000,0,201.00000000,0.4965
1626679734134000,0,201.00000000,0.4965
1626679734381000,0,201.00000000,0.4965
1626679734642000,0,201.00000000,0.4965
1626679734880000,0,201.00000000,0.4965
1626679735352000,0,201.00000000,0.4966
1626679735681000,0,201.00000000,0.4966
1626679735933000,0,201.00000000,0.4966
1626679736161000,0,201.00000000,0.4966
1626679736420000,0,201.00000000,0.4966
1626679736737000,0,201.00000000,0.4966
1626679741422000,0,128.02964500,0.4967
1626679761074000,0,278.45000000,0.4965
1626679783174000,0,529.60313400,0.4966
1626679800376000,0,268.31467475,0.4966
1626679812982000,0,400.54138153,0.4968
1626679844976000,1,140.92825330,0.4960
1626679900111000,1,2831.00000000,0.4960
1626679921900000,0,99.94858500,0.4965
1626679923522000,1,46.00000000,0.4959
1626679948104000,1,99.75000000,0.4960
1626679958497000,1,45.00000000,0.4960
1626679966171000,0,383.98015300,0.4963
1626679998989000,1,2555.75130290,0.4959
1626680018602000,0,200.00000000,0.4957
1626680029217000,0,4283.14688603,0.4956
1626680029217000,0,742.66003697,0.4957
1626680070915000,0,1001.76567100,0.4955
1626680098743000,1,8000.00000000,0.4948
1626680098743000,1,66.13581162,0.4948
1626680103785000,0,780.00000000,0.4954
1626680121105000,1,91.94311400,0.4947
1626680204990000,0,200.43000400,0.4953
1626680229261000,0,1000.00000000,0.4954
1626680264798000,0,381.53000000,0.4950
1626680264907000,0,317.94000000,0.4950
1626680373565000,0,200.65691400,0.4948
1626680422151000,0,226.66067700,0.4950
1626680467279000,0,300.00000000,0.4952
1626680475731000,0,1503.34646700,0.4951
1626680514137000,0,400.83572700,0.4952
1626680605914000,0,100.00000000,0.4957
1626680760242000,0,99.88901221,0.4954
1626681067798000,1,99.00000000,0.4951
1626681153878000,0,497.03126900,0.4954
1626681199999000,1,147.84151300,0.4946
1626681241941000,0,200.48668400,0.4952
1626681407677000,0,265.00000000,0.4955
1626681450067000,0,2010.15276800,0.4953
1626681486426000,0,1500.00000000,0.4953
1626681622675000,1,500.00000000,0.4944
1626681652806000,1,440.00000000,0.4941
1626681709405000,0,5688.33484637,0.4957
1626681832674000,1,8000.00000000,0.4947
1626681832674000,1,4287.99756079,0.4947
1626681832674000,1,4371.63243921,0.4945
1626681997271000,0,1004.77116025,0.4951
1626682022377000,1,4000.00000000,0.4947
1626682026976000,0,100.25346700,0.4948
1626682124868000,0,8000.00000000,0.4952
1626682124868000,0,4286.00358000,0.4953
1626682140776000,0,2500.00000000,0.4956
1626682149412000,0,100.13816100,0.4956
1626682168100000,1,4284.05277625,0.4951
1626682173974000,0,80.11052800,0.4953
1626682196293000,1,130.59000000,0.4950
1626682200351000,0,2944.85731572,0.4956
1626682236730000,1,220.56020400,0.4951
1626682257179000,1,1477.82000000,0.4949
1626682287717000,0,58.63000000,0.4955
1626682320287000,0,499.17308701,0.4957
1626682355264000,0,1110.74058900,0.4956
1626682410230000,1,123.92570000,0.4954
1626682414628000,0,800.97599400,0.4957
1626682551441000,1,73.72000000,0.4955
1626682557233000,0,250.88754412,0.4959
1626682577758000,0,200.12691000,0.4959
1626682585747000,0,200.15516000,0.4958
1626682586208000,0,1003.37294288,0.4958
1626682689091000,0,58.62000000,0.4956
1626682845665000,0,100.23726700,0.4951
1626682931227000,0,140.20702700,0.4954
1626682952212000,0,4197.50165000,0.4951
1626682958245000,0,89.54157504,0.4951
1626682958245000,0,10.68759496,0.4953
1626683017984000,0,637.09226200,0.4953
1626683169643000,0,365.01907200,0.4953
1626683201473000,0,500.00000000,0.4953
1626683224162000,0,1001.88701400,0.4953
1626683243755000,0,200.87715508,0.4953
1626683270646000,1,2974.91738399,0.4949
1626683271167000,0,601.26573100,0.4952
1626683280264000,0,179.65544210,0.4953
1626683287093000,1,71.98798000,0.4949
1626683296952000,0,120.25314600,0.4952
1626683380679000,0,60.12778700,0.4954
1626683458079000,1,97.17292800,0.4950
1626683535156000,0,153.37740500,0.4947
1626683538259000,0,882.00631000,0.4945
1626683637635000,0,92.94000000,0.4941
1626683657319000,0,1006.88599704,0.4941
1626683665575000,0,70.06244600,0.4941
1626683688548000,1,4295.83965426,0.4937
1626683688548000,1,68.70003036,0.4936
1626683688548000,1,11788.36841788,0.4935
1626683701330000,0,60.08762000,0.4942
1626683776110000,0,200.79493100,0.4944
1626683811161000,0,100.37918900,0.4944
1626683811164000,1,261.49126000,0.4940
1626683812156000,0,127.38463717,0.4944
1626683892501000,1,146.30000000,0.4940
1626683901938000,1,150.00000000,0.4940
1626683906081000,1,205.00000000,0.4940
1626683917089000,0,6023.63487400,0.4940
1626683956391000,1,620.00000000,0.4936
1626684023751000,0,62.84069500,0.4942
1626684029078000,1,4298.21116436,0.4937
1626684029078000,1,46.32032956,0.4936
1626684029169000,0,6182.66836106,0.4936
1626684185804000,1,80.00000000,0.4938
1626684214479000,0,1117.68810600,0.4941
1626684327719000,0,58.87000000,0.4935
1626684346313000,1,74.00000000,0.4932
1626684397727000,1,21496.54240000,0.4931
1626684397792000,1,0.00009386,0.4931
1626684412242000,1,4060.60000000,0.4923
1626684424214000,1,73.15656900,0.4928
1626684453374000,0,51.72320000,0.4928
1626684496759000,0,68.12717300,0.4929
1626684504030000,0,1550.79757243,0.4929
1626684504509000,0,2690.24438402,0.4929
1626684522767000,0,233.11947000,0.4929
1626684538531000,0,516.00028394,0.4929
1626684582645000,1,368.34390300,0.4926
1626684635847000,0,504.60483609,0.4930
1626684646987000,0,119.69387700,0.4928
1626684660266000,0,6286.00000000,0.4927
1626684717999000,1,126.61582500,0.4924
1626684723012000,0,1297.00000000,0.4925
1626684724181000,0,2956.61780059,0.4925
1626684768694000,0,4315.87048000,0.4921
1626684778826000,1,470.00000000,0.4918
1626684779163000,0,0.00000059,0.4921
1626684784341000,0,4316.10664000,0.4920
1626684788810000,0,4318.48062000,0.4918
1626684802365000,0,0.00000556,0.4918
1626684802365000,0,0.00000756,0.4920
1626684802365000,0,2566.99998688,0.4921
1626684816096000,0,4315.19441759,0.4922
1626684853426000,0,400.64602354,0.4922
1626684853777000,0,1069.76800000,0.4922
1626684857567000,1,4000.00000000,0.4919
1626684918776000,1,4000.00000000,0.4916
1626684982100000,0,4230.84180993,0.4920
1626685004105000,0,392.00000000,0.4919
1626685083467000,0,100.35525700,0.4921
1626685122106000,0,4321.76291000,0.4915
1626685122631000,1,501.70593013,0.4911
1626685123411000,1,62.04996876,0.4911
1626685130663000,0,695.26336800,0.4914
1626685141061000,0,268.14098100,0.4915
1626685152950000,0,1220.97920989,0.4916
1626685183826000,0,256.36000000,0.4911
1626685196281000,0,4324.97870000,0.4909
1626685198531000,0,4326.10153083,0.4908
1626685198830000,0,0.00000001,0.4908
1626685206893000,1,4000.00000000,0.4905
1626685207311000,0,96.30122863,0.4908
1626685215440000,1,4000.00000000,0.4901
1626685232368000,0,4332.02763278,0.4903
1626685239404000,0,4330.13253749,0.4905
1626685245475000,0,4328.34608879,0.4907
1626685246419000,0,0.00000853,0.4909
1626685246419000,0,779.99999147,0.4909
1626685264316000,1,194.24000000,0.4907
1626685274312000,0,8000.00000000,0.4911
1626685345877000,1,50.14845700,0.4914
1626685449632000,0,201.83614500,0.4917
1626685526793000,0,201.82793600,0.4919
1626685557559000,1,74.85000000,0.4913
1626685560274000,0,301.72097796,0.4918
1626685578350000,1,48.00000000,0.4914
1626685632446000,0,472.92090280,0.4921
1626685686202000,1,1850.00000000,0.4919
1626685800237000,0,150.76754386,0.4918
1626686021560000,1,99.65719100,0.4909
1626686048004000,1,2700.00000000,0.4906
1626686101817000,1,499.99999450,0.4906
1626686102074000,1,42.43955800,0.4906
1626686168772000,1,500.00000000,0.4902
1626686174231000,1,4061.24364808,0.4900
1626686174231000,1,609.18367346,0.4900
1626686223807000,0,59.17000000,0.4910
1626686224721000,0,79.09519800,0.4910
1626686252055000,1,8650.69150000,0.4908
1626686252055000,1,11400.89215495,0.4908
1626686257459000,0,95.09621000,0.4910
1626686272303000,0,374.51000000,0.4913
1626686294524000,1,998.75420000,0.4909
1626686319819000,0,4640.86034100,0.4914
1626686324993000,1,189.89990000,0.4910
1626686395540000,0,137.86000000,0.4917
1626686405199000,0,1416.52073376,0.4917
1626686414749000,0,1976.06929700,0.4913
1626686426336000,1,815.75000000,0.4908
1626686491269000,0,404.38771500,0.4910
1626686587570000,1,59.70200000,0.4905
1626686634487000,0,115.49378200,0.4910
1626686699374000,0,4323.60975000,0.4914
1626686713608000,0,104.97294100,0.4914
1626686837025000,1,369.39588000,0.4906
1626686877031000,0,212.89809267,0.4907
1626686891279000,0,106.88197827,0.4909
1626686909900000,0,4325.36954894,0.4911
1626686945067000,0,652.18906100,0.4914
1626686953502000,1,360.00000000,0.4911
1626686953778000,0,1012.58307044,0.4913
1626687067553000,1,710.00000000,0.4904
1626687071421000,1,470.00000000,0.4901
1626687095532000,0,98.74000000,0.4904
1626687114418000,0,5162.67502044,0.4905
1626687114418000,0,3532.68863956,0.4905
1626687214959000,0,1011.19587900,0.4908
1626687272211000,0,4329.91148000,0.4905
1626687404377000,0,153.44000000,0.4902
1626687505712000,0,3211.41865600,0.4904
1626687545102000,1,1842.14347417,0.4899
1626687574234000,0,17000.00000000,0.4902
1626687574893000,0,24515.58952698,0.4904
1626687603210000,0,4327.48416584,0.4907
1626687613141000,0,4327.68430777,0.4906
1626687674283000,1,928.34666666,0.4900
1626687698279000,1,1015.26459676,0.4900
1626687698323000,1,892.00000000,0.4900
1626687698329000,1,131.97859931,0.4900
1626687832622000,0,1606.62638100,0.4902
1626687944461000,0,118.36872055,0.4903
1626688011536000,1,75.93479100,0.4886
1626688034512000,1,555.46478094,0.4885
1626688037104000,1,2413.66900000,0.4882
1626688038210000,1,8000.00000000,0.4881
1626688038210000,1,41.00000000,0.4880
1626688052025000,1,168.43705300,0.4883
1626688111943000,0,9076.83090000,0.4888
1626688122036000,0,6169.84435796,0.4890
1626688124036000,0,13541.38020000,0.4889
1626688135557000,0,869.60032700,0.4890
1626688148147000,0,100.00000000,0.4890
1626688171370000,0,305.06638732,0.4893
1626688184469000,0,71.00506800,0.4889
1626688213458000,1,233.75000000,0.4885
1626688219060000,1,7766.00000000,0.4885
1626688219205000,1,0.25000000,0.4885
1626688226356000,1,8000.00000000,0.4883
1626688245970000,1,51.14620000,0.4880
1626688247783000,0,7500.00000000,0.4880
1626688247851000,0,5707.68360000,0.4880
1626688269301000,1,1.04380000,0.4880
1626688291361000,0,753.86374000,0.4874
1626688291681000,0,12405.89366000,0.4874
1626688296995000,1,198.27815665,0.4873
1626688301335000,1,412.87912210,0.4870
1626688312396000,1,204.00000000,0.4870
1626688312781000,1,0.33264887,0.4870
1626688322795000,1,107.51723400,0.4867
1626688338420000,0,8000.00000000,0.4866
1626688338420000,0,1339.43063141,0.4867
1626688342921000,1,125.00000000,0.4858
1626688343580000,1,0.78070330,0.4858
1626688343580000,1,720.21929670,0.4854
1626688346899000,0,8752.26030000,0.4859
1626688353567000,0,100.00000000,0.4860
1626688372373000,0,1800.00000000,0.4863
1626688389561000,0,204.08130500,0.4863
1626688399434000,0,3873.41796500,0.4859
1626688416312000,0,204.26610400,0.4863
1626688445038000,0,122.38754900,0.4869
1626688464696000,0,252.67595389,0.4867
1626688515618000,1,100.29547800,0.4866
1626688588056000,0,122.23810900,0.4874
1626688590120000,0,101.83754200,0.4874
1626688672514000,0,317.57000000,0.4878
1626688687388000,1,242.65685000,0.4872
1626688687790000,1,291.55924900,0.4872
1626688808684000,0,45.96844500,0.4877
1626688814667000,0,71.20800200,0.4877
1626688829891000,1,1583.56490000,0.4873
1626688895064000,0,1100.75927368,0.4879
1626689026549000,0,104.88516400,0.4890
1626689026823000,0,2679.87811113,0.4890
1626689039334000,0,395.95000000,0.4892
1626689040305000,0,66.03405253,0.4892
1626689057559000,1,676.11760257,0.4892
1626689103605000,0,240.20853835,0.4898
1626689117951000,0,79.12000000,0.4896
1626689120784000,0,100.00000000,0.4896
1626689136990000,1,99.99999999,0.4892
1626689137383000,1,0.00000001,0.4892
1626689137396000,1,13007.46650000,0.4891
1626689154697000,1,13010.74150000,0.4889
1626689154697000,1,2044.54658090,0.4887
1626689154697000,1,8000.00000000,0.4887
1626689154697000,1,12185.51137672,0.4887
1626689154697000,1,4759.20054238,0.4887
1626689156076000,0,182.56953600,0.4893
1626689157091000,0,182.56953600,0.4893
1626689158107000,0,182.56953600,0.4893
1626689159126000,0,182.56953700,0.4893
1626689160154000,0,182.56953600,0.4893
1626689161175000,0,182.56953700,0.4893
1626689162197000,0,182.56953600,0.4893
1626689163225000,0,182.56953700,0.4893
1626689164233000,0,182.56953600,0.4893
1626689165236000,0,182.56953700,0.4893
1626689173489000,1,102.75000000,0.4889
1626689175364000,0,4841.86742013,0.4893
1626689225691000,0,8677.61360000,0.4891
1626689229580000,1,750.00000000,0.4892
1626689250495000,0,135.68206200,0.4892
1626689264678000,0,4830.81027821,0.4892
1626689297941000,0,118.78000000,0.4892
1626689363945000,0,2161.53395200,0.4885
1626689390729000,0,59.47000000,0.4885
1626689434354000,1,100.00000000,0.4885
1626689493748000,0,1053.51502300,0.4889
1626689518010000,0,199.00000000,0.4888
1626689592925000,0,101.61026800,0.4885
1626689640135000,1,2500.00000000,0.4879
1626689642820000,0,408.56178970,0.4884
1626689688045000,1,157.67307900,0.4880
1626689696058000,0,198.27000000,0.4886
1626689729550000,0,2000.00000000,0.4880
1626689801745000,0,387.72504101,0.4876
1626689831423000,1,794.63861843,0.4872
1626689904524000,1,794.63861843,0.4876
1626689938719000,1,366.61269282,0.4875
1626689939199000,1,367.77038891,0.4875
1626689943945000,1,507.23759000,0.4875
1626690056544000,1,5504.94717118,0.4872
1626690061639000,1,100.60000000,0.4872
1626690070731000,0,10208.52442802,0.4874
1626690120237000,0,142.01032213,0.4875
1626690122089000,1,100.00000000,0.4869
1626690167946000,0,69.53000000,0.4875
1626690178963000,1,1743.85697919,0.4869
1626690182226000,1,669.81202081,0.4868
1626690182590000,1,321.70720000,0.4867
1626690183380000,1,1016.47356104,0.4867
1626690184683000,1,1648.12206387,0.4867
1626690185667000,1,765.54693613,0.4868
1626690191540000,1,431.38911625,0.4868
1626690195438000,1,317.81578519,0.4869
1626690199430000,1,1243.70451688,0.4870
1626690288967000,0,1938.38664233,0.4877
1626690308312000,0,81.41406800,0.4877
1626690314331000,0,101.76028000,0.4877
1626690316557000,0,1100.00000000,0.4877
1626690337981000,0,61.05867200,0.4877
1626690351287000,0,361.92421300,0.4877
1626690414017000,1,475.00000000,0.4872
1626690604733000,1,1196.00000000,0.4870
1626690679431000,0,407.35853000,0.4874
1626690704249000,0,224.59973500,0.4873
1626690714850000,0,193.97389805,0.4873
1626690727191000,0,101.83754200,0.4874
1626690728435000,1,414.23570500,0.4869
1626690797097000,1,51.00000000,0.4871
1626690865931000,0,60.66889769,0.4880
1626690876815000,0,60.54831571,0.4882
1626690943781000,0,3980.03513300,0.4879
1626690995463000,0,537.81998200,0.4876
1626691018299000,0,203.59528900,0.4873
1626691079857000,0,59.64000000,0.4871
1626691092128000,0,95.36667200,0.4871
1626691130837000,0,898.37304718,0.4865
1626691133038000,1,200.00000000,0.4862
1626691200282000,0,54.82940395,0.4868
1626691229858000,1,159.00000000,0.4859
1626691231849000,0,7840.00000000,0.4865
1626691231877000,0,160.00000000,0.4865
1626691232482000,0,407.79368000,0.4867
1626691404653000,1,252.48977756,0.4857
1626691434606000,0,520.83291396,0.4861
1626691434606000,0,7510.38118604,0.4861
1626691445557000,1,439.00000000,0.4855
1626691449083000,0,204.20726800,0.4863
1626691516857000,1,200.00000000,0.4854
1626691553855000,1,41.20662050,0.4854
1626691553855000,1,334.79337950,0.4850
1626691553975000,1,0.12754996,0.4850
1626691553975000,1,287.97938144,0.4850
1626691553975000,1,13980.89306860,0.4850
1626691553980000,1,33289.00000000,0.4850
1626691553982000,1,13318.84919944,0.4850
1626691554123000,0,1042.88682200,0.4854
1626691554285000,1,384.35037472,0.4850
1626691554287000,1,0.00000001,0.4850
1626691554747000,1,252.67595389,0.4845
1626691555671000,1,64.00000000,0.4842
1626691615094000,1,100.00000000,0.4858
1626691625981000,1,480.00000000,0.4856
1626691703881000,0,44.00000000,0.4857
1626691703881000,0,160.32076800,0.4858
1626691742955000,1,5868.00000000,0.4861
1626691745868000,0,204.19886500,0.4867
1626691803095000,1,3507.31338832,0.4860
1626691803767000,1,2055.27918833,0.4857
1626691808125000,0,391.44397600,0.4860
1626691826933000,1,19767.00000000,0.4855
1626691850999000,0,8000.00000000,0.4856
1626691850999000,0,2271.15974467,0.4857
1626691866349000,1,1000.00000000,0.4853
1626691875301000,1,3431.45190777,0.4852
1626691875325000,1,4568.54809223,0.4852
1626691875325000,1,4030.51500000,0.4852
1626691875325000,1,27516.23000000,0.4852
1626691879755000,0,4262.50538621,0.4857
1626691879755000,0,6460.47498082,0.4857
1626691907932000,0,61.49975277,0.4854
1626691929453000,1,4546.10669516,0.4849
1626691960685000,0,102.17901700,0.4852
1626692016483000,0,132.59534000,0.4848
1626692027457000,0,132.60860100,0.4847
1626692036118000,0,435.20888595,0.4848
1626692061471000,0,165.32940700,0.4849
1626692078303000,1,515.89410000,0.4842
1626692078303000,1,0.00008593,0.4842
1626692080202000,0,2000.00000000,0.4842
1626692081431000,1,646.00000000,0.4833
1626692081669000,1,0.64423308,0.4833
1626692081669000,1,1799.77462639,0.4829
1626692089363000,0,12051.60840395,0.4837
1626692104554000,0,132.72405200,0.4837
1626692130133000,0,60.16530300,0.4848
1626692157846000,1,2000.00000000,0.4841
1626692189352000,0,309.38925841,0.4841
1626692203999000,0,132.74829800,0.4836
1626692213623000,0,132.76157400,0.4833
1626692227324000,0,533.99610300,0.4830
1626692242581000,1,8000.00000000,0.4826
1626692242581000,1,2070.94345274,0.4826
1626692242581000,1,5962.05654726,0.4826
1626692243197000,1,67.25498000,0.4826
1626692253708000,1,299.85000000,0.4825
1626692264331000,0,132.85058400,0.4829
1626692279564000,0,300.73000000,0.4830
1626692285648000,1,777.87053628,0.4825
1626692285648000,1,8797.65920000,0.4825
1626692286153000,0,132.86387000,0.4827
1626692336236000,1,13186.41909999,0.4828
1626692345374000,0,625.00000000,0.4832
1626692345375000,0,0.80137145,0.4832
1626692411255000,0,102.58908800,0.4836
1626692428435000,1,150.65957500,0.4840
1626692486535000,0,53.09057000,0.4841
1626692486535000,0,974.34932044,0.4842
1626692487801000,0,86.21431700,0.4845
1626692487977000,1,1452.03420000,0.4838
1626692487977000,1,890.37080000,0.4838
1626692490200000,1,7143.26608473,0.4840
1626692520264000,0,108.27456895,0.4847
1626692596549000,0,225.81000000,0.4848
1626692626531000,0,75.00000000,0.4846
1626692629842000,1,106.78526200,0.4843
1626692636475000,1,1015.86200000,0.4843
1626692671936000,0,1002.50226400,0.4853
1626692674900000,0,59.87000000,0.4853
1626692744151000,1,8000.00000000,0.4848
1626692744152000,1,10549.65594058,0.4847
1626692745143000,0,24640.62893754,0.4849
1626692762557000,0,149.74000000,0.4851
1626692772896000,1,320.00000000,0.4844
1626692777574000,0,102.31908700,0.4849
1626692872906000,0,4327.09872906,0.4855
1626692891476000,1,29095.23243000,0.4855
1626692891509000,1,40298.33190000,0.4855
1626692891520000,1,32000.00000000,0.4855
1626692891807000,1,20934.00000000,0.4855
1626692891868000,1,0.75667900,0.4855
1626692953928000,0,63.44460000,0.4858
1626692954010000,1,700.00000000,0.4852
1626692987006000,0,299.03000000,0.4858
1626693013687000,0,866.22200000,0.4859
1626693027170000,1,1100.00000000,0.4858
1626693042273000,0,179.32000000,0.4861
1626693053842000,0,409.54268192,0.4859
1626693063041000,0,564.58178300,0.4859
1626693151663000,0,1032.00897500,0.4856
1626693156254000,0,204.91894062,0.4856
1626693175116000,1,74.80566609,0.4850
1626693175116000,1,337.90343391,0.4849
1626693237909000,1,436.17462895,0.4854
1626693240219000,0,205.91336356,0.4857
1626693299026000,0,8000.00000000,0.4869
1626693299026000,0,16677.01822024,0.4869
1626693309623000,1,4362.37288649,0.4861
1626693319381000,0,1957.64952643,0.4865
1626693363906000,1,4200.00000000,0.4857
1626693373173000,0,7801.36422415,0.4864
1626693373950000,0,102.07423300,0.4865
1626693394269000,0,398.18000000,0.4864
1626693421271000,0,40.93489663,0.4862
1626693483797000,0,433.49418861,0.4857
1626693484237000,0,271.00000000,0.4857
1626693484276000,0,1460.00000000,0.4857
1626693484278000,0,110.00000000,0.4857
1626693503974000,0,102.11203700,0.4861
1626693543435000,1,213.92404274,0.4857
1626693571794000,0,1057.28400648,0.4857
1626693585123000,0,8733.54490000,0.4859
1626693585123000,0,4369.85302381,0.4859
1626693585123000,0,13108.12940000,0.4859
1626693585123000,0,4385.50000000,0.4859
1626693585123000,0,8740.57886544,0.4860
1626693585123000,0,17507.62501075,0.4860
1626693589458000,0,102.15197200,0.4859
1626693600268000,0,122.23448366,0.4859
1626693646392000,1,1000.00000000,0.4851
1626693672966000,0,1024.44907700,0.4854
1626693675901000,0,411.06320449,0.4854
1626693676134000,0,659.64269400,0.4854
1626693676478000,0,59.85000000,0.4854
1626693684924000,0,139.64000000,0.4854
1626693720221000,0,244.72139252,0.4855
1626693730234000,0,8000.00000000,0.4854
1626693730234000,0,9191.82708500,0.4854
1626693750946000,1,62.43074000,0.4848
1626693780943000,0,1892.40335226,0.4850
1626693840243000,0,503.86058870,0.4847
1626693873569000,1,8000.00000000,0.4839
1626693873569000,1,13147.31830000,0.4838
1626693873569000,1,8761.34820000,0.4837
1626693873569000,1,754.76912000,0.4837
1626693895141000,0,410.72603814,0.4845
1626693922146000,0,122.97513900,0.4843
1626693960290000,0,204.40608676,0.4843
1626693961513000,0,59.99000000,0.4843
1626694036063000,0,183.67673100,0.4848
1626694058948000,0,199.81000000,0.4847
1626694073658000,0,7999.99999999,0.4848
1626694080245000,0,104.05239688,0.4849
1626694092505000,1,1753.59679275,0.4846
1626694094929000,1,660.07220725,0.4846
1626694100578000,1,10721.25980000,0.4846
1626694144157000,0,3743.06685900,0.4851
1626694156001000,1,1752.92116793,0.4848
1626694183455000,0,204.55236200,0.4854
1626694195014000,0,2507.09302100,0.4854
1626694254974000,1,676.60247000,0.4846
1626694320274000,0,555.80948540,0.4850
1626694388476000,0,102.66518800,0.4846
1626694447939000,0,81.12730200,0.4844
1626694496978000,0,98.84421400,0.4846
1626694575829000,0,155.98409500,0.4843
1626694610863000,1,180.00000000,0.4840
1626694692315000,0,191.59000000,0.4853
1626694718411000,0,122.72135800,0.4854
1626694734057000,0,102.49745565,0.4854
1626694764012000,1,2746.18512800,0.4855
1626694774988000,1,141.41688700,0.4853
1626694785541000,1,61.32835000,0.4855
1626694810225000,1,54.00000000,0.4854
1626694874669000,0,8000.00000000,0.4855
1626694874669000,0,3000.00000000,0.4855
1626694874669000,0,8000.00000000,0.4856
1626694874669000,0,2392.01666083,0.4856
1626694880447000,0,224.84247500,0.4853
1626694900645000,0,306.76532200,0.4853
1626694970315000,0,188.45670900,0.4848
1626695034458000,1,593.81432705,0.4842
1626695039503000,0,780.00000000,0.4846
1626695067155000,0,502.23103099,0.4849
1626695080611000,0,500.00000000,0.4847
1626695137387000,0,8000.00000000,0.4849
1626695151897000,0,131.82000000,0.4849
1626695169124000,0,11476.66480000,0.4847
1626695194899000,0,250.00000000,0.4843
1626695236419000,1,5688.33484637,0.4838
1626695335644000,0,4385.54759784,0.4842
1626695350486000,1,400.00000000,0.4838
1626695384759000,1,8000.00000000,0.4838
1626695384818000,0,7947.90344000,0.4838
1626695394295000,0,0.00000827,0.4838
1626695403977000,0,400.10496439,0.4844
1626695436014000,0,205.39363700,0.4844
1626695556076000,1,628.25000016,0.4833
1626695631359000,0,102.91940422,0.4834
1626695649353000,0,1800.00000000,0.4835
1626695701216000,0,700.93000000,0.4836
1626695843444000,1,81.63828000,0.4831
1626695849869000,0,1663.74600000,0.4834
1626695921839000,1,13180.77100000,0.4831
1626695933428000,0,2599.00000000,0.4832
1626696009759000,1,412.00000000,0.4823
1626696010474000,1,0.47181015,0.4823
1626696014718000,1,12286.75133972,0.4820
1626696014718000,1,19713.24866028,0.4820
1626696014907000,1,12001.14931820,0.4820
1626696014909000,1,474.33818069,0.4820
1626696015153000,1,2712.92606932,0.4820
1626696015278000,1,4429.31968974,0.4820
1626696015375000,1,913.86715000,0.4820
1626696015416000,1,29755.15093177,0.4820
1626696015416000,1,92.52838271,0.4820
1626696015486000,1,670.93795393,0.4819
1626696015486000,1,242.92919607,0.4817
1626696015676000,1,670.93795000,0.4817
1626696016247000,1,0.00000500,0.4817
1626696023370000,1,13238.37810000,0.4811
1626696043492000,0,5694.83474127,0.4818
1626696053008000,0,7840.00000000,0.4820
1626696058693000,0,8000.00000000,0.4820
1626696089744000,1,13213.34630000,0.4818
1626696120258000,1,4997.69880106,0.4816
1626696132336000,0,134.51583203,0.4823
1626696133615000,0,50.30318299,0.4823
1626696144784000,0,8815.88160000,0.4818
1626696144784000,0,4410.20307550,0.4819
1626696144784000,0,4302.40000000,0.4819
1626696144784000,0,3542.28446193,0.4819
1626696171994000,0,54.27145047,0.4827
1626696237501000,1,2000.00000000,0.4831
1626696259006000,0,166.64642000,0.4838
1626696306251000,1,105.75000000,0.4839
1626696312951000,0,235.40501900,0.4844
1626696356668000,0,780.00000000,0.4847
1626696388550000,0,1038.44000000,0.4850
1626696398083000,1,739.77131100,0.4854
1626696406946000,1,467.61127700,0.4852
1626696430606000,1,58.20000000,0.4854
1626696475212000,0,200.00000000,0.4857
1626696497003000,0,407.08107800,0.4858
1626696501645000,1,75.75000000,0.4855
1626696653708000,1,57.90247600,0.4846
1626696694662000,1,834.85520500,0.4847
1626696701505000,0,68.22900600,0.4850
1626696807698000,1,6432.77975700,0.4838
1626696846255000,1,121.10000000,0.4836
1626696868602000,0,160.42222800,0.4839
1626696956760000,1,75.73000000,0.4825
1626696960292000,1,478.55909994,0.4821
1626696969119000,1,7999.99999999,0.4815
1626696969122000,1,0.00000001,0.4815
1626696992840000,0,100.47000000,0.4820
1626697038928000,1,3853.67224900,0.4817
1626697098851000,1,45.00000000,0.4812
1626697112449000,1,4000.00000000,0.4813
1626697123898000,0,27440.00000000,0.4820
1626697127444000,0,134.26000000,0.4820
1626697134468000,0,60.27000000,0.4820
1626697137055000,0,284.18807053,0.4820
1626697144854000,0,43.12000000,0.4820
1626697192579000,0,38.16192947,0.4820
1626697232796000,0,380.21505002,0.4818
1626697281893000,0,462.58802500,0.4834
1626697305430000,0,1006.29538400,0.4836
1626697365700000,0,206.42045360,0.4832
1626697373268000,1,215.00000000,0.4829
1626697374530000,0,112.70000000,0.4833
1626697375412000,0,2485.81540928,0.4833
1626697386211000,1,8500.00000000,0.4829
1626697388806000,0,288.70800000,0.4833
1626697401093000,0,91.20860000,0.4829
1626697401418000,0,7840.00000000,0.4829
1626697401513000,0,68.79140000,0.4829
1626697426383000,0,196.00000000,0.4825
1626697427969000,0,4.00000000,0.4825
1626697430711000,1,94.19000000,0.4823
1626697431001000,1,10000.00000000,0.4823
1626697500064000,0,1047.01812000,0.4830
1626697531864000,0,41.20527579,0.4830
1626697544606000,1,4400.98635330,0.4823
1626697610272000,0,7840.00000000,0.4822
1626697610303000,0,160.00000000,0.4822
1626697628034000,0,107.78490722,0.4824
1626697629820000,0,122.10800000,0.4823
1626697631696000,0,7840.00000000,0.4822
1626697636632000,0,195.90350659,0.4825
1626697649269000,1,300.00000000,0.4819
1626697666474000,0,411.53886200,0.4823
1626697705475000,1,800.00000000,0.4821
1626697811280000,1,1049.58450096,0.4809
1626697829892000,0,299.97800000,0.4812
1626697830050000,0,474.34480200,0.4814
1626697830082000,0,187.00000000,0.4814
1626697832078000,0,474.34480200,0.4812
1626697833683000,0,7840.00000000,0.4812
1626697834058000,0,474.34480200,0.4814
1626697835100000,0,474.34480200,0.4813
1626697837114000,0,474.34480300,0.4816
1626697839169000,0,474.34480300,0.4814
1626697847822000,1,138.00000000,0.4804
1626697848173000,1,2153.12151602,0.4804
1626697848173000,1,1487.83023599,0.4804
1626697866569000,1,50.00000000,0.4803
1626697866569000,1,4000.00000000,0.4802
1626697867766000,1,198.00000000,0.4801
1626697867981000,1,0.27815665,0.4801
1626697867981000,1,1183.12341335,0.4801
1626697868074000,1,0.27815872,0.4801
1626697868074000,1,700.00000000,0.4800
1626697868074000,1,190.56250000,0.4800
1626697868074000,1,800.00000000,0.4800
1626697868074000,1,100.00000000,0.4800
1626697868074000,1,3093.91666666,0.4800
1626697868074000,1,2500.00000000,0.4800
1626697868074000,1,166.00000000,0.4800
1626697868074000,1,2486.93750000,0.4800
1626697868565000,1,22050.00000000,0.4796
1626697868565000,1,10249.24305121,0.4793
1626697868565000,1,1317.78306229,0.4793
1626697868565000,1,1605.50289615,0.4790
1626697871461000,1,1439.14099525,0.4790
1626697871534000,1,120.21575246,0.4790
1626697871734000,1,10885.14035614,0.4790
1626697871842000,1,1631.71783186,0.4790
1626697871915000,1,680.18195936,0.4790
1626697871918000,1,0.00000001,0.4790
1626697871970000,1,1452.73547203,0.4784
1626697873612000,0,431.12331500,0.4787
1626697876562000,1,1588.26428825,0.4776
1626697877216000,1,260.33507853,0.4775
1626697877216000,1,100.00000000,0.4775
1626697878016000,1,20578.02727108,0.4770
1626697878067000,1,7421.97272892,0.4770
1626697878407000,0,894.00537400,0.4776
1626697879574000,0,1800.00000000,0.4773
1626697879703000,0,17243.76650000,0.4773
1626697880364000,0,706.96485000,0.4776
1626697886980000,0,108.43459308,0.4795
1626697888874000,0,3000.00000000,0.4789
1626697890480000,0,1581.72065000,0.4793
1626697891519000,0,1477.70252000,0.4795
1626697891548000,1,8000.00000000,0.4790
1626697896635000,0,1581.72065000,0.4793
1626697899714000,0,1581.72065000,0.4792
1626697915124000,0,8862.36830000,0.4793
1626697920370000,0,4432.54163000,0.4792
1626697920775000,0,0.00000493,0.4792
1626697921310000,0,1056.39232000,0.4794
1626697930723000,0,1211.13756600,0.4793
1626697932598000,0,1053.72368400,0.4792
1626697938141000,0,4432.57636000,0.4792
1626697976681000,0,9952.44220000,0.4786
1626697986360000,1,5539.94811000,0.4789
1626697986418000,1,2460.05189000,0.4789
1626698018311000,0,0.00000454,0.4792
1626698018311000,0,779.99999546,0.4792
1626698047544000,0,576.73030000,0.4785
1626698050921000,0,4439.84428000,0.4785
1626698088176000,0,93.40957800,0.4780
1626698093243000,0,427.86323800,0.4776
1626698093994000,1,144.09900000,0.4769
1626698094105000,1,0.00004716,0.4769
1626698094105000,1,1724.37441669,0.4768
1626698095689000,1,1000.00000000,0.4763
1626698097495000,1,650.00000000,0.4760
1626698097787000,1,1861.07040000,0.4760
1626698098777000,1,0.00001479,0.4760
1626698098844000,1,93.74200000,0.4757
1626698101643000,1,0.00004825,0.4757
1626698103290000,0,2580.00000000,0.4761
1626698106948000,0,431.41069141,0.4763
1626698108062000,0,3903.80000000,0.4762
1626698108862000,0,500.00000000,0.4765
1626698108862000,0,3903.80000000,0.4765
1626698113663000,0,8910.91440000,0.4765
1626698113663000,0,21460.11000000,0.4765
1626698116384000,0,52.46809939,0.4767
1626698121032000,1,8000.00000000,0.4763
1626698124909000,1,2746.55658500,0.4758
1626698125974000,1,150.00000000,0.4762
1626698126997000,1,7850.00000000,0.4762
1626698139597000,0,6244.11852000,0.4775
1626698142276000,1,4000.00000000,0.4770
1626698142328000,1,4000.00000000,0.4770
1626698143404000,0,114.46650000,0.4771
1626698146337000,1,7000.00000000,0.4773
1626698149259000,1,1360.02083483,0.4770
1626698150623000,1,6000.00000000,0.4772
1626698150691000,1,2000.00000000,0.4772
1626698154605000,1,8000.00000000,0.4765
1626698155992000,1,8000.00000000,0.4761
1626698155992000,1,2095.47103905,0.4759
1626698155992000,1,500.00000000,0.4758
1626698155992000,1,5239.13508167,0.4757
1626698155992000,1,10790.82785895,0.4757
1626698155992000,1,2095.80599009,0.4757
1626698155992000,1,500.00000000,0.4756
1626698155992000,1,17822.23306590,0.4753
1626698155992000,1,2956.52696434,0.4752
1626698164718000,1,4000.00000000,0.4763
1626698164786000,1,4000.00000000,0.4763
1626698165300000,0,8917.15520000,0.4767
1626698165300000,0,15804.10175884,0.4767
1626698165406000,0,15000.00000036,0.4763
1626698165604000,0,3845.89820000,0.4767
1626698169254000,1,8000.00000000,0.4768
1626698171053000,1,8000.00000000,0.4764
1626698182760000,0,624.57226700,0.4770
1626698185350000,0,852.06052857,0.4771
1626698186282000,1,3500.00000000,0.4767
1626698186680000,1,24713.11777975,0.4767
1626698191641000,1,2571.84197325,0.4767
1626698200523000,0,2096.99628937,0.4772
1626698200693000,0,4448.09999999,0.4772
1626698212088000,1,5245.00000000,0.4760
1626698213823000,1,0.77505277,0.4760
1626698213823000,1,6740.06194133,0.4759
1626698213897000,1,6897.77932869,0.4759
1626698214947000,1,279.73919800,0.4754
1626698216701000,1,2015.30859000,0.4752
1626698221191000,1,0.00000329,0.4752
1626698221191000,1,67.49473684,0.4750
1626698221191000,1,99.99995987,0.4750
1626698221262000,1,0.00004013,0.4750
1626698222241000,0,10500.00000000,0.4750
1626698225457000,0,75.00000000,0.4751
1626698225981000,1,2154.35885000,0.4743
1626698227302000,1,0.00000807,0.4743
1626698229709000,0,208.44434200,0.4747
1626698236685000,1,64.67766125,0.4740
1626698238463000,0,187.90908700,0.4751
1626698245993000,1,2782.61510000,0.4742
1626698251394000,1,2294.01274240,0.4735
1626698252215000,0,134.12402600,0.4736
1626698255675000,0,3000.00000000,0.4739
1626698255694000,0,40787.00000000,0.4740
1626698259876000,0,13427.63100000,0.4742
1626698263722000,1,3000.00000000,0.4738
1626698285002000,1,765.01951599,0.4735
1626698285703000,1,0.00000001,0.4735
1626698289103000,0,4181.10000000,0.4738
1626698289103000,0,8964.38120000,0.4738
1626698291746000,1,3000.00000000,0.4732
1626698291746000,1,2111.89107510,0.4732
1626698291746000,1,4043.90000000,0.4731
1626698291746000,1,3581.90891060,0.4731
1626698304052000,1,112.68075237,0.4730
1626698304266000,1,198.27815664,0.4730
1626698304268000,1,0.00000001,0.4730
1626698305408000,1,112.00000000,0.4727
1626698305830000,1,2322.27435000,0.4727
1626698306342000,1,0.00000110,0.4727
1626698308654000,1,1678.57473584,0.4722
1626698308989000,1,168.14270000,0.4722
1626698309010000,1,0.00005674,0.4722
1626698310324000,1,86.44250937,0.4720
1626698310324000,1,692.21338030,0.4719
1626698310360000,1,1882.93437790,0.4719
1626698311687000,0,3000.00000000,0.4722
1626698313198000,0,500.00000000,0.4726
1626698318884000,1,2116.26993904,0.4722
1626698318884000,1,2998.93193196,0.4721
1626698320385000,0,18250.00000000,0.4729
1626698320704000,1,66.22000000,0.4724
1626698330685000,1,250.19540500,0.4732
1626698336439000,0,204.63000000,0.4733
1626698341430000,0,111.78540000,0.4737
1626698341661000,0,255.56000000,0.4738
1626698345919000,0,3000.00000000,0.4743
1626698369952000,0,177.16000000,0.4761
1626698370162000,1,505.53086300,0.4751
1626698371569000,0,13398.70470000,0.4755
1626698371569000,0,2674.39612278,0.4758
1626698377044000,1,420.29354900,0.4755
1626698378083000,1,399.05737900,0.4751
1626698389592000,0,901.17958840,0.4762
1626698400287000,0,131.44950480,0.4764
1626698411764000,0,941.51156200,0.4755
1626698411867000,1,209.17901400,0.4748
1626698422307000,0,8000.00000000,0.4749
1626698422323000,0,941.51156200,0.4749
1626698434152000,0,188.09763600,0.4752
1626698441448000,1,94.95971200,0.4746
1626698462518000,0,522.26249500,0.4746
1626698483483000,0,1296.44809800,0.4750
1626698545856000,0,595.96101630,0.4758
1626698550022000,0,146.16657000,0.4756
1626698556856000,0,200.00000000,0.4756
1626698597810000,0,5129.39887800,0.4762
1626698598786000,1,681.84185900,0.4756
1626698600825000,0,83.46011500,0.4762
1626698602995000,0,104.25939300,0.4764
1626698614410000,1,60.13955000,0.4753
1626698619009000,0,104.19546500,0.4757
1626698630836000,1,852.06052857,0.4750
1626698640313000,0,530.08426887,0.4757
1626698665236000,0,104.40635200,0.4753
1626698677251000,0,415.79737800,0.4752
1626698685011000,0,1065.65078200,0.4754
1626698702160000,0,125.26039100,0.4751
1626698704214000,0,208.75122000,0.4752
1626698707599000,0,156.60293900,0.4748
1626698708127000,1,12500.00000000,0.4744
1626698708269000,1,1350.00000000,0.4744
1626698747553000,1,77.11000000,0.4742
1626698767579000,1,58.12920006,0.4741
1626698772520000,0,877.02931100,0.4741
1626698778120000,0,104.55372500,0.4741
1626698778211000,1,306.00000000,0.4734
1626698782129000,0,104.56474000,0.4741
1626698825685000,1,8000.00000000,0.4740
1626698825685000,1,368.06970000,0.4740
1626698839709000,1,500.00000000,0.4743
1626698844357000,0,498.73681300,0.4751
1626698855578000,1,4262.78846079,0.4743
1626698870126000,1,1055.81066500,0.4740
1626698877095000,0,209.15592100,0.4746
1626698879810000,0,200.00000000,0.4741
1626698886113000,0,627.44163600,0.4743
1626698887009000,1,2108.00000000,0.4737
1626698887012000,1,0.00909524,0.4737
1626698890561000,1,783.77232300,0.4735
1626698904915000,1,393.96649836,0.4737
1626698945203000,0,877.60262300,0.4733
1626698945449000,0,877.60262300,0.4734
1626698966186000,0,248.85860200,0.4737
1626698973617000,0,8959.88100000,0.4736
1626698973666000,0,4481.18534198,0.4736
1626698987265000,0,579.29586900,0.4741
1626699007566000,1,532.16478400,0.4741
1626699027966000,0,586.08648700,0.4745
1626699031051000,0,155.30048100,0.4741
1626699032065000,0,155.30048100,0.4741
1626699033112000,0,155.30048100,0.4742
1626699034080000,0,155.30048200,0.4742
1626699035104000,0,155.30048100,0.4742
1626699036648000,0,155.30048200,0.4739
1626699037704000,0,155.30048100,0.4741
1626699045724000,0,104.65294100,0.4742
1626699053032000,0,4473.93421958,0.4742
1626699076235000,0,4475.17739000,0.4741
1626699109099000,0,0.00000223,0.4741
1626699109099000,0,136.62220266,0.4745
1626699132135000,1,12125.11821918,0.4744
1626699159769000,0,1048.34363739,0.4746
1626699194725000,0,104.91382900,0.4745
1626699207186000,0,73.32400000,0.4745
1626699207219000,0,19988.03750000,0.4745
1626699209244000,0,4469.91166300,0.4746
1626699209350000,0,4469.27825149,0.4747
1626699209350000,0,12428.16822672,0.4748
1626699209350000,0,15102.55352179,0.4748
1626699211155000,1,4464.95216000,0.4746
1626699214595000,1,0.00000009,0.4746
1626699215127000,1,204.91894062,0.4741
1626699232321000,0,208.89681600,0.4751
1626699238180000,0,903.19004924,0.4751
1626699256138000,1,2106.11742936,0.4744
1626699277837000,0,73.18277200,0.4741
1626699286616000,0,3384.27321078,0.4738
1626699304987000,1,2111.10635344,0.4733
1626699304987000,1,4260.30000000,0.4733
1626699308544000,0,1693.26178971,0.4739
1626699331212000,0,122.90000000,0.4742
1626699351456000,1,12428.16822672,0.4737
1626699351456000,1,2571.83177328,0.4737
1626699365371000,1,4549.59390000,0.4741
1626699380048000,1,1927.91598701,0.4741
1626699424386000,0,176.77000000,0.4749
1626699425104000,1,407.49620000,0.4742
1626699457167000,0,419.13433024,0.4748
1626699479772000,0,209.54068567,0.4749
1626699485581000,1,490.00000000,0.4742
1626699512505000,0,209.65547829,0.4746
1626699532947000,1,2638.74964160,0.4740
1626699538899000,0,104.61764300,0.4742
1626699552785000,0,83.72058700,0.4742
1626699558675000,0,1679.15432645,0.4741
1626699559179000,0,1111.99662660,0.4741
1626699573048000,1,267.00000000,0.4733
1626699580052000,0,435.93147100,0.4741
1626699589908000,0,163.00000000,0.4739
1626699593923000,0,746.68628900,0.4735
1626699600585000,0,104.26759911,0.4737
1626699606265000,1,3943.35393000,0.4733
1626699608095000,1,0.00000555,0.4733
1626699609496000,1,5056.64607000,0.4727
1626699609506000,1,12443.35393000,0.4727
1626699612936000,0,8000.00000000,0.4730
1626699625611000,1,4456.46701090,0.4735
1626699651280000,0,8954.22380000,0.4737
1626699651280000,0,13433.68580000,0.4737
1626699679252000,0,998.36678566,0.4734
1626699712513000,1,345.55650000,0.4719
1626699712549000,1,0.00000950,0.4719
1626699713379000,0,878.74604900,0.4723
1626699714511000,0,4390.29668000,0.4722
1626699721626000,1,7428.16822005,0.4723
1626699721626000,1,4486.39398281,0.4723
1626699721626000,1,20443.84000000,0.4723
1626699722073000,1,6884.00000000,0.4723
1626699722104000,1,255.00000000,0.4723
1626699723139000,0,97.64146789,0.4728
1626699723139000,0,112.35853211,0.4729
1626699723404000,1,1617.00000000,0.4721
1626699724055000,1,8296.58671510,0.4721
1626699724379000,1,3529.29668000,0.4721
1626699726024000,1,2101.06183000,0.4718
1626699727224000,0,220.50850600,0.4724
1626699727487000,0,1800.00000000,0.4722
1626699728675000,0,220.50850600,0.4722
1626699728872000,0,11449.76329000,0.4722
1626699729248000,0,12095.30118000,0.4723
1626699729313000,0,220.50850600,0.4725
1626699730345000,0,220.50850600,0.4725
1626699730788000,0,21958.98298000,0.4725
1626699731591000,0,220.50850600,0.4728
1626699734542000,0,780.00000000,0.4724
1626699740765000,0,960.07477782,0.4726
1626699750957000,0,13469.38520000,0.4722
1626699756593000,0,7665.56735000,0.4721
1626699756666000,0,5816.00835000,0.4721
1626699762775000,0,13469.82120000,0.4723
1626699773024000,0,1920.00000000,0.4722
1626699783603000,0,6714.17045000,0.4722
1626699784664000,0,6759.49665000,0.4722
1626699798069000,0,410.50909900,0.4728
1626699807335000,0,82.36780000,0.4727
1626699807404000,0,922.80970000,0.4727
1626699807439000,0,175.20960000,0.4727
1626699807467000,0,12280.50900000,0.4727
1626699834443000,0,2115.88785000,0.4729
1626699835637000,0,0.00000887,0.4729
1626699835637000,0,10218.17447397,0.4735
1626699835637000,0,8968.58717493,0.4735
1626699835637000,0,66689.87490000,0.4735
1626699835637000,0,2113.44088992,0.4735
1626699835637000,0,12009.92255231,0.4736
1626699846664000,0,989.39000000,0.4735
1626699853686000,1,102.25662200,0.4731
1626699905828000,1,14731.93730000,0.4737
1626699905828000,1,9842.25720000,0.4736
1626699905828000,1,4475.14457884,0.4736
1626699905828000,1,2109.81461748,0.4736
1626699905828000,1,17100.00000000,0.4736
1626699905828000,1,1740.84630368,0.4736
1626699912482000,0,209.98288524,0.4739
1626699912782000,1,731.74234424,0.4735
1626699926377000,1,3000.00000000,0.4732
1626699926377000,1,2111.33841147,0.4732
1626699926377000,1,10897.30479967,0.4732
1626699926377000,1,8000.00000000,0.4732
1626699926377000,1,14686.40100000,0.4732
1626699926377000,1,11304.95578886,0.4732
1626699937069000,0,13430.11920000,0.4738
1626699937069000,0,4478.38407066,0.4739
1626699937144000,0,780.00000000,0.4737
1626699937246000,0,500.00000000,0.4743
1626699937246000,0,536.15170360,0.4743
1626699968098000,0,505.15248000,0.4741
1626699972101000,0,600.00000000,0.4743
1626699981228000,0,11112.01652312,0.4744
1626700009759000,0,130.67123300,0.4747
1626700018776000,0,693.66370100,0.4748
1626700029840000,0,62.70845500,0.4744
1626700035877000,0,1881.72919800,0.4743
1626700063879000,0,8118.27080000,0.4743
1626700112623000,0,4474.71812000,0.4741
1626700130248000,0,799.66708855,0.4741
1626700136640000,0,877.48771071,0.4740
1626700154395000,0,502.93378700,0.4739
1626700214867000,0,60.02509500,0.4727
1626700236348000,0,780.00000000,0.4722
1626700279681000,1,98.75000000,0.4724
1626700284618000,1,54.43065600,0.4724
1626700293248000,0,104.98058300,0.4728
1626700320328000,1,119.81410660,0.4728
1626700324221000,0,62.50132194,0.4732
1626700324441000,0,104.87188000,0.4732
1626700330483000,0,4482.31252000,0.4731
1626700330554000,0,0.00000765,0.4731
1626700330588000,0,1734.97100000,0.4731
1626700368236000,0,915.49172300,0.4734
1626700384736000,1,1720.65740538,0.4727
1626700399349000,0,210.34688398,0.4730
1626700442828000,0,4283.00000000,0.4733
1626700487071000,0,0.00000200,0.4743
1626700487071000,0,184.24448200,0.4747
1626700490998000,1,90.83511700,0.4741
1626700514202000,0,209.80135787,0.4743
1626700577107000,0,512.22633000,0.4740
1626700612832000,1,61.49975277,0.4738
1626700623826000,0,62.94837730,0.4742
1626700629771000,0,419.54079352,0.4743
1626700669210000,0,17000.00000000,0.4745
1626700680312000,1,231.16760926,0.4740
1626700687545000,1,16596.91910000,0.4738
1626700694228000,0,620.93853600,0.4741
1626700705728000,1,13234.26923965,0.4740
1626700705729000,1,3285.23216035,0.4740
1626700737602000,0,8000.00000000,0.4749
1626700755909000,1,4396.82865039,0.4751
1626700778768000,1,5215.37974638,0.4746
1626700810349000,0,626.99735600,0.4747
1626700880998000,0,160.03210637,0.4743
1626700909692000,1,212.46469500,0.4737
1626700920288000,0,212.97324859,0.4744
1626700928489000,0,1344.16461900,0.4744
1626701017100000,0,41.98949234,0.4739
1626701056196000,0,208.31000000,0.4744
1626701070665000,1,801.11814000,0.4740
1626701071480000,1,0.00000345,0.4740
1626701093627000,0,104.90765900,0.4739
1626701110666000,0,4210.81714961,0.4738
1626701167469000,1,555.37495800,0.4731
1626701171746000,1,306.70000000,0.4729
1626701324126000,0,350.00000000,0.4733
1626701344932000,1,189.52000000,0.4726
1626701351894000,0,589.16517400,0.4732
1626701353896000,0,62.91648000,0.4732
1626701366935000,1,134.56458068,0.4725
1626701388884000,0,1049.18440100,0.4732
1626701389174000,1,153.46000000,0.4725
1626701414766000,0,1052.55768295,0.4727
1626701421817000,1,8000.00000000,0.4719
1626701421817000,1,80.04908517,0.4719
1626701421817000,1,12428.16822672,0.4717
1626701421817000,1,2118.56688344,0.4717
1626701421817000,1,2262.97594997,0.4717
1626701437170000,0,105.01390500,0.4723
1626701463468000,0,1050.58366900,0.4723
1626701497680000,0,1007.57455000,0.4727
1626701516365000,0,1050.00574100,0.4721
1626701518462000,0,8000.13267175,0.4721
1626701525152000,1,4400.00000000,0.4716
1626701553588000,1,300.00000000,0.4714
1626701558667000,0,4662.32252218,0.4715
1626701570132000,1,500.00000000,0.4711
1626701570483000,1,2747.73764000,0.4711
1626701572597000,1,0.00000836,0.4711
1626701572702000,0,879.76496700,0.4711
1626701576831000,1,100.00000000,0.4710
1626701576831000,1,42.47220513,0.4709
1626701630720000,0,65.27990800,0.4712
1626701654094000,0,228.37796000,0.4712
1626701665328000,0,114.20520000,0.4712
1626701665334000,0,0.00004927,0.4712
1626701737707000,0,4481.22297125,0.4722
1626701766977000,0,3000.00000000,0.4728
1626701813271000,0,439.66217800,0.4730
1626701814272000,0,439.66217800,0.4730
1626701815298000,0,439.66217800,0.4730
1626701816338000,0,439.66217800,0.4730
1626701818376000,0,439.66217800,0.4731
1626701820431000,0,439.66217900,0.4729
1626701821440000,0,439.66217800,0.4728
1626701822457000,0,439.66217900,0.4728
1626701839189000,1,17211.48949999,0.4716
1626701844221000,0,100.00000000,0.4717
1626701845666000,0,1576.30930800,0.4714
1626701846973000,0,12089.28288000,0.4713
1626701847049000,0,5578.83712000,0.4713
1626701850668000,0,420.52724400,0.4714
1626701882420000,0,2000.00000000,0.4716
1626701891636000,0,28500.00000000,0.4716
1626701906722000,0,769.23434598,0.4717
1626701930541000,0,210.28144000,0.4723
1626701937132000,0,62.80967607,0.4723
1626702000379000,0,244.02903436,0.4718
1626702016589000,1,2794.59506614,0.4711
1626702018076000,0,429.02283105,0.4714
1626702050283000,0,646.84039700,0.4710
1626702076359000,0,89.88651201,0.4708
1626702083994000,1,2870.16800000,0.4702
1626702084134000,0,880.31632100,0.4705
1626702087027000,0,184.31263500,0.4704
1626702092197000,1,0.00000224,0.4702
1626702092197000,1,853.59574468,0.4700
1626702092197000,1,200.00000000,0.4700
1626702092197000,1,279.12765957,0.4700
1626702092197000,1,1003.74468085,0.4700
1626702092197000,1,240.00000000,0.4700
1626702092197000,1,2500.00000000,0.4700
1626702092197000,1,1632.20103266,0.4700
1626702092255000,1,6000.00000000,0.4700
1626702093272000,1,2120.15780282,0.4700
1626702093287000,1,4250.00000000,0.4700
1626702103691000,0,217.08051200,0.4704
1626702107065000,1,4250.00000000,0.4700
1626702107914000,1,1747.64116452,0.4700
1626702107914000,1,512.40425531,0.4700
1626702107914000,1,2500.00000000,0.4700
1626702107914000,1,100.00000000,0.4700
1626702107914000,1,1206.58473734,0.4700
1626702108456000,1,3043.00000000,0.4700
1626702109291000,1,0.41526266,0.4700
1626702109715000,0,880.89180500,0.4699
1626702114236000,1,94.96977004,0.4696
1626702114236000,1,2938.79008996,0.4694
1626702114477000,1,94.96977000,0.4694
1626702114587000,1,0.00000515,0.4694
1626702115241000,1,3000.00000000,0.4690
1626702115524000,1,3000.00000000,0.4688
1626702115639000,1,3000.00000000,0.4688
1626702115766000,1,3178.66286453,0.4686
1626702116424000,1,3587.00000000,0.4684
1626702116483000,1,731.00000000,0.4684
1626702116559000,0,890.92204400,0.4692
1626702116565000,0,979.80695581,0.4692
1626702116692000,1,8732.00000000,0.4684
1626702116801000,0,890.92204400,0.4688
1626702120323000,0,168.11204520,0.4694
1626702149006000,0,179.42163801,0.4702
1626702150645000,1,13927.61960000,0.4702
1626702154951000,0,48.18296136,0.4703
1626702154951000,0,57.39649564,0.4705
1626702169305000,0,14067.94720000,0.4705
1626702177752000,0,100.00000000,0.4714
1626702187306000,1,13462.78100000,0.4710
1626702240383000,0,100.00000000,0.4711
1626702244436000,0,402.32868483,0.4711
1626702289999000,0,442.01600400,0.4718
1626702310974000,0,1000.00000000,0.4713
1626702333860000,1,13000.00000000,0.4706
1626702346637000,0,306.00674600,0.4709
1626702352024000,0,84.53010512,0.4708
1626702354842000,0,126.49895300,0.4708
1626702355085000,0,4366.94356280,0.4708
1626702360288000,1,1000.00000000,0.4710
1626702372030000,0,1053.16988600,0.4709
1626702373275000,1,130.37786500,0.4706
1626702377930000,0,206.10843600,0.4710
1626702408499000,0,4491.00000000,0.4710
1626702427267000,0,719.00000000,0.4708
1626702429306000,0,359.00000000,0.4708
1626702429399000,0,0.92737635,0.4708
1626702434890000,0,119.00000000,0.4710
1626702434904000,0,0.19542185,0.4710
1626702452750000,0,3432.00000000,0.4707
1626702452771000,0,0.92893088,0.4707
1626702455491000,1,4109.93242032,0.4705
1626702459695000,1,1000.00000000,0.4705
1626702461469000,1,2988.07668300,0.4703
1626702468553000,0,110.53617000,0.4708
1626702482990000,1,90.98730900,0.4702
1626702491413000,0,63.27702900,0.4708
1626702592409000,0,126.54061700,0.4701
1626702601494000,1,7399.62092381,0.4696
1626702658939000,1,13472.82270000,0.4708
1626702679111000,1,2597.38421000,0.4712
1626702708701000,0,4486.50355637,0.4716
1626702715885000,0,205.25000000,0.4719
1626702745124000,1,301.74800000,0.4708
1626702751057000,0,329.94221544,0.4711
1626702751067000,0,164.97836664,0.4711
1626702807924000,1,13483.97639999,0.4702
1626702809709000,0,6551.02141800,0.4704
1626702810058000,0,418.78361429,0.4703
1626702840111000,0,63.30932400,0.4703
1626702866144000,1,77.00000000,0.4699
1626702868580000,0,5799.12252654,0.4703
1626702868580000,0,8989.66660000,0.4703
1626702868665000,0,2127.45633061,0.4703
1626702876595000,1,412.89000000,0.4699
1626702876693000,0,82.32000000,0.4705
1626702886335000,0,406.32339200,0.4704
1626702888342000,1,2498.04476424,0.4699
1626702904968000,0,21500.00000000,0.4700
1626702905030000,0,24467.56311000,0.4700
1626702912685000,0,0.00000296,0.4700
1626702912685000,0,4543.41933610,0.4702
1626702937303000,0,8986.17740000,0.4708
1626702937303000,0,607.82882761,0.4708
1626702954240000,0,2283.11415500,0.4710
1626702992379000,0,199.75641100,0.4707
1626703001717000,1,99.75000000,0.4703
1626703016514000,1,12771.60851876,0.4703
1626703028195000,0,173.47090464,0.4703
1626703034795000,0,211.02358400,0.4703
1626703036987000,0,373.81300600,0.4703
1626703045036000,1,1568.26347500,0.4699
1626703075255000,0,4498.00000000,0.4701
1626703075270000,0,0.51348059,0.4701
1626703078422000,1,336.89041100,0.4699
1626703081638000,0,4497.94500000,0.4701
1626703081650000,0,0.00000875,0.4701
1626703081863000,0,2128.17131211,0.4702
1626703081863000,0,8997.60978789,0.4703
1626703089789000,1,100.00000000,0.4699
1626703089789000,1,4808.95675276,0.4699
1626703137766000,0,88.89497716,0.4703
1626703145357000,0,100.14407200,0.4700
1626703156220000,0,249.94161400,0.4702
1626703206481000,1,837.09194000,0.4692
1626703226937000,1,1645.88732801,0.4697
1626703271210000,0,61.68000000,0.4710
1626703313850000,0,100.00000000,0.4713
1626703320220000,0,3252.38647146,0.4714
1626703333543000,0,3000.00000000,0.4717
1626703434255000,0,1054.63272141,0.4717
1626703466237000,0,4489.87421472,0.4712
1626703466237000,0,1581.29101707,0.4714
1626703478928000,1,13473.80900000,0.4706
1626703478928000,1,3000.00000000,0.4703
1626703478928000,1,8000.00000000,0.4703
1626703478928000,1,12900.00000000,0.4703
1626703478928000,1,2123.95887788,0.4703
1626703478928000,1,4030.51500000,0.4702
1626703478928000,1,500.00000000,0.4702
1626703478928000,1,1939.28023508,0.4701
1626703491115000,1,80.50422000,0.4705
1626703499286000,0,1056.04304727,0.4711
1626703502763000,0,102.78000000,0.4711
1626703550570000,0,462.50000000,0.4703
1626703560198000,0,4491.58801470,0.4710
1626703560198000,0,5663.31318530,0.4710
1626703603694000,1,15535.06400000,0.4707
1626703603703000,1,101.21140000,0.4707
1626703603764000,1,4153.69300000,0.4707
1626703603911000,1,960.03160000,0.4707
1626703623115000,1,485.00000000,0.4712
1626703628045000,1,73.22918000,0.4713
1626703635754000,1,2000.00000000,0.4712
1626703650272000,0,2058.68063200,0.4722
1626703664612000,1,5423.80472700,0.4720
1626703666581000,1,297.10764500,0.4720
1626703705732000,0,3000.00000000,0.4726
1626703705768000,0,2917.67445508,0.4726
1626703707948000,0,200.00000000,0.4735
1626703711091000,1,12428.16822672,0.4729
1626703711091000,1,2171.83177328,0.4728
1626703719664000,0,5086.00000000,0.4735
1626703721780000,1,8931.26480000,0.4732
1626703761824000,0,100.00000000,0.4731
1626703782365000,1,716.06920000,0.4728
1626703797726000,1,0.00000298,0.4728
1626703797726000,1,685.09821002,0.4727
1626703883629000,0,1278.24279000,0.4734
1626703914714000,1,500.00000000,0.4728
1626703975283000,1,230.00000000,0.4720
1626703983473000,0,10803.98570000,0.4729
1626703983601000,0,2580.00000000,0.4729
1626704009544000,0,104.14023513,0.4730
1626704025180000,0,99.92532611,0.4730
1626704031763000,1,90.62299200,0.4724
1626704071615000,0,2998.61460521,0.4729
1626704091872000,0,58.87715410,0.4729
1626704126888000,1,99.75000000,0.4725
1626704208180000,1,86.00000000,0.4723
1626704233513000,0,205.40203200,0.4732
1626704238621000,1,50.00000000,0.4726
1626704252085000,0,199.71553527,0.4733
1626704253364000,0,102.70101600,0.4733
1626704306496000,1,3000.00000000,0.4725
1626704351125000,0,215.82872822,0.4719
1626704400307000,1,8025.46560689,0.4714
1626704416491000,1,5000.00000000,0.4712
1626704416563000,1,7000.00000000,0.4712
1626704449532000,1,4500.00000000,0.4727
1626704449701000,1,4000.00000000,0.4727
1626704458331000,0,14786.71990000,0.4735
1626704459221000,0,0.00002609,0.4735
1626704460848000,1,13393.46500000,0.4737
1626704462762000,1,5500.00000000,0.4736
1626704462880000,1,8000.00000000,0.4736
1626704462958000,1,1300.00000000,0.4736
1626704463068000,1,5500.00000000,0.4736
1626704466905000,1,6690.08557000,0.4733
1626704467636000,0,185.12031700,0.4740
1626704468419000,1,5000.00000000,0.4733
1626704468485000,1,8000.00000000,0.4733
1626704468540000,1,5550.00000000,0.4733
1626704470901000,1,13403.00680000,0.4732
1626704474180000,1,13397.39260000,0.4736
1626704475590000,1,13393.20270000,0.4737
1626704479537000,1,6500.00000000,0.4735
1626704479594000,1,6900.73260000,0.4735
1626704487088000,1,4098.68237000,0.4736
1626704490804000,1,464.88891593,0.4736
1626704494718000,1,2109.35175000,0.4737
1626704494904000,1,0.00000925,0.4737
1626704501320000,1,1000.19993877,0.4733
1626704506173000,1,3630.08388000,0.4735
1626704518752000,1,1502.51705000,0.4733
1626704521489000,1,376.00000000,0.4730
1626704526293000,1,3274.26768000,0.4733
1626704532806000,1,0.00000699,0.4733
1626704533321000,1,19500.00000000,0.4728
1626704550657000,0,524.29292700,0.4732
1626704557101000,0,1430.25423300,0.4734
1626704562927000,1,69.75000000,0.4728
1626704598871000,1,6000.00000000,0.4721
1626704623567000,0,126.09139400,0.4721
1626704630736000,0,8000.00000000,0.4722
1626704640732000,1,2117.07023000,0.4720
1626704640799000,1,0.00000992,0.4720
1626704640799000,1,4999.99999008,0.4720
1626704640911000,1,5623.69234000,0.4720
1626704640963000,1,4000.00000000,0.4720
1626704641023000,1,7826.30766000,0.4720
1626704645374000,1,13429.49950000,0.4722
1626704645808000,1,13424.86000000,0.4722
1626704646891000,1,4218.95643000,0.4721
1626704693385000,0,7840.00000000,0.4727
1626704693409000,0,7840.00000000,0.4727
1626704696016000,0,1052.33908400,0.4729
1626704701054000,1,13450.00000000,0.4723
1626704704259000,1,50.00000000,0.4722
1626704711908000,1,5650.37641000,0.4720
1626704712504000,1,4000.00000000,0.4720
1626704713113000,1,4000.00000000,0.4720
1626704713217000,1,4000.00000000,0.4720
1626704713286000,1,4449.62359000,0.4720
1626704725275000,0,630.16343900,0.4724
1626704726884000,0,7369.83656100,0.4724
1626704733578000,0,186.93776400,0.4723
1626704745382000,1,458.42463500,0.4716
1626704767665000,1,3362.96779000,0.4717
1626704784975000,1,13500.00000000,0.4713
1626704785027000,1,9600.00000000,0.4713
1626704856725000,1,4487.00555501,0.4708
1626704856725000,1,8000.00000000,0.4708
1626704856725000,1,4030.51500000,0.4708
1626704856725000,1,8000.00000000,0.4708
1626704856725000,1,3000.00000000,0.4708
1626704856725000,1,21850.00000000,0.4707
1626704856725000,1,10865.67871243,0.4706
1626704856725000,1,9766.80073256,0.4706
1626704858556000,0,479.50228310,0.4715
1626704877905000,0,52.25531300,0.4714
1626704880343000,0,2009.90798896,0.4714
1626704900604000,0,105.29464300,0.4714
1626704940300000,0,1002.00729292,0.4717
1626704978864000,1,16874.16533000,0.4716
1626704998268000,1,6500.00000000,0.4713
1626704998328000,1,4000.00000000,0.4713
1626704998465000,1,8550.00000000,0.4713
1626705000282000,0,584.62536297,0.4716
1626705008223000,0,88.57834000,0.4714
1626705012708000,0,105.24105300,0.4712
1626705016102000,0,105.60653789,0.4711
1626705019914000,0,2011.78439198,0.4710
1626705029895000,0,1481.89013134,0.4710
1626705039127000,1,7501.69879000,0.4710
1626705042062000,1,0.00000640,0.4710
1626705042062000,1,220.99999360,0.4709
1626705049169000,1,7001.02489000,0.4711
1626705069051000,1,718.69034000,0.4709
1626705074359000,1,3768.92999000,0.4709
1626705079043000,0,78.11402261,0.4713
1626705087414000,0,73.72189200,0.4713
1626705093101000,1,6000.00000000,0.4714
1626705093151000,1,5000.00000000,0.4714
1626705099466000,0,403.76000000,0.4715
1626705101006000,0,126.76757200,0.4716
1626705105062000,0,8000.00000000,0.4717
1626705105062000,0,6865.51689291,0.4717
1626705126628000,1,175.14443000,0.4716
1626705127126000,1,588.91262135,0.4716
1626705128427000,1,11985.94294000,0.4716
1626705131806000,0,1051.89748300,0.4718
1626705192773000,0,2103.79496700,0.4720
1626705255007000,0,105.03613100,0.4725
1626705271501000,1,4469.71306000,0.4726
1626705293832000,1,11000.00000000,0.4727
1626705293890000,1,4800.00000000,0.4727
1626705310447000,1,0.00000479,0.4726
1626705342724000,0,85.48017335,0.4719
1626705342762000,0,540.96000000,0.4719
1626705343401000,0,616.74340000,0.4719
1626705343788000,0,85.47634187,0.4719
1626705344142000,0,2521.65939983,0.4719
1626705353869000,0,224.20299800,0.4719
1626705379896000,0,150.00000000,0.4717
1626705406654000,0,105.07838600,0.4722
1626705500574000,1,13400.00000000,0.4722
1626705574437000,1,2366.24365000,0.4728
1626705596771000,0,42.05782276,0.4732
1626705600516000,1,1018.00000000,0.4730
1626705614160000,1,1050.00000000,0.4730
1626705616449000,1,6000.00000000,0.4729
1626705616507000,1,4152.08795000,0.4729
1626705629276000,0,524.40372900,0.4732
1626705648207000,0,160.00000000,0.4732
1626705655047000,0,883.20646000,0.4733
1626705680522000,1,0.00000855,0.4729
1626705680522000,1,2630.89092145,0.4728
1626705687556000,0,4216.35971484,0.4731
1626705720347000,1,379.71158008,0.4728
1626705729481000,0,527.14515500,0.4731
1626705747056000,0,231.86624000,0.4733
1626705749540000,0,847.67318026,0.4734
1626705765603000,0,2129.20297200,0.4734
1626705819189000,0,104.80543800,0.4735
1626705831367000,0,104.80543800,0.4736
1626705835398000,0,104.80765200,0.4734
1626705840423000,1,1969.83656100,0.4730
1626705841034000,1,8766.95550000,0.4730
1626705841291000,1,4388.64134000,0.4730
1626705868746000,0,850.00000000,0.4735
1626705876125000,1,490.00000000,0.4731
1626705903154000,1,4466.91909000,0.4734
1626705907570000,1,0.00000449,0.4734
1626705907570000,1,4467.94766551,0.4733
1626705909596000,0,100.00000000,0.4735
1626705910287000,0,32000.00000000,0.4736
1626705915303000,0,104.77888600,0.4736
1626705960301000,1,2439.54836258,0.4732
1626705964986000,0,4100.83964700,0.4735
1626705996617000,0,2087.42540300,0.4739
1626706010991000,0,2288.26080624,0.4738
1626706019920000,0,2098.41174237,0.4742
1626706057644000,0,52.47467566,0.4741
1626706080304000,0,104.42817662,0.4741
1626706108994000,0,52.73705305,0.4740
1626706125855000,0,8000.00000000,0.4742
1626706126049000,1,4044.67995000,0.4742
1626706126137000,1,0.00000360,0.4742
1626706131407000,0,418.80606200,0.4742
1626706139221000,0,4459.86775226,0.4745
1626706165866000,0,8000.00000000,0.4752
1626706165866000,0,16667.77912315,0.4752
1626706166002000,0,608.69914594,0.4754
1626706184578000,0,2445.13896194,0.4753
1626706186462000,0,8000.00000000,0.4753
1626706186462000,0,10020.99823295,0.4754
1626706228537000,0,747.22553400,0.4754
1626706239891000,0,386.70497700,0.4753
1626706266235000,0,179.37292818,0.4753
1626706269111000,0,354.77784200,0.4752
1626706320250000,0,416.46509476,0.4753
1626706333183000,0,1603.98787853,0.4752
1626706346985000,1,500.00000000,0.4748
1626706349981000,0,5041.77176700,0.4752
1626706356661000,1,50.00000000,0.4748
1626706369068000,1,3446.56500000,0.4747
1626706430842000,0,4458.47115418,0.4749
1626706436145000,0,397.88431021,0.4752
1626706474210000,1,54.11535700,0.4743
1626706565565000,1,52.00000000,0.4743
1626706565565000,1,179.34000000,0.4740
1626706750641000,0,2096.36217058,0.4751
1626706758870000,1,46.37657500,0.4748
1626706779580000,0,299.28172631,0.4750
1626706800304000,0,1674.19406821,0.4753
1626706854847000,0,230.00145600,0.4747
1626706861900000,0,104.55152200,0.4747
1626706872416000,1,185.06103345,0.4743
1626706872416000,1,54.07887482,0.4743
1626706880775000,0,737.32325700,0.4746
1626706890751000,1,0.00000001,0.4743
1626706891024000,1,16492.73864633,0.4739
1626706891229000,1,9594.00622761,0.4739
1626706891344000,1,3923.86332809,0.4739
1626706891388000,1,6537.49224556,0.4739
1626706891390000,1,31000.00000000,0.4739
1626706891393000,1,26596.59148002,0.4739
1626706891537000,1,16854.23947499,0.4739
1626706891548000,1,2089.73604727,0.4739
1626706903520000,0,100.00000000,0.4738
1626706919604000,0,7000.00000000,0.4735
1626706919777000,0,1000.00000000,0.4735
1626706925636000,1,8937.99160000,0.4731
1626706925636000,1,4472.23812814,0.4731
1626706925636000,1,13409.19247186,0.4731
1626706951029000,1,2983.22000000,0.4733
1626706960770000,0,204.42460700,0.4736
1626706962490000,0,142.98801300,0.4735
1626707019856000,0,129.90246300,0.4735
1626707058071000,0,300.00000000,0.4739
1626707075974000,0,408.97617238,0.4738
1626707133926000,0,1194.93336600,0.4742
1626707143104000,0,2047.65214200,0.4742
1626707143395000,0,209.87216046,0.4741
1626707170472000,0,200.00000000,0.4741
1626707176487000,0,84.36921900,0.4741
1626707177856000,0,67.01559600,0.4742
1626707180921000,1,2400.00000000,0.4739
1626707181707000,1,8516.38005000,0.4739
1626707214816000,0,1048.90230700,0.4748
1626707215865000,0,100.00000000,0.4748
1626707294701000,0,98.37727900,0.4752
1626707300458000,0,320.65531000,0.4752
1626707326420000,0,1044.52499100,0.4752
1626707334103000,0,6297.88354622,0.4752
1626707339242000,0,68.46458300,0.4753
1626707339859000,0,1044.32716800,0.4753
1626707431593000,0,1000.00000000,0.4753
1626707446276000,0,73.09521000,0.4753
1626707469798000,0,203.77000000,0.4754
1626707479838000,0,15601.29407351,0.4755
1626707523280000,0,61.06000000,0.4758
1626707528905000,0,631.02120900,0.4760
1626707600993000,1,500.00000000,0.4758
1626707616571000,0,635.91550300,0.4759
1626707620597000,0,208.51878700,0.4759
1626707621619000,0,208.51878700,0.4759
1626707622636000,0,208.51878700,0.4759
1626707623654000,0,208.51878700,0.4759
1626707624678000,0,208.51878800,0.4759
1626707625741000,0,208.51878700,0.4759
1626707626726000,0,208.51878800,0.4759
1626707627736000,0,208.51878700,0.4759
1626707628782000,0,208.51878800,0.4759
1626707629777000,0,208.51878700,0.4759
1626707653871000,0,101.69000000,0.4762
1626707657279000,0,203.39000000,0.4762
1626707670226000,0,203.39000000,0.4762
1626707716433000,1,2100.17730000,0.4758
1626707716436000,1,116.29310000,0.4758
1626707716498000,1,77.64860000,0.4758
1626707716499000,1,987.92630000,0.4758
1626707716510000,1,0.00005423,0.4758
1626707716510000,1,1999.99994577,0.4758
1626707723714000,1,0.00005423,0.4758
1626707724227000,0,1526.53740000,0.4758
1626707760312000,0,209.37553259,0.4760
1626707789824000,0,522.91568392,0.4757
1626707808432000,0,511.72932800,0.4756
1626707819225000,0,993.97859095,0.4755
1626707847178000,1,8000.00000000,0.4752
1626707847178000,1,4048.70000000,0.4752
1626707859623000,0,1043.60246000,0.4754
1626707880277000,0,104.09218993,0.4753
1626707915120000,1,256.68956217,0.4746
1626707919453000,0,500.00000000,0.4749
1626707972564000,0,1043.28643200,0.4750
1626708007811000,1,5648.92283383,0.4752
1626708008233000,0,101.85000000,0.4754
1626708010814000,0,101.85000000,0.4754
1626708052473000,1,59.75000000,0.4746
1626708111667000,0,1044.78887100,0.4749
1626708113776000,0,155.37772900,0.4748
1626708124188000,1,50.00000000,0.4743
1626708124275000,1,46.38000000,0.4743
1626708128062000,1,479.90000000,0.4744
1626708144649000,0,209.06340600,0.4747
1626708144836000,0,71.40000000,0.4747
1626708161366000,0,104.53830800,0.4747
1626708238182000,0,122.42000000,0.4747
1626708239331000,0,3135.95109400,0.4747
1626708240281000,0,105.64969228,0.4747
1626708259797000,0,500.00000000,0.4746
1626708260679000,0,209.11626200,0.4746
1626708294857000,0,306.02000000,0.4747
1626708310279000,0,271.50678700,0.4747
1626708356831000,0,400.00000000,0.4750
1626708357673000,1,308.75000000,0.4747
1626708380862000,0,1321.42085096,0.4750
1626708413334000,1,182.45223100,0.4743
1626708433373000,0,104.48768600,0.4751
1626708450128000,0,2089.26985000,0.4747
1626708505909000,1,217.33000000,0.4742
1626708506846000,0,100.00000000,0.4748
1626708520652000,0,209.06340600,0.4747
1626708579742000,0,1050.62002653,0.4748
1626708651197000,0,929.05230231,0.4741
1626708660258000,1,6999.75000000,0.4739
1626708660426000,1,256.68956217,0.4739
1626708718788000,0,104.58236800,0.4743
1626708744953000,1,91.22996300,0.4742
1626708759853000,0,600.00000000,0.4743
1626708855989000,0,229.99749100,0.4744
1626708892651000,1,50.00000000,0.4743
1626708976368000,0,204.55812800,0.4743
1626709017001000,0,1140.58312700,0.4741
1626709017723000,0,306.50000000,0.4740
1626709110517000,1,0.00000612,0.4739
1626709123553000,1,50.08077000,0.4734
1626709134490000,1,619.08001700,0.4735
1626709161792000,0,1805.73375600,0.4738
1626709200259000,0,573.80583310,0.4737
1626709227391000,0,859.03645900,0.4739
1626709228946000,0,142.10101220,0.4739
1626709233400000,0,5010.43403308,0.4739
1626709254409000,1,62.12755000,0.4738
1626709265602000,0,68.74828400,0.4744
1626709290205000,0,415.93676900,0.4742
1626709311324000,0,1638.98590200,0.4741
1626709314892000,1,350.00000000,0.4736
1626709366632000,0,104.99586358,0.4738
1626709395066000,0,61.29000000,0.4741
1626709411500000,0,104.66618400,0.4739
1626709412640000,0,104.68384700,0.4740
1626709481241000,0,250.00000000,0.4735
1626709492602000,0,209.62858500,0.4735
1626709508352000,0,819.14723900,0.4735
1626709508477000,0,4021.61906246,0.4735
1626709508477000,0,447.74165513,0.4736
1626709606998000,1,70.00000000,0.4737
1626709643616000,0,115.09396400,0.4742
1626709673884000,0,81.67000000,0.4742
1626709711585000,1,354.37111433,0.4743
1626709740533000,1,65.39216100,0.4742
1626709740616000,1,454.00000000,0.4742
1626709741137000,0,2090.89830900,0.4746
1626709745082000,0,150.00471458,0.4746
1626709791093000,0,336.61306700,0.4747
1626709803139000,0,4464.20240188,0.4746
1626709803139000,0,1859.51212887,0.4746
1626709803614000,0,1907.13327412,0.4746
1626709848735000,0,839.81715600,0.4748
1626709854719000,0,104.54491500,0.4747
1626709913272000,1,419.79279200,0.4735
1626709920251000,0,536.84704904,0.4741
1626709934411000,1,242.00000000,0.4735
1626710002014000,0,50.00000000,0.4738
1626710011697000,0,62.85007900,0.4736
1626710032694000,0,209.57989500,0.4735
1626710068919000,0,43.09013900,0.4734
1626710087968000,0,840.96545600,0.4734
1626710105154000,1,0.00000280,0.4730
1626710105809000,1,1351.47118097,0.4722
1626710111745000,0,1351.47118097,0.4729
1626710111745000,0,22500.00000000,0.4729
1626710111745000,0,4479.62418289,0.4729
1626710111745000,0,35668.90463614,0.4730
1626710179390000,0,471.50969800,0.4737
1626710185075000,1,5031.53937000,0.4733
1626710235287000,0,81.85000000,0.4733
1626710236940000,0,2089.78641965,0.4733
1626710280258000,0,420.42679956,0.4733
1626710288831000,0,304.10141000,0.4730
1626710341263000,1,43.75000000,0.4726
1626710356981000,1,8000.00000000,0.4721
1626710367037000,0,83.64719700,0.4724
1626710384125000,0,443.01467300,0.4724
1626710387770000,0,210.62294145,0.4724
1626710400285000,0,418.25978580,0.4729
1626710405156000,1,8000.00000000,0.4724
1626710405243000,1,2115.59096337,0.4723
1626710406534000,1,6000.00000000,0.4722
1626710406590000,1,2000.00000000,0.4722
1626710407253000,1,8000.00000000,0.4721
1626710426978000,1,8000.00000000,0.4719
1626710427272000,1,608.69914594,0.4717
1626710464117000,0,441.25937600,0.4724
1626710477148000,0,1050.60591000,0.4724
1626710491931000,0,879.05119800,0.4720
1626710492151000,0,780.00000000,0.4720
1626710526108000,0,10060.54505382,0.4718
1626710544740000,0,67.91040000,0.4719
1626710553926000,0,102.24448000,0.4720
1626710581992000,0,879.53786500,0.4712
1626710614288000,1,306.33854442,0.4706
1626710614292000,1,5000.90860771,0.4706
1626710615576000,0,53.95580000,0.4708
1626710624104000,1,33421.08025000,0.4710
1626710624321000,1,8725.00000000,0.4710
1626710631464000,1,0.66417741,0.4710
1626710665264000,1,53.50500000,0.4707
1626710686824000,0,1800.00000000,0.4709
1626710689995000,0,1989.41778900,0.4710
1626710691292000,0,205.63000000,0.4710
1626710710402000,0,24807.99737852,0.4710
1626710710411000,0,17552.55069840,0.4710
1626710809441000,1,529.16000000,0.4721
1626710851396000,1,4478.74398387,0.4727
1626710855364000,0,398.41897900,0.4728
1626710871253000,0,61.47000000,0.4727
1626710929729000,0,307.44000000,0.4725
1626710931070000,0,102.48000000,0.4724
1626710934948000,0,1773.99078800,0.4723
1626710953997000,0,1000.16256136,0.4726
1626710970552000,0,105.35829397,0.4722
1626711000252000,0,628.09370845,0.4720
1626711041668000,0,526.75804675,0.4722
1626711046993000,0,61.52000000,0.4722
1626711127835000,1,210.59000352,0.4718
1626711130971000,1,68.99000000,0.4718
1626711143246000,1,2120.06742677,0.4714
1626711143294000,1,0.00000001,0.4714
1626711167301000,1,87.41125800,0.4713
1626711199925000,0,61.59000000,0.4717
1626711201285000,0,84.57000000,0.4717
1626711352662000,1,50.00000000,0.4713
1626711418866000,0,105.10064000,0.4726
1626711438688000,1,63.85016500,0.4722
1626711438971000,0,592.16038933,0.4726
1626711523144000,1,128.22303000,0.4725
1626711523958000,0,82.54713423,0.4728
1626711551397000,1,49.00000000,0.4731
1626711551478000,1,1.00000000,0.4731
1626711556534000,0,46.51392400,0.4732
1626711561282000,0,16258.98160000,0.4733
1626711582711000,0,61.38000000,0.4733
1626711600473000,1,97.58123803,0.4730
1626711603963000,0,104.84972400,0.4734
1626711662089000,0,76.94746728,0.4738
1626711666599000,1,574.25492000,0.4734
1626711679937000,0,199.54268344,0.4737
1626711686788000,0,65.11510700,0.4736
1626711693001000,1,272.13460000,0.4731
1626711771567000,1,170.72000000,0.4729
1626711834539000,0,62.92844700,0.4732
1626711960267000,0,209.09455721,0.4732
1626711988719000,1,12428.16822671,0.4725
1626711988859000,1,0.00000001,0.4725
1626711988859000,1,23333.56843955,0.4725
1626711988938000,1,13500.00000000,0.4725
1626711989523000,1,346.66490000,0.4725
1626711989568000,1,12192.97370000,0.4725
1626711989645000,1,754.92520000,0.4725
1626711989968000,1,16334.00000000,0.4725
1626711990127000,1,1609.83260000,0.4725
1626711990293000,1,1529.79930000,0.4725
1626711990314000,1,98.98060000,0.4725
1626711990406000,1,252.57270000,0.4725
1626711990440000,1,400.76480000,0.4725
1626711990503000,1,76.07130000,0.4725
1626711990508000,1,228.78890000,0.4725
1626711990529000,1,83.03280000,0.4725
1626711990536000,1,89.95610000,0.4725
1626711990658000,1,20377.76178214,0.4725
1626712020350000,0,300.00000000,0.4725
1626712021271000,0,2203.68672300,0.4725
1626712034481000,0,632.30212900,0.4725
1626712036506000,0,525.10286000,0.4725
1626712058990000,0,2579.99990000,0.4724
1626712086633000,1,4070.77425500,0.4721
1626712142411000,1,110.98000000,0.4716
1626712154797000,0,973.33717500,0.4722
1626712176723000,0,183.62606100,0.4720
1626712222756000,0,287.43000000,0.4717
1626712245767000,1,53.98192200,0.4711
1626712265850000,0,105.52813659,0.4714
1626712378065000,0,357.99543300,0.4708
1626712380294000,0,977.93779300,0.4708
1626712399716000,1,67.65000000,0.4704
1626712403566000,0,54.53359700,0.4708
1626712409702000,0,880.02500800,0.4706
1626712409924000,0,880.02500800,0.4706
1626712427223000,1,100.00000000,0.4700
1626712427223000,1,52.37000000,0.4700
1626712427223000,1,4847.63000000,0.4700
1626712427279000,1,5167.47561216,0.4700
1626712427279000,1,1000.00000000,0.4700
1626712430963000,0,881.17556000,0.4697
1626712433461000,0,265.63887400,0.4696
1626712448838000,0,332.04213058,0.4697
1626712454326000,1,90.00000000,0.4693
1626712488537000,0,4509.57220001,0.4697
1626712501630000,0,45604.84656000,0.4693
1626712501801000,0,0.00000084,0.4693
1626712527193000,0,4439.69999999,0.4704
1626712527194000,0,0.00000001,0.4704
1626712527912000,0,360.00000000,0.4704
1626712528198000,0,10475.35892113,0.4704
1626712528351000,0,0.00000001,0.4704
1626712528351000,0,15800.00000000,0.4704
1626712574787000,1,155.61991900,0.4701
1626712585318000,0,1054.89364100,0.4704
1626712591336000,0,73.84255400,0.4706
1626712615827000,0,1054.01986600,0.4708
1626712654692000,0,211.32075351,0.4709
1626712660228000,0,124.51000000,0.4709
1626712692739000,1,10104.84656000,0.4705
1626712692851000,1,4500.00000000,0.4705
1626712693022000,1,5500.00000000,0.4705
1626712693108000,1,11000.00000000,0.4705
1626712693142000,1,8136.04970000,0.4705
1626712693211000,1,6112.34497273,0.4705
1626712714109000,1,2288.26080624,0.4701
1626712716240000,1,379.45000000,0.4701
1626712758575000,1,149.00000000,0.4702
1626712780285000,0,500.00000000,0.4702
1626712800249000,0,312.06410316,0.4702
1626712801751000,0,61.79000000,0.4702
1626712873512000,1,1000.00000000,0.4704
1626712904876000,1,2123.94914651,0.4705
1626712917632000,0,112.02933900,0.4709
1626712920929000,1,114.23043000,0.4706
1626712942815000,0,4498.22559713,0.4709
1626712958807000,0,126.39648900,0.4707
1626712988576000,0,602.89153219,0.4704
1626713028942000,1,269.60555700,0.4702
1626713058408000,0,210.91596200,0.4707
1626713097244000,0,115.99279900,0.4706
1626713127065000,0,4501.68753296,0.4706
1626713208637000,0,1054.89364100,0.4704
1626713245695000,0,1800.00000000,0.4705
1626713281787000,0,8000.00000000,0.4710
1626713281787000,0,4470.05944000,0.4710
1626713295259000,0,100.00000000,0.4709
1626713314730000,0,102.76000000,0.4713
1626713339924000,0,212.67436200,0.4714
1626713434366000,1,102.90633900,0.4714
1626713474393000,0,985.49384800,0.4718
1626713484601000,0,1370.20130076,0.4720
1626713488017000,0,1001.32798033,0.4720
1626713505919000,0,407.33294976,0.4720
1626713535873000,0,522.18811800,0.4723
1626713554128000,0,205.04000000,0.4723
1626713567503000,1,2474.44000000,0.4718
1626713585338000,1,529.75000000,0.4719
1626713605792000,1,331.41212800,0.4721
1626713640243000,0,296.91619048,0.4727
1626713757846000,1,727.82057800,0.4717
1626713806127000,1,2117.05084047,0.4721
1626713806127000,1,2882.94915953,0.4721
1626713822451000,0,122.98000000,0.4725
1626713825689000,0,200.05790476,0.4725
1626713850239000,0,266.69000000,0.4720
1626713863784000,0,605.08141200,0.4722
1626713903879000,0,8000.00000000,0.4721
1626713903879000,0,4488.46801431,0.4721
1626713903879000,0,8978.40455874,0.4722
1626713903879000,0,11169.50490000,0.4722
1626713903936000,1,19500.00000000,0.4723
1626713903982000,1,4488.46801431,0.4723
1626713903991000,1,15747.10632764,0.4723
1626714111341000,0,2124.86503100,0.4717
1626714120316000,0,175.31605465,0.4719
1626714135529000,0,210.40625500,0.4717
1626714173078000,1,783.75000000,0.4711
1626714193728000,0,8000.00000000,0.4715
1626714193728000,0,342.60289210,0.4715
1626714199450000,0,4153.28293000,0.4715
1626714208576000,0,205.70231500,0.4719
1626714264478000,0,307.61000000,0.4722
1626714327207000,0,970.51434100,0.4717
1626714447070000,0,2466.51021273,0.4715
1626714539906000,1,165.05969700,0.4709
1626714579302000,0,1359.29997863,0.4715
1626714600282000,1,98.26919174,0.4716
1626714698054000,0,273.26506400,0.4722
1626714758001000,0,1084.52547200,0.4723
1626714778207000,0,256.29000000,0.4723
1626714819631000,0,307.53064100,0.4719
1626714845272000,0,340.48861800,0.4717
1626714854600000,0,504.55730100,0.4718
1626714868165000,0,4493.06923103,0.4717
1626714908664000,0,365.90824200,0.4718
1626714939512000,0,93.95964500,0.4718
1626714943384000,0,68.58841000,0.4715
1626714951801000,0,933.92235897,0.4714
1626714957241000,0,526.24648900,0.4714
1626714960216000,0,524.44218422,0.4714
1626715051260000,0,205.26000000,0.4718
1626715073715000,1,42.97655700,0.4713
1626715166355000,0,131.42300600,0.4729
1626715183480000,0,61.42000000,0.4730
1626715188860000,0,61.42000000,0.4730
1626715240487000,1,42.86694200,0.4725
1626715350617000,0,850.70693479,0.4734
1626715361517000,0,209.69501800,0.4734
1626715395513000,0,79.67064100,0.4734
1626715416255000,0,263.67624538,0.4732
1626715423640000,0,104.87631300,0.4733
1626715450836000,1,340.74841439,0.4731
1626715509760000,1,799.99999999,0.4733
1626715509780000,1,0.00000001,0.4733
1626715521175000,1,87.34989500,0.4730
1626715524243000,0,1075.98544632,0.4734
1626715560269000,0,2091.22202822,0.4735
1626715572051000,1,450.00000000,0.4728
1626715596078000,0,100.00000000,0.4731
1626715601721000,0,2580.00000000,0.4731
1626715613359000,0,122.62000000,0.4739
1626715645179000,1,1381.33476656,0.4734
1626715652964000,1,53.55000000,0.4734
1626715666554000,0,8000.00000000,0.4737
1626715666673000,1,2544.71956000,0.4737
1626715667679000,1,0.00000600,0.4737
1626715747663000,0,840.80813261,0.4738
1626715749160000,0,225.10543700,0.4738
1626715753654000,0,5000.00000000,0.4738
1626715770796000,0,511.03000000,0.4738
1626715800539000,0,211.05623101,0.4738
1626715848115000,1,201.08320500,0.4733
1626715908128000,1,454.00000000,0.4733
1626715959991000,0,61.36000000,0.4733
1626715965347000,1,59.70200000,0.4730
1626715997672000,0,983.99898600,0.4733
1626716017183000,0,199.71131581,0.4733
1626716126598000,0,2121.67613242,0.4742
1626716129769000,1,1416.00000000,0.4738
1626716195948000,0,595.00000000,0.4746
1626716217514000,1,47.75000000,0.4743
1626716219116000,1,199.50148000,0.4744
1626716230144000,0,204.42460700,0.4748
1626716260787000,0,238.96682400,0.4744
1626716283656000,0,1000.00000000,0.4745
1626716298697000,0,2091.73553200,0.4744
1626716312863000,0,209.20441500,0.4745
1626716318687000,1,52.00000000,0.4740
1626716359421000,1,99.75000000,0.4741
1626716407215000,0,1615.50148000,0.4744
1626716407215000,0,434.41892260,0.4744
1626716420406000,0,187.89556900,0.4744
1626716429268000,0,200.85317200,0.4744
1626716429820000,1,1000.00000000,0.4741
1626716500370000,0,1705.05933200,0.4743
1626716550720000,1,500.00000000,0.4740
1626716567187000,0,627.81173600,0.4740
1626716599708000,1,1325.17688656,0.4741
1626716637847000,0,209.04139000,0.4746
1626716646805000,1,118.60000000,0.4741
1626716760304000,0,274.51946495,0.4746
1626716821197000,0,4470.28499021,0.4743
1626716821199000,0,0.00000001,0.4743
1626716864882000,0,1942.24730600,0.4742
1626716876065000,0,41.96381502,0.4742
1626716887277000,1,55.49160000,0.4733
1626716887278000,1,2054.13630000,0.4733
1626716887812000,1,50.00000000,0.4732
1626716981590000,0,1312.43770439,0.4739
1626717007149000,0,1600.11976022,0.4738
1626717022234000,0,306.61000000,0.4736
1626717059291000,0,1000.00000000,0.4732
1626717059291000,0,1100.23912800,0.4733
1626717069278000,0,4478.86462891,0.4733
1626717069278000,0,10286.45207200,0.4733
1626717069278000,0,3038.74369909,0.4734
1626717069278000,0,5920.39516279,0.4734
1626717069278000,0,17089.84990000,0.4734
1626717069278000,0,3784.50000000,0.4734
1626717069278000,0,39932.95893721,0.4735
1626717110799000,0,61.39000000,0.4733
1626717112183000,0,210.24021720,0.4733
1626717112337000,0,1596.88990232,0.4733
1626717184222000,0,505.79769300,0.4731
1626717227630000,0,1517.16497719,0.4735
1626717253404000,0,205.16763900,0.4735
1626717277332000,0,1584.13093600,0.4733
1626717314930000,1,8000.00000000,0.4732
1626717314930000,1,2112.28365473,0.4731
1626717314930000,1,8000.00000000,0.4731
1626717314930000,1,1198.74391075,0.4731
1626717337132000,0,10780.71000096,0.4735
1626717338605000,0,17000.00000000,0.4739
1626717416058000,0,381.66918000,0.4737
1626717434207000,0,245.41000000,0.4736
1626717451292000,1,8000.00000000,0.4730
1626717451357000,0,816.67296000,0.4730
1626717451797000,0,0.00000718,0.4730
1626717480236000,1,1010.01238739,0.4733
1626717511885000,0,85.73601400,0.4734
1626717533459000,0,129.37635900,0.4734
1626717542709000,1,80.00000000,0.4731
1626717546540000,1,148.63258026,0.4729
1626717614660000,0,171.47853300,0.4743
1626717698875000,0,583.89090000,0.4741
1626717699006000,0,0.00005000,0.4741
1626717809722000,1,326.46861600,0.4743
1626717812255000,0,102.31786800,0.4747
1626717816910000,1,62.35732000,0.4743
1626717827328000,1,341.93959800,0.4743
1626717843476000,0,62.94413996,0.4744
1626717890875000,0,210.12302100,0.4740
1626718054819000,0,10278.88252615,0.4737
1626718059819000,0,512.50047342,0.4736
1626718091778000,0,205.08096300,0.4738
1626718095335000,0,210.39980800,0.4738
1626718142414000,0,93.96000000,0.4741
1626718270909000,1,71.48605200,0.4738
1626718388569000,0,209.16914500,0.4747
1626718390948000,0,680.00000000,0.4746
1626718465122000,0,2045.66748100,0.4740
1626718692877000,0,402.65014400,0.4738
1626718695240000,0,419.09784500,0.4738
1626718727351000,0,2095.48922700,0.4735
1626718745929000,1,55.00000000,0.4733
1626718784028000,0,83.83107200,0.4735
1626718785626000,0,10789.58372800,0.4735
1626718785626000,0,427.56568000,0.4735
1626718830966000,0,209.52680400,0.4735
1626718834014000,0,100.00000000,0.4736
1626718867174000,1,1696.26605681,0.4731
1626718878705000,0,62.88857500,0.4736
1626718896252000,0,209.61530400,0.4735
1626718901279000,0,209.58432100,0.4736
1626718932090000,0,544.63172600,0.4737
1626718949960000,0,104.74571300,0.4740
1626719007031000,0,132.27791000,0.4740
1626719015562000,1,203.87554000,0.4736
1626719040247000,0,925.83948113,0.4741
1626719099333000,0,209.27057800,0.4743
1626719106378000,0,7790.72942200,0.4743
1626719106378000,0,3410.35240000,0.4743
1626719117732000,0,160.00000000,0.4739
1626719133319000,0,62.82488600,0.4738
1626719146021000,1,682.90000000,0.4733
1626719153949000,0,104.77446100,0.4737
1626719154997000,0,104.77446100,0.4737
1626719156003000,0,104.77446100,0.4737
1626719157023000,0,209.54007500,0.4737
1626719158129000,0,104.77446200,0.4737
1626719159062000,0,104.77446100,0.4737
1626719160086000,0,104.77446200,0.4737
1626719160300000,0,162.87729596,0.4737
1626719161097000,0,104.77446100,0.4736
1626719163130000,0,104.77446100,0.4733
1626719181234000,0,1694.99485700,0.4735
1626719186671000,0,614.56783900,0.4735
1626719221196000,0,204.47000000,0.4737
1626719251780000,0,71.53000000,0.4737
1626719306906000,1,267.55798700,0.4733
1626719317317000,1,213.26113200,0.4733
1626719534759000,0,73.28597000,0.4734
1626719560562000,0,964.87257200,0.4736
1626719573470000,0,62.40101362,0.4736
1626719574004000,0,209.59759800,0.4736
1626719578684000,1,100.00000000,0.4733
1626719633844000,0,209.58874600,0.4736
1626719640241000,0,836.25380325,0.4736
1626719666194000,0,429.35000000,0.4737
1626719666774000,0,215.18997600,0.4737
1626719721434000,1,118.68000000,0.4736
1626719757581000,0,962.72585400,0.4742
1626719869620000,0,600.00000000,0.4744
1626719878491000,0,230.17248800,0.4745
1626719989109000,0,104.87192242,0.4744
1626719990472000,0,579.36005100,0.4744
