timestamp ms,type,amount,price
1624492874751000,0,58.62838500,0.5388
1624492877555000,0,890.00000000,0.5400
1624492877555000,0,55.24677412,0.5400
1624492878553000,0,110.84290000,0.5405
1624492878553000,0,38.10700409,0.5406
1624492878553000,0,38.05009591,0.5406
1624492881334000,0,0.05690000,0.5406
1624492881334000,0,0.00000818,0.5406
1624492881849000,0,1848.49717180,0.5415
1624492882530000,0,3000.00000000,0.5430
1624492883353000,0,832.79606216,0.5430
1624492884603000,1,113.45661000,0.5431
1624492886260000,1,500.00000000,0.5438
1624492886301000,1,500.00000000,0.5435
1624492886301000,1,300.00000000,0.5429
1624492886964000,1,500.00000000,0.5430
1624492887080000,1,3000.00000000,0.5430
1624492887120000,1,500.00000000,0.5427
1624492887695000,1,500.00000000,0.5424
1624492892181000,1,144.00000000,0.5402
1624492898509000,0,207.60066501,0.5419
1624492898547000,0,202.71423623,0.5420
1624492898547000,0,204.48396143,0.5421
1624492898599000,0,62.00000000,0.5423
1624492898820000,0,131.20057044,0.5423
1624492899151000,0,62.00000000,0.5442
1624492899511000,0,500.00000000,0.5436
1624492900019000,1,193.79780113,0.5430
1624492900019000,1,1297.31969000,0.5427
1624492900019000,1,196.61341948,0.5427
1624492900019000,1,87.89125939,0.5425
1624492903578000,0,202.93055437,0.5452
1624492903888000,0,913.83479644,0.5453
1624492903888000,0,198.83329417,0.5455
1624492903888000,0,75.33190939,0.5460
1624492905432000,1,500.00000000,0.5459
1624492905432000,1,500.00000000,0.5456
1624492906100000,1,500.00000000,0.5452
1624492906100000,1,500.00000000,0.5449
1624492929798000,0,1319.35070000,0.5435
1624492942312000,1,3000.00000000,0.5418
1624492944628000,1,500.00000000,0.5412
1624492948576000,0,2981.00000000,0.5412
1624492965959000,1,204.04848700,0.5402
1624492973903000,1,500.00000000,0.5403
1624492974193000,1,500.00000000,0.5401
1624492993765000,1,42.27000000,0.5386
1624492994414000,1,17861.40198717,0.5388
1624492994414000,1,10000.00000000,0.5388
1624492994414000,1,3000.00000000,0.5388
1624492994414000,1,11658.85468657,0.5388
1624492994414000,1,198.97100388,0.5387
1624492994414000,1,4030.51500000,0.5387
1624492994414000,1,10000.00000000,0.5387
1624492994414000,1,15077.86000000,0.5387
1624492994414000,1,500.00000000,0.5386
1624492994414000,1,11054.81530000,0.5386
1624492994414000,1,194.19227201,0.5386
1624492994414000,1,14791.66909116,0.5386
1624492996411000,1,73.11163904,0.5389
1624493006724000,1,16570.37150000,0.5395
1624493007881000,0,10000.00000000,0.5396
1624493007881000,0,3000.00000000,0.5396
1624493030880000,0,93.14235000,0.5386
1624493066014000,1,2000.00000000,0.5384
1624493094713000,0,970.93990000,0.5412
1624493134035000,1,401.51530000,0.5387
1624493149435000,1,16480.37390000,0.5376
1624493152862000,1,1855.29577450,0.5371
1624493152863000,1,14610.34672550,0.5371
1624493160243000,0,55.01935866,0.5370
1624493166550000,0,69.68554300,0.5367
1624493167333000,0,69.68583500,0.5366
1624493189914000,0,124.70510000,0.5389
1624493227417000,0,906.02337335,0.5392
1624493282887000,1,1846.73570000,0.5407
1624493294222000,1,4625.39759298,0.5401
1624493294433000,1,1849.70756000,0.5401
1624493318980000,1,9770.89713000,0.5403
1624493329134000,1,10000.00000000,0.5413
1624493336420000,0,17243.19000000,0.5407
1624493343781000,1,1848.23068876,0.5406
1624493345368000,1,216.14719500,0.5404
1624493471184000,1,937.00000000,0.5448
1624493471217000,1,184.00000000,0.5448
1624493471457000,1,680.00000000,0.5448
1624493471636000,1,184.00000000,0.5449
1624493471832000,1,148.00000000,0.5449
1624493471839000,1,367.00000000,0.5449
1624493481148000,0,0.80667894,0.5460
1624493484390000,0,541.72544795,0.5472
1624493484411000,0,158.27455205,0.5472
1624493488784000,0,241.75985846,0.5483
1624493491576000,0,10000.00000000,0.5489
1624493491837000,0,183.44490000,0.5490
1624493492059000,0,0.00007273,0.5490
1624493494219000,0,134.98880000,0.5500
1624493494247000,0,2623.25140000,0.5500
1624493494436000,0,6144.47272000,0.5500
1624493494509000,0,106.87660000,0.5500
1624493494510000,0,450.39970000,0.5500
1624493494699000,0,6639.65502340,0.5500
1624493494699000,0,2165.78687784,0.5500
1624493494960000,0,4729.75765454,0.5500
1624493495010000,0,604.45546762,0.5500
1624493495010000,0,1700.00000000,0.5500
1624493495010000,0,6015.86319756,0.5500
1624493495010000,0,128.60953827,0.5500
1624493495930000,1,10000.00000000,0.5501
1624493496924000,1,500.00000000,0.5494
1624493497395000,1,500.00000000,0.5493
1624493497721000,1,4269.20000000,0.5491
1624493502040000,1,358.05536000,0.5484
1624493502646000,1,358.05536000,0.5487
1624493551191000,0,2000.00000000,0.5480
1624493568073000,0,11456.49531535,0.5494
1624493568073000,0,1822.51609282,0.5495
1624493568073000,0,1821.26372755,0.5495
1624493568073000,0,3698.80000000,0.5495
1624493568073000,0,15273.08137854,0.5496
1624493568073000,0,22912.99063070,0.5496
1624493568073000,0,38200.52904850,0.5496
1624493568073000,0,400.22390240,0.5497
1624493573208000,1,2000.00000000,0.5498
1624493589632000,1,10000.00000000,0.5499
1624493589632000,1,15232.03929843,0.5498
1624493589632000,1,3879.80000000,0.5498
1624493589632000,1,15236.55160355,0.5497
1624493589632000,1,500.00000000,0.5494
1624493589632000,1,2117.13743585,0.5493
1624493609158000,1,7500.00000000,0.5498
1624493680181000,0,87.73000000,0.5523
1624493690581000,0,37.19075884,0.5539
1624493690581000,0,37.19075884,0.5539
1624493691221000,0,45.00000000,0.5540
1624493691389000,0,97.69400000,0.5549
1624493692826000,0,0.00009902,0.5549
1624493692826000,0,102.99240098,0.5550
1624493692955000,0,9791.83520000,0.5550
1624493692958000,0,105.17239902,0.5550
1624493694075000,0,40000.00000000,0.5555
1624493695048000,1,9930.58513846,0.5547
1624493695104000,1,69.41486000,0.5547
1624493695106000,1,0.00000154,0.5547
1624493725122000,1,500.00000000,0.5512
1624493769361000,1,500.00000000,0.5505
1624493787664000,1,2000.00000000,0.5500
1624493800144000,0,87.96329700,0.5504
1624493830013000,0,8175.93142000,0.5500
1624493830889000,0,1750.00000000,0.5500
1624493864942000,1,11423.41922000,0.5501
1624493875660000,1,576.58078000,0.5501
1624493890210000,0,10000.00000000,0.5500
1624493895854000,1,1819.31971997,0.5493
1624493895854000,1,4548.95891481,0.5493
1624493895882000,1,15253.95342935,0.5493
1624493895896000,1,15256.37204333,0.5492
1624493896401000,1,1819.40578207,0.5490
1624493915105000,1,3128.76974007,0.5492
1624493970527000,0,862.00000000,0.5487
1624493970592000,0,10604.96722201,0.5487
1624493974185000,0,11451.51363000,0.5494
1624493979013000,0,1744.43301000,0.5502
1624494059950000,1,1818.08265000,0.5497
1624494118207000,0,11449.02618000,0.5495
1624494118721000,0,0.00000520,0.5495
1624494120295000,1,10000.00000000,0.5497
1624494122497000,1,8187.42438000,0.5494
1624494122569000,1,1812.57562000,0.5494
1624494137845000,0,11453.31777000,0.5494
1624494157772000,1,10000.00000000,0.5511
1624494161906000,1,815.80145000,0.5515
1624494174843000,1,815.34677700,0.5522
1624494184397000,1,56.00000000,0.5523
1624494273631000,1,500.00000000,0.5492
1624494273822000,1,1820.48530000,0.5490
1624494273836000,1,0.00009420,0.5490
1624494273907000,1,500.00000000,0.5490
1624494274360000,1,500.00000000,0.5491
1624494275160000,1,1820.29140000,0.5488
1624494275160000,1,12042.22260000,0.5488
1624494275160000,1,15269.00551730,0.5488
1624494275160000,1,2131.60848270,0.5488
1624494295833000,1,2500.00000000,0.5491
1624494295881000,1,12245.03936362,0.5491
1624494302506000,1,2000.00000000,0.5493
1624494303389000,1,2567.96349938,0.5490
1624494303406000,1,12696.78440085,0.5490
1624494402256000,1,500.00000000,0.5481
1624494420484000,1,1823.71264000,0.5481
1624494435294000,0,11000.00000000,0.5488
1624494437145000,1,10000.00000000,0.5489
1624494437757000,1,11137.32091000,0.5485
1624494484076000,1,8000.00000000,0.5480
1624494490940000,0,8500.00000000,0.5480
1624494491000000,0,1500.00000000,0.5480
1624494492053000,0,11475.88269933,0.5482
1624494511106000,1,6000.00000000,0.5482
1624494517857000,0,11471.90909343,0.5484
1624494558146000,0,8500.00000000,0.5484
1624494558184000,0,2972.25720112,0.5484
1624494559107000,1,91.71451100,0.5484
1624494661837000,1,11441.13967240,0.5494
1624494661838000,1,235.52336294,0.5494
1624494681654000,1,11465.31429234,0.5484
1624494686771000,1,0.00000001,0.5484
1624494686771000,1,500.00000000,0.5481
1624494686771000,1,13237.53136756,0.5480
1624494688688000,1,500.00000000,0.5481
1624494690703000,1,500.00000000,0.5480
1624494690936000,1,500.00000000,0.5480
1624494691564000,1,226.56870000,0.5480
1624494691622000,1,273.43130000,0.5480
1624494692259000,1,500.00000000,0.5479
1624494692875000,1,62.29570000,0.5479
1624494692881000,1,172.35310000,0.5479
1624494692900000,1,51.44250000,0.5479
1624494692901000,1,121.75410000,0.5479
1624494692915000,1,75.55350000,0.5479
1624494692949000,1,16.60110000,0.5479
1624494692980000,1,451.46510000,0.5477
1624494693080000,1,48.53490000,0.5477
1624494693080000,1,2154.62700000,0.5476
1624494693107000,1,499.99999999,0.5479
1624494693180000,1,0.00000001,0.5479
1624494700921000,1,500.00000000,0.5479
1624494701352000,1,500.00000000,0.5479
1624494702451000,1,500.00000000,0.5479
1624494723806000,1,309.34712342,0.5478
1624494724768000,1,190.65287658,0.5478
1624494725790000,1,500.00000000,0.5478
1624494726833000,1,500.00000000,0.5478
1624494726985000,0,500.00000000,0.5478
1624494726990000,1,500.00000000,0.5476
1624494727287000,1,500.00000000,0.5476
1624494727617000,1,500.00000000,0.5476
1624494728150000,1,500.00000000,0.5476
1624494728657000,1,500.00000000,0.5476
1624494729098000,1,500.00000000,0.5476
1624494729364000,1,500.00000000,0.5474
1624494729666000,1,500.00000000,0.5475
1624494730140000,1,500.00000000,0.5474
1624494730268000,1,500.00000000,0.5474
1624494730736000,1,500.00000000,0.5474
1624494731134000,1,500.00000000,0.5474
1624494731958000,1,500.00000000,0.5474
1624494732151000,1,500.00000000,0.5474
1624494732302000,1,500.00000000,0.5473
1624494732458000,1,500.00000000,0.5473
1624494732691000,0,500.00000000,0.5473
1624494734246000,1,499.99999999,0.5473
1624494734246000,1,0.00000001,0.5473
1624494734251000,1,500.00000000,0.5472
1624494734484000,0,500.00000000,0.5472
1624494734554000,1,500.00000000,0.5472
1624494735105000,1,500.00000000,0.5472
1624494736167000,1,500.00000000,0.5472
1624494737173000,1,500.00000000,0.5472
1624494738180000,1,500.00000000,0.5473
1624494739173000,1,500.00000000,0.5473
1624494739485000,1,500.00000000,0.5474
1624494740683000,1,500.00000000,0.5475
1624494741684000,1,500.00000000,0.5475
1624494742684000,1,418.67315990,0.5475
1624494775423000,1,1726.56870000,0.5491
1624494796886000,1,495.96129600,0.5508
1624494824830000,1,1744.43310000,0.5499
1624494839285000,1,3000.00000000,0.5492
1624494853767000,1,500.00000000,0.5481
1624494855480000,1,500.00000000,0.5479
1624494856226000,1,500.00000000,0.5478
1624494857489000,1,500.00000000,0.5478
1624494860640000,1,500.00000000,0.5479
1624494862486000,1,500.00000000,0.5479
1624494863882000,1,935.65085320,0.5478
1624494881690000,1,500.00000000,0.5480
1624494882171000,1,500.00000000,0.5480
1624494882691000,1,500.00000000,0.5480
1624494883218000,1,500.00000000,0.5480
1624494883430000,1,500.00000000,0.5478
1624494883665000,1,500.00000000,0.5480
1624494883759000,1,500.00000000,0.5478
1624494884253000,1,500.00000000,0.5480
1624494884515000,1,500.00000000,0.5478
1624494884859000,1,500.00000000,0.5480
1624494885264000,1,500.00000000,0.5480
1624494885393000,1,500.00000000,0.5478
1624494885809000,1,500.00000000,0.5480
1624494886427000,1,500.00000000,0.5480
1624494886827000,1,500.00000000,0.5480
1624494887274000,1,500.00000000,0.5480
1624494887462000,1,500.00000000,0.5478
1624494888302000,1,500.00000000,0.5479
1624494888511000,1,500.00000000,0.5479
1624494888587000,1,500.00000000,0.5476
1624494889016000,1,500.00000000,0.5479
1624494889516000,1,500.00000000,0.5479
1624494892427000,0,3154.62700000,0.5483
1624494895244000,1,500.00000000,0.5481
1624494895830000,1,500.00000000,0.5481
1624494896078000,1,500.00000000,0.5481
1624494896587000,1,500.00000000,0.5481
1624494896651000,1,500.00000000,0.5478
1624494897019000,1,500.00000000,0.5480
1624494897567000,1,500.00000000,0.5480
1624494898115000,1,500.00000000,0.5480
1624494898864000,1,500.00000000,0.5480
1624494923310000,1,500.00000000,0.5482
1624494924122000,1,500.00000000,0.5481
1624494924490000,1,500.00000000,0.5481
1624494925122000,1,500.00000000,0.5481
1624494925498000,1,500.00000000,0.5481
1624494925498000,1,500.00000000,0.5479
1624494926140000,1,500.00000000,0.5480
1624494926494000,1,500.00000000,0.5479
1624494927138000,1,500.00000000,0.5480
1624494927610000,1,500.00000000,0.5480
1624494927610000,1,500.00000000,0.5478
1624494928125000,1,500.00000000,0.5480
1624494928574000,1,500.00000000,0.5479
1624494929073000,1,500.00000000,0.5479
1624494929684000,1,500.00000000,0.5478
1624494930400000,1,500.00000000,0.5478
1624494931366000,1,500.00000000,0.5478
1624494931747000,1,500.00000000,0.5479
1624494932020000,0,500.00000000,0.5477
1624494932727000,1,500.00000000,0.5477
1624494933092000,0,500.00000000,0.5476
1624494933303000,1,500.00000000,0.5476
1624494933686000,1,500.00000000,0.5476
1624494934144000,1,500.00000000,0.5476
1624494934144000,1,490.66376097,0.5475
1624494934329000,0,10500.00000000,0.5477
1624494934404000,0,2269.91000000,0.5477
1624494934687000,1,500.00000000,0.5478
1624494935377000,1,500.00000000,0.5478
1624494935665000,1,500.00000000,0.5478
1624494936711000,1,500.00000000,0.5478
1624494938471000,1,500.00000000,0.5478
1624494939637000,1,500.00000000,0.5478
1624494939713000,1,500.00000000,0.5476
1624494939970000,1,500.00000000,0.5478
1624494940037000,1,500.00000000,0.5476
1624494940434000,1,500.00000000,0.5478
1624494940965000,1,500.00000000,0.5477
1624494941245000,1,500.00000000,0.5476
1624494941462000,1,500.00000000,0.5478
1624494941976000,1,500.00000000,0.5476
1624494942465000,1,500.00000000,0.5478
1624494942786000,1,500.00000000,0.5475
1624494942969000,1,500.00000000,0.5477
1624494943314000,1,500.00000000,0.5475
1624494943485000,1,500.00000000,0.5477
1624494945010000,0,4193.00000000,0.5479
1624494945916000,1,10000.00000000,0.5479
1624494947873000,0,4193.00000000,0.5480
1624494973072000,1,500.00000000,0.5481
1624494973440000,1,500.00000000,0.5481
1624494975728000,1,500.00000000,0.5479
1624494975830000,1,500.00000000,0.5477
1624494976010000,1,499.99999999,0.5479
1624494976029000,1,0.00000001,0.5479
1624494977029000,1,500.00000000,0.5477
1624494982287000,1,500.00000000,0.5477
1624494982723000,1,500.00000000,0.5477
1624494983297000,1,500.00000000,0.5477
1624495003835000,0,500.00000000,0.5471
1624495003920000,1,500.00000000,0.5471
1624495004433000,1,500.00000000,0.5471
1624495004434000,1,500.00000000,0.5470
1624495004939000,1,500.00000000,0.5471
1624495004947000,1,500.00000000,0.5470
1624495005463000,1,500.00000000,0.5471
1624495005481000,1,500.00000000,0.5470
1624495005981000,1,500.00000000,0.5471
1624495005983000,1,500.00000000,0.5470
1624495006511000,1,500.00000000,0.5471
1624495006602000,1,500.00000000,0.5470
1624495007016000,1,500.00000000,0.5471
1624495007025000,1,500.00000000,0.5470
1624495007529000,1,500.00000000,0.5471
1624495007543000,1,500.00000000,0.5470
1624495008046000,1,500.00000000,0.5471
1624495008065000,1,500.00000000,0.5470
1624495008546000,1,500.00000000,0.5471
1624495008546000,1,279.94897185,0.5470
1624495008593000,1,220.05102815,0.5470
1624495009213000,1,500.00000000,0.5470
1624495009215000,1,500.00000000,0.5470
1624495009695000,0,500.00000000,0.5470
1624495009696000,0,500.00000000,0.5470
1624495010247000,1,500.00000000,0.5470
1624495010247000,1,423.16280000,0.5469
1624495010248000,1,76.83720000,0.5469
1624495010855000,1,500.00000000,0.5469
1624495010855000,1,500.00000000,0.5469
1624495011165000,1,800.00000000,0.5464
1624495011449000,1,500.00000000,0.5469
1624495011458000,1,500.00000000,0.5468
1624495011763000,0,500.00000000,0.5468
1624495011775000,0,500.00000000,0.5468
1624495012575000,1,461.02270000,0.5467
1624495012599000,1,38.97730000,0.5467
1624495012599000,1,461.02270000,0.5467
1624495012618000,1,38.97730000,0.5467
1624495012948000,1,500.00000000,0.5467
1624495012969000,1,500.00000000,0.5467
1624495013375000,1,500.00000000,0.5466
1624495013375000,1,296.87500000,0.5466
1624495013447000,1,203.12500000,0.5466
1624495014083000,1,500.00000000,0.5466
1624495014306000,1,107.32580000,0.5466
1624495014406000,1,392.67420000,0.5466
1624495014406000,1,107.32580000,0.5466
1624495014497000,1,392.67420000,0.5466
1624495015041000,1,500.00000000,0.5466
1624495015492000,1,500.00000000,0.5466
1624495015492000,1,156.51787518,0.5465
1624495015509000,1,343.48212482,0.5465
1624495015749000,1,343.48210000,0.5465
1624495015921000,1,500.00000000,0.5465
1624495015924000,1,156.51790000,0.5465
1624495016466000,1,500.00000000,0.5465
1624495016706000,1,500.00000000,0.5465
1624495016908000,1,500.00000000,0.5465
1624495017214000,1,500.00000000,0.5465
1624495017400000,1,500.00000000,0.5465
1624495017600000,1,500.00000000,0.5465
1624495017602000,0,10000.00000000,0.5465
1624495017602000,0,1831.06586000,0.5465
1624495017791000,0,0.00000344,0.5465
1624495017791000,0,4576.69516339,0.5466
1624495018652000,1,500.00000000,0.5469
1624495018675000,1,500.00000000,0.5468
1624495019054000,1,499.99999999,0.5469
1624495019056000,1,0.00000001,0.5469
1624495019056000,1,499.99999998,0.5468
1624495019058000,1,0.00000002,0.5468
1624495019173000,1,1071.12676056,0.5467
1624495019480000,0,500.00000000,0.5468
1624495019486000,0,500.00000000,0.5468
1624495020157000,1,500.00000000,0.5468
1624495020225000,1,500.00000000,0.5467
1624495020518000,0,500.00000000,0.5467
1624495020519000,0,500.00000000,0.5467
1624495021113000,1,500.00000000,0.5465
1624495021311000,1,500.00000000,0.5465
1624495021619000,1,500.00000000,0.5464
1624495021695000,1,500.00000000,0.5464
1624495022094000,0,500.00000000,0.5464
1624495022097000,0,500.00000000,0.5464
1624495022686000,1,500.00000000,0.5464
1624495022743000,1,500.00000000,0.5464
1624495022956000,1,800.00000000,0.5461
1624495023227000,1,500.00000000,0.5464
1624495023227000,1,400.00000000,0.5464
1624495023281000,1,100.00000000,0.5464
1624495023295000,1,800.00000000,0.5461
1624495028144000,0,10000.00000000,0.5458
1624495033436000,0,10000.00000000,0.5458
1624495056245000,1,200.00000000,0.5453
1624495075825000,1,11533.85798000,0.5453
1624495107640000,0,11563.74574716,0.5446
1624495107647000,0,0.00000001,0.5446
1624495138995000,0,10000.00000000,0.5447
1624495188902000,1,170.00000000,0.5448
1624495212500000,1,64.24000000,0.5447
1624495225411000,1,4729.75765454,0.5433
1624495250710000,1,1298.00000000,0.5434
1624495250787000,0,21708.27177187,0.5438
1624495250789000,0,1446.69526624,0.5438
1624495250862000,0,9501.63582856,0.5438
1624495250866000,0,470.76439098,0.5438
1624495253000000,1,15430.65447165,0.5431
1624495257249000,1,500.00000000,0.5423
1624495264185000,0,141.60000000,0.5431
1624495319226000,1,3921.77498000,0.5430
1624495384754000,0,11587.55991000,0.5430
1624495384778000,0,0.00000363,0.5430
1624495385241000,0,3682.18574000,0.5434
1624495406656000,0,10000.00000000,0.5442
1624495495091000,1,1838.34343000,0.5435
1624495506303000,0,11576.82163000,0.5437
1624495515320000,0,0.00000598,0.5437
1624495614235000,1,249.00000000,0.5454
1624495623887000,1,1832.62960357,0.5450
1624495623887000,1,4581.84098643,0.5450
1624495710835000,0,10000.00000000,0.5438
1624495809856000,0,4282.40604131,0.5436
1624495858790000,1,11597.89666000,0.5419
1624495879449000,1,500.00000000,0.5402
1624495907957000,1,10000.00000000,0.5405
1624495920274000,0,81.71209381,0.5415
1624495945540000,0,53.58000000,0.5423
1624496036636000,0,3286.57490000,0.5392
1624496038535000,1,500.00000000,0.5387
1624496041739000,0,10000.00000000,0.5387
1624496069677000,1,4639.49191000,0.5383
1624496070090000,1,0.00000031,0.5383
1624496071317000,1,37.16997476,0.5381
1624496071317000,1,37.16802524,0.5381
1624496073446000,1,0.00194952,0.5381
1624496090594000,0,1856.81022000,0.5388
1624496093086000,1,500.00000000,0.5377
1624496094909000,1,6500.00000000,0.5382
1624496160261000,0,91.89299571,0.5384
1624496200949000,1,15607.95638974,0.5369
1624496201825000,0,186.00000000,0.5368
1624496201909000,0,74.33800000,0.5368
1624496202069000,0,186.00000000,0.5373
1624496267996000,1,1864.03723009,0.5358
1624496376395000,0,63.16901900,0.5355
1624496438104000,1,1874.23928797,0.5332
1624496438104000,1,1872.79996485,0.5332
1624496438104000,1,11785.00634718,0.5332
1624496438614000,1,0.00017269,0.5332
1624496438614000,1,500.00000000,0.5330
1624496438614000,1,1874.23928797,0.5328
1624496438614000,1,851.58983882,0.5328
1624496452180000,0,73.54353695,0.5333
1624496459387000,1,8084.87491000,0.5337
1624496466498000,1,15712.02260000,0.5333
1624496467695000,1,0.00000590,0.5333
1624496467973000,1,1874.25329341,0.5330
1624496467973000,1,4687.23048424,0.5330
1624496467976000,1,0.00000001,0.5330
1624496468294000,1,141.60000000,0.5329
1624496533505000,0,10000.00000000,0.5321
1624496548450000,0,1876.68443553,0.5332
1624496548656000,0,0.00000001,0.5332
1624496653884000,0,1868.43324241,0.5359
1624496653884000,0,1867.15177396,0.5359
1624496655251000,1,10000.00000000,0.5359
1624496663548000,1,1867.13499000,0.5350
1624496719253000,1,80.65900000,0.5359
1624496740315000,1,10000.00000000,0.5366
1624496944822000,1,11705.75140000,0.5371
1624496951232000,1,0.00000363,0.5371
1624496951232000,1,11710.42538637,0.5369
1624496991356000,0,1861.37281000,0.5375
1624496991434000,0,0.00000160,0.5375
1624496992021000,0,4653.37019141,0.5376
1624496992021000,0,12101.79069859,0.5376
1624496992376000,0,0.00000864,0.5376
1624497021250000,1,11706.66306000,0.5371
1624497044715000,1,10000.00000000,0.5376
1624497044790000,1,1696.43724000,0.5376
1624497047225000,1,0.00000468,0.5376
1624497052551000,0,185.62987700,0.5379
1624497071332000,0,4644.78067506,0.5386
1624497071332000,0,1857.92610039,0.5386
1624497071439000,0,1857.91415693,0.5388
1624497071439000,0,2888.34144811,0.5388
1624497087051000,1,1718.09902000,0.5390
1624497212040000,1,11663.52307291,0.5391
1624497224413000,0,71.73000000,0.5401
1624497257512000,1,11671.12829848,0.5387
1624497257512000,1,15561.98901817,0.5385
1624497343629000,1,500.00000000,0.5373
1624497343862000,1,500.00000000,0.5371
1624497343862000,1,1859.40655180,0.5371
1624497343862000,1,1300.01486252,0.5371
1624497343868000,1,3348.76070038,0.5371
1624497351330000,0,11725.07004000,0.5369
1624497355688000,0,10000.00000000,0.5367
1624497366029000,0,0.00000743,0.5369
1624497366029000,0,4027.90000000,0.5370
1624497366029000,0,3948.99299257,0.5370
1624497466491000,0,3000.00000000,0.5404
1624497466491000,0,615.44598100,0.5404
1624497490143000,1,15539.73181891,0.5393
1624497516420000,0,10000.00000000,0.5383
1624497618923000,1,1855.23249774,0.5375
1624497618923000,1,4637.89157077,0.5375
1624497640583000,0,11692.81521341,0.5383
1624497641376000,1,10000.00000000,0.5385
1624497720413000,0,101.28796151,0.5381
1624497725575000,0,1859.44110000,0.5381
1624497725679000,0,0.00002638,0.5381
1624497777994000,1,38.00000000,0.5375
1624497840219000,0,183.93965293,0.5367
1624497842744000,1,50.20000000,0.5355
1624497846196000,0,10000.00000000,0.5362
1624497864942000,0,1866.00335807,0.5362
1624497864942000,0,9999.99999999,0.5362
1624497864955000,0,0.00000001,0.5362
1624497872705000,1,5906.14951980,0.5362
1624497893174000,1,1865.36642000,0.5354
1624497901488000,1,0.00000949,0.5354
1624498023195000,1,198.27810000,0.5331
1624498023207000,1,0.00005665,0.5331
1624498092573000,0,210.48666800,0.5327
1624498110418000,0,5845.40343000,0.5335
1624498116149000,1,6705.10707000,0.5337
1624498116182000,1,3294.89293000,0.5337
1624498253734000,1,10000.00000000,0.5346
1624498256184000,1,10000.00000000,0.5342
1624498279234000,0,11766.69320000,0.5350
1624498279404000,0,141.60000000,0.5352
1624498282703000,1,3500.00000000,0.5353
1624498285458000,1,10336.13028627,0.5350
1624498285507000,1,141.60000000,0.5350
1624498309503000,0,54.28000000,0.5353
1624498374993000,0,4163.79343000,0.5316
1624498383680000,1,392.08918899,0.5317
1624498412346000,1,15768.83544000,0.5316
1624498468615000,1,4394.95799000,0.5322
1624498496519000,1,15819.55970000,0.5299
1624498508538000,1,500.00000000,0.5286
1624498508538000,1,1207.06900000,0.5285
1624498537765000,0,1891.00018300,0.5294
1624498544148000,1,812.84149915,0.5294
1624498573249000,1,10000.00000000,0.5293
1624498619003000,1,2000.00000000,0.5281
1624498624024000,1,397.34884955,0.5281
1624498710018000,1,1893.25260000,0.5277
1624498710082000,1,0.00000448,0.5277
1624498710082000,1,4733.37825552,0.5277
1624498745463000,1,198.92488115,0.5279
1624498774755000,1,40.00000000,0.5272
1624498829508000,0,11000.00000000,0.5266
1624498852204000,0,9500.00000000,0.5267
1624498863717000,1,15934.80842601,0.5263
1624498863717000,1,461.09925788,0.5261
1624498875276000,1,466.99248000,0.5262
1624498929006000,1,500.00000000,0.5271
1624498930539000,0,10000.00000000,0.5273
1624498938260000,0,1896.19316000,0.5277
1624499062543000,0,1899.20345000,0.5276
1624499067945000,0,1895.76313000,0.5278
1624499068181000,0,0.00000883,0.5278
1624499151113000,1,106.57809380,0.5282
1624499167815000,1,115.00000000,0.5284
1624499168280000,0,140.99000000,0.5288
1624499267163000,1,198.27810000,0.5252
1624499267819000,1,0.00005665,0.5252
1624499286405000,1,4766.84412038,0.5237
1624499286405000,1,1906.73850433,0.5237
1624499286405000,1,1298.00000000,0.5236
1624499286840000,1,500.00000000,0.5234
1624499289372000,0,10000.00000000,0.5238
1624499325451000,1,1902.93019076,0.5252
1624499325451000,1,1902.50729924,0.5252
1624499345769000,0,141.60000000,0.5234
1624499347696000,1,204.86775000,0.5226
1624499348027000,1,0.00000512,0.5226
1624499348027000,1,500.00000000,0.5226
1624499349320000,1,10000.00000000,0.5223
1624499373211000,1,8309.81707000,0.5241
1624499380324000,1,1907.11214292,0.5240
1624499493113000,1,1904.88030745,0.5240
1624499493113000,1,1905.46108577,0.5240
1624499493327000,1,500.00000000,0.5238
1624499495513000,0,10000.00000000,0.5236
1624499509055000,0,3412.45405345,0.5232
1624499524877000,1,4899.89750000,0.5211
1624499524898000,1,286.86127950,0.5211
1624499525102000,1,427.83930000,0.5210
1624499525250000,0,727.76593200,0.5212
1624499525970000,1,0.00000593,0.5210
1624499527761000,0,10000.00000000,0.5210
1624499541531000,0,3000.00000000,0.5226
1624499541531000,0,832.90271000,0.5226
1624499541786000,0,1082.45745000,0.5226
1624499541786000,0,500.00000000,0.5226
1624499542043000,0,800.00000000,0.5230
1624499542150000,0,500.00000000,0.5228
1624499542150000,0,1117.54255075,0.5230
1624499548751000,0,13423.34020000,0.5238
1624499548751000,0,1910.36351645,0.5238
1624499548751000,0,1910.83548355,0.5239
1624499558428000,1,3000.00000000,0.5230
1624499578362000,0,66.44000000,0.5248
1624499585686000,1,10000.00000000,0.5247
1624499606055000,0,672.68000000,0.5250
1624499614411000,0,7994.33850000,0.5250
1624499614469000,0,1906.20241191,0.5250
1624499614469000,0,4765.37041395,0.5250
1624499614524000,0,12387.48172270,0.5251
1624499614563000,0,1905.98877959,0.5250
1624499615103000,0,12384.82427452,0.5254
1624499615103000,0,1905.62086096,0.5254
1624499615103000,0,2995.35369452,0.5254
1624499638913000,0,1906.78647000,0.5248
1624499658283000,0,1906.88113000,0.5247
1624499669875000,1,10000.00000000,0.5252
1624499686540000,0,10000.00000000,0.5244
1624499699956000,1,410.00000000,0.5243
1624499721196000,1,28472.18000000,0.5249
1624499732092000,1,1366.98169000,0.5239
1624499734466000,0,10000.00000000,0.5240
1624499751143000,1,10000.00000000,0.5245
1624499777604000,0,13795.06333157,0.5234
1624499793181000,0,4775.60688275,0.5239
1624499793181000,0,2430.37130443,0.5239
1624499793311000,0,9986.00914875,0.5239
1624499800029000,1,5000.00000000,0.5231
1624499803438000,0,10000.00000000,0.5232
1624499807489000,1,203.30100000,0.5221
1624499807553000,1,0.00002359,0.5221
1624499808804000,0,10000.00000000,0.5220
1624499810392000,0,15000.00000000,0.5224
1624499816727000,0,1912.38938000,0.5232
1624499836273000,0,1912.47006000,0.5231
1624499846217000,1,3000.00000000,0.5241
1624499853675000,0,10000.00000000,0.5232
1624499864015000,0,10000.00000000,0.5231
1624499894800000,0,1906.60253000,0.5249
1624499899951000,1,456.84731376,0.5245
1624499900854000,1,11984.05455000,0.5247
1624499923489000,1,1000.00000000,0.5238
1624499928281000,1,7683.75750000,0.5231
1624499928514000,1,333.89750000,0.5231
1624499928532000,1,5162.42160000,0.5231
1624499928593000,1,308.19950000,0.5231
1624499928714000,1,141.60000000,0.5231
1624499928904000,1,78.24670000,0.5231
1624499929032000,1,234.77220000,0.5231
1624499929217000,1,73.60460000,0.5231
1624499929548000,1,1532.37040000,0.5231
1624499930057000,0,10000.00000000,0.5232
1624499951377000,0,10000.00000000,0.5234
1624499976199000,1,1907.40724070,0.5240
1624499994052000,0,6173.99068000,0.5245
1624499994127000,0,3826.00932000,0.5245
1624500012238000,1,285.00000000,0.5234
1624500014292000,1,974.98739095,0.5235
1624500016157000,1,8000.00000000,0.5237
1624500017230000,0,10000.00000000,0.5243
1624500031944000,1,11987.93319617,0.5245
1624500031944000,1,15127.25000000,0.5244
1624500031944000,1,12387.46696783,0.5243
1624500052881000,0,6670.47080000,0.5251
1624500052904000,0,5323.98750781,0.5251
1624500067482000,1,10000.00000000,0.5257
1624500068251000,1,10000.00000000,0.5256
1624500075018000,1,9500.00000000,0.5263
1624500075081000,1,500.00000000,0.5263
1624500079727000,1,10000.00000000,0.5265
1624500108234000,1,2500.00000000,0.5270
1624500171867000,1,51.18069000,0.5244
1624500176485000,0,11993.72879000,0.5250
1624500183423000,1,9434.16418374,0.5243
1624500190835000,1,15783.33000000,0.5236
1624500301918000,0,12018.66692000,0.5239
1624500302891000,0,0.00000862,0.5239
1624500302891000,0,16027.17524138,0.5239
1624500302988000,0,0.00001424,0.5239
1624500305676000,0,2575.72372000,0.5243
1624500306224000,1,10000.00000000,0.5243
1624500343266000,0,4770.27608679,0.5244
1624500343266000,0,1908.09062321,0.5244
1624500352147000,0,1906.48185850,0.5249
1624500352147000,0,1906.23656150,0.5249
1624500370776000,0,7594.02350300,0.5245
1624500394815000,0,10000.00000000,0.5232
1624500402893000,1,129.90000000,0.5229
1624500420093000,0,7567.61087000,0.5228
1624500420172000,0,2432.38913000,0.5228
1624500550733000,0,7567.61087000,0.5240
1624500550858000,0,9528.36123741,0.5241
1624500550882000,0,2486.92864829,0.5241
1624500551198000,0,1908.95780000,0.5242
1624500553331000,1,529.12061400,0.5240
1624500688341000,0,9500.00000000,0.5241
1624500688401000,0,2514.78913000,0.5241
1624500722187000,1,1908.32112471,0.5247
1624500722622000,1,8091.67887529,0.5247
1624500731749000,0,12000.88111317,0.5248
1624500731886000,0,0.00000001,0.5248
1624500731886000,0,1906.44529999,0.5249
1624500731942000,0,0.00004223,0.5249
1624500731942000,0,4765.42605777,0.5250
1624500731956000,0,0.00008044,0.5250
1624500731956000,0,12389.87381956,0.5250
1624500732224000,0,0.00009621,0.5250
1624500732224000,0,1906.22590326,0.5250
1624500732224000,0,2859.20010053,0.5250
1624500732230000,0,1906.22600000,0.5250
1624500765253000,1,10000.00000000,0.5259
1624500765253000,1,11963.73040920,0.5259
1624500765886000,1,500.00000000,0.5254
1624500790876000,1,13514.78913000,0.5244
1624500820000000,0,121.61894400,0.5244
1624500820609000,0,12011.05945118,0.5244
1624500821286000,0,1907.80467000,0.5246
1624500873501000,0,10592.19533000,0.5247
1624500905565000,0,1904.99231758,0.5252
1624500927231000,0,2931.02753306,0.5255
1624500956650000,1,9000.00000000,0.5267
1624500958310000,0,8969.20042800,0.5270
1624500960301000,0,115.70066975,0.5275
1624500974777000,1,10000.00000000,0.5261
1624500978500000,0,10000.00000000,0.5260
1624500981864000,0,2109.82055847,0.5265
1624500981900000,0,9853.66854810,0.5265
1624500982852000,1,7000.00000000,0.5266
1624500982908000,1,3000.00000000,0.5266
1624500986523000,1,15865.31999999,0.5259
1624500986572000,1,0.00000001,0.5259
1624500987127000,0,10000.00000000,0.5259
1624501034628000,0,1900.31480404,0.5267
1624501034628000,0,1900.11136348,0.5267
1624501036866000,1,4500.00000000,0.5269
1624501036932000,1,4758.66085000,0.5269
1624501036998000,1,741.33915000,0.5269
1624501077434000,1,5000.00000000,0.5275
1624501079306000,0,1896.33513843,0.5276
1624501079306000,0,11936.17616157,0.5276
1624501079372000,0,0.00013782,0.5276
1624501079372000,0,1896.40756993,0.5276
1624501080323000,0,1896.28096608,0.5281
1624501080323000,0,1896.40756993,0.5282
1624501080323000,0,1204.30827350,0.5283
1624501106275000,0,380.26808500,0.5281
1624501111642000,1,10000.00000000,0.5277
1624501111642000,1,1921.37732847,0.5277
1624501111658000,1,182.33122800,0.5277
1624501113964000,0,11916.54987051,0.5285
1624501120226000,1,6500.00000000,0.5279
1624501134313000,1,9758.66085000,0.5289
1624501177891000,0,94.08045800,0.5290
1624501205785000,1,15887.78640000,0.5279
1624501206061000,1,0.00009435,0.5279
1624501236498000,1,2931.02753306,0.5268
1624501253749000,1,6500.00000000,0.5265
1624501253766000,1,5448.74157798,0.5265
1624501253871000,1,2494.95731688,0.5265
1624501253880000,1,2496.92762598,0.5265
1624501253952000,1,1899.44546330,0.5262
1624501253952000,1,17949.29324656,0.5262
1624501253952000,1,1898.60140781,0.5261
1624501266812000,1,279.74797600,0.5256
1624501315816000,0,1902.59984845,0.5259
1624501428116000,0,10000.00000000,0.5257
1624501461708000,1,1932.43737521,0.5239
1624501464213000,0,10000.00000000,0.5245
1624501464213000,0,12008.85139991,0.5245
1624501464213000,0,0.00000001,0.5245
1624501464213000,0,16015.12550419,0.5246
1624501464213000,0,1907.45748086,0.5247
1624501464213000,0,2427.53840006,0.5247
1624501464374000,0,1907.33845664,0.5247
1624501464374000,0,638.47745477,0.5247
1624501464392000,0,4129.60916499,0.5247
1624501465793000,0,10000.00000000,0.5254
1624501481224000,1,2000.00000000,0.5247
1624501488519000,1,124.00000000,0.5238
1624501590820000,0,158.00000000,0.5231
1624501615097000,0,141.60000000,0.5221
1624501615422000,0,6000.00009000,0.5221
1624501618600000,0,119.00000000,0.5227
1624501620330000,1,2546.53840006,0.5218
1624501620330000,1,1914.05423294,0.5218
1624501620330000,1,4785.38505122,0.5218
1624501620382000,1,16065.52307067,0.5218
1624501621464000,0,8000.00000000,0.5219
1624501628192000,1,3954.70000000,0.5211
1624501628192000,1,500.00000000,0.5211
1624501628192000,1,1916.33621117,0.5210
1624501628192000,1,1914.05423294,0.5210
1624501628192000,1,12064.46276763,0.5210
1624501628501000,1,1916.33621117,0.5209
1624501628501000,1,1914.05423294,0.5209
1624501628501000,1,169.60955589,0.5209
1624501628639000,1,330.39044000,0.5209
1624501628670000,1,0.00000411,0.5209
1624501630964000,0,10830.39044000,0.5210
1624501631030000,0,1261.42889000,0.5210
1624501631043000,0,0.00000381,0.5210
1624501637819000,0,12071.56743023,0.5218
1624501638989000,1,10000.00000000,0.5218
1624501680381000,1,2636.13735009,0.5205
1624501712836000,0,4787.32545732,0.5226
1624501712836000,0,1914.62794268,0.5226
1624501767731000,1,10000.00000000,0.5210
1624501767731000,1,12075.34789856,0.5209
1624501767731000,1,1419.05804607,0.5209
1624501767745000,1,8580.94195393,0.5209
1624501806652000,0,1920.45228715,0.5210
1624501817264000,1,6500.00000000,0.5216
1624501841009000,1,10000.00000000,0.5224
1624501844568000,0,6238.57111000,0.5226
1624501846339000,0,1913.50364194,0.5230
1624501846339000,0,1913.85082806,0.5230
1624501846455000,0,0.00000539,0.5230
1624501846691000,1,10000.00000000,0.5231
1624501863355000,0,12056.56924000,0.5224
1624501865266000,0,3698.87341059,0.5225
1624501865486000,0,4784.53570709,0.5228
1624501865486000,0,1913.89616291,0.5228
1624501901156000,0,12037.63869000,0.5231
1624501911867000,1,856.68585451,0.5221
1624501911905000,1,1057.14857600,0.5221
1624501911905000,1,1912.42157437,0.5221
1624501913082000,0,9000.00000000,0.5220
1624501939209000,0,10000.00000000,0.5217
1624501940466000,0,56.86955829,0.5217
1624501947005000,1,6119.99427000,0.5212
1624501988994000,1,38.51128467,0.5193
1624501988994000,1,38.51128466,0.5193
1624501988995000,1,0.00000001,0.5193
1624501988998000,1,500.00000000,0.5192
1624501989122000,1,1921.35829550,0.5191
1624501989122000,1,1919.58030450,0.5191
1624501989256000,1,500.00000000,0.5191
1624501989269000,1,0.00018500,0.5191
1624501995424000,1,3850.24022524,0.5188
1624501995663000,1,1924.93862705,0.5188
1624501995663000,1,1925.30159819,0.5188
1624501995681000,1,0.00000001,0.5188
1624501995814000,1,141.60000000,0.5186
1624501995953000,1,2790.40200000,0.5186
1624501997043000,0,10000.00000000,0.5186
1624501999458000,1,500.00000000,0.5181
1624501999849000,1,500.00000000,0.5181
1624502000007000,0,12000.00018000,0.5181
1624502000210000,0,141.60000000,0.5180
1624502002764000,1,39.01544401,0.5180
1624502002764000,1,499.99999999,0.5179
1624502002765000,1,0.00000001,0.5179
1624502032572000,1,198.27815000,0.5174
1624502032742000,1,0.00000665,0.5174
1624502033199000,0,698.27815000,0.5174
1624502043643000,1,12146.45074991,0.5178
1624502051810000,0,529.12070000,0.5190
1624502067821000,1,7165.60000000,0.5198
1624502067849000,1,141.60000000,0.5198
1624502067975000,1,2692.80000000,0.5198
1624502084699000,0,4665.60000000,0.5186
1624502085398000,0,2000.00000000,0.5186
1624502086004000,0,10140.49980000,0.5186
1624502096285000,1,15761.60000000,0.5185
1624502098776000,0,0.00004067,0.5186
1624502110292000,1,1922.48865402,0.5196
1624502110292000,1,4806.87882598,0.5196
1624502110374000,1,0.00000991,0.5196
1624502127435000,1,509.03252000,0.5191
1624502225588000,0,73.27000000,0.5191
1624502230297000,0,0.00057426,0.5191
1624502277372000,1,2000.00000000,0.5199
1624502277773000,1,8000.00000000,0.5199
1624502280338000,1,451.61332652,0.5196
1624502301700000,1,9999.99999999,0.5208
1624502303370000,1,3464.00000000,0.5207
1624502304434000,1,4057.59305275,0.5207
1624502304501000,1,73.27000000,0.5207
1624502304666000,1,9147.80894503,0.5207
1624502304718000,1,10549.49800222,0.5207
1624502307106000,1,15479.38000000,0.5205
1624502389511000,0,55.91000000,0.5195
1624502400225000,1,1926.94910000,0.5186
1624502431268000,0,437.52413300,0.5207
1624502451655000,1,140.64904700,0.5205
1624502457601000,1,7500.00000000,0.5206
1624502473699000,0,11500.00000000,0.5206
1624502489387000,1,5500.00000000,0.5209
1624502489447000,1,7000.00000000,0.5209
1624502533376000,0,65.21000000,0.5217
1624502557526000,1,5500.00000000,0.5214
1624502557585000,1,500.00000000,0.5214
1624502593340000,0,1881.83939800,0.5217
1624502611037000,1,1737.97675655,0.5205
1624502613919000,0,609.05401100,0.5215
1624502705796000,0,1923.70497926,0.5202
1624502726628000,0,186.07375600,0.5216
1624502937962000,1,9500.00000000,0.5224
1624503017912000,1,58.67600000,0.5217
1624503065509000,0,1909.88260000,0.5239
1624503066221000,1,10000.00000000,0.5240
1624503075934000,1,10000.00000000,0.5242
1624503078147000,0,652.15221500,0.5245
1624503085254000,1,3000.00000000,0.5234
1624503172387000,0,4778.61044451,0.5235
1624503172387000,0,1911.60770247,0.5235
1624503178392000,1,553.26000000,0.5235
1624503259461000,0,12030.19823000,0.5234
1624503281597000,0,7546.09680000,0.5234
1624503283465000,0,15000.00000000,0.5234
1624503283551000,0,5500.00000000,0.5234
1624503283642000,0,5000.00000000,0.5234
1624503284414000,0,5500.00000000,0.5234
1624503284474000,0,141.60000000,0.5234
1624503284477000,0,8000.00000000,0.5234
1624503285290000,0,500.00000000,0.5234
1624503286703000,0,5937.66796700,0.5234
1624503314196000,1,12016.01743000,0.5236
1624503314267000,1,0.00000192,0.5236
1624503314267000,1,4999.99999808,0.5236
1624503314328000,1,5000.00000000,0.5236
1624503330287000,1,5937.66796700,0.5227
1624503330355000,1,1911.78537292,0.5226
1624503330355000,1,1298.00000000,0.5226
1624503330355000,1,500.00000000,0.5226
1624503330644000,1,135.84550000,0.5226
1624503330688000,1,4642.23087043,0.5226
1624503396291000,0,69.71347400,0.5216
1624503403961000,0,6500.00000000,0.5215
1624503459355000,1,120.66000000,0.5214
1624503491481000,1,106.52956274,0.5208
1624503553294000,1,6000.00000000,0.5217
1624503583544000,0,136.16419500,0.5207
1624503638592000,1,6000.00000000,0.5198
1624503684720000,1,5000.00000000,0.5217
1624503771721000,1,12011.25076313,0.5237
1624503772438000,1,500.00000000,0.5229
1624503874144000,1,1910.86330000,0.5224
1624503874406000,1,0.00006217,0.5224
1624503891207000,1,1182.71130000,0.5228
1624503909964000,0,5027.26819000,0.5224
1624503951149000,0,10000.00000000,0.5226
1624503951149000,0,12052.41809478,0.5226
1624503951158000,0,4020.00000000,0.5227
1624503951158000,0,19519.07563624,0.5227
1624503951344000,0,12052.41809478,0.5226
1624503951345000,0,1913.77048269,0.5228
1624503952637000,1,1913.77040000,0.5229
1624503957122000,1,16046.05928353,0.5227
1624504015141000,1,2500.00000000,0.5227
1624504024537000,1,16040.22291920,0.5229
1624504079137000,0,139.91849400,0.5223
1624504317819000,1,10000.00000000,0.5234
1624504317870000,1,141.60000000,0.5234
1624504381571000,1,12048.89270000,0.5221
1624504384965000,0,8617.62763147,0.5225
1624504427259000,0,1298.00000000,0.5243
1624504431071000,1,6500.00000000,0.5243
1624504543647000,0,77.71000000,0.5234
1624504723781000,1,16049.97920000,0.5225
1624504724824000,1,0.00006287,0.5225
1624504725107000,1,0.00007799,0.5221
1624504725107000,1,50.17986901,0.5221
1624504734676000,0,9999.99999999,0.5226
1624504734700000,0,0.00000001,0.5226
1624504817560000,1,10000.00000000,0.5241
1624504902096000,0,1911.52567000,0.5234
1624504902249000,0,0.00000653,0.5234
1624504902249000,0,4778.45184347,0.5235
1624504902985000,0,1910.65034000,0.5238
1624504911355000,0,69.69748600,0.5245
1624504915467000,0,1909.07151957,0.5243
1624504922686000,0,85.63750000,0.5241
1624504937154000,0,6500.00000000,0.5237
1624504937219000,0,3500.00000000,0.5237
1624504946571000,0,3664.49910000,0.5244
1624504974586000,1,5186.85746000,0.5240
1624504998364000,0,1910.40723000,0.5238
1624505037681000,0,1905.67660000,0.5252
1624505040230000,0,594.95789332,0.5259
1624505041806000,1,10000.00000000,0.5251
1624505073160000,0,1904.84400000,0.5253
1624505073172000,0,0.00004176,0.5253
1624505073297000,0,1413.32816663,0.5254
1624505073358000,0,3347.95989511,0.5254
1624505084390000,0,1903.20309080,0.5260
1624505102427000,1,11966.56416000,0.5255
1624505121494000,1,7943.84311000,0.5251
1624505121565000,1,2056.15689000,0.5251
1624505169038000,1,1500.00000000,0.5249
1624505189614000,0,1907.99455990,0.5245
1624505362542000,0,8631.32430000,0.5269
1624505362557000,0,3318.67980000,0.5269
1624505375950000,0,0.00006792,0.5269
1624505375950000,0,1897.62688215,0.5273
1624505375950000,0,1898.01446392,0.5274
1624505375950000,0,4020.00000000,0.5274
1624505375950000,0,12332.45748601,0.5275
1624505381043000,1,1943.84311000,0.5270
1624505381281000,1,767.71351676,0.5268
1624505417130000,0,11942.36445000,0.5273
1624505417185000,0,0.00000050,0.5273
1624505417332000,0,337.16887808,0.5273
1624505417365000,0,4407.04559509,0.5273
1624505417365000,0,9908.92350859,0.5273
1624505417546000,0,1897.73895298,0.5273
1624505430770000,0,194.34051750,0.5281
1624505431848000,0,206.02981205,0.5282
1624505437559000,0,207.39723005,0.5291
1624505437617000,0,0.00000001,0.5291
1624505438378000,0,499.99999999,0.5299
1624505438378000,0,0.00000001,0.5299
1624505443602000,0,1887.97061000,0.5301
1624505446159000,1,43.55000000,0.5292
1624505454483000,1,108.19800900,0.5291
1624505463964000,1,11884.76529491,0.5291
1624505484295000,0,5220.25602495,0.5291
1624505543604000,1,3500.00000000,0.5293
1624505544887000,0,10000.00000000,0.5293
1624505548444000,1,10000.00000000,0.5292
1624505548735000,1,11884.78920126,0.5292
1624505552635000,0,1889.24345677,0.5297
1624505552635000,0,2183.48082623,0.5297
1624505557005000,1,416.35818200,0.5291
1624505587523000,0,1000.00000000,0.5299
1624505587630000,0,4720.27254373,0.5299
1624505587630000,0,1888.16479627,0.5299
1624505587788000,0,0.00000397,0.5299
1624505589530000,0,198.27815664,0.5303
1624505589563000,0,0.00000001,0.5303
1624505763890000,0,1879.16843000,0.5324
1624505769772000,0,10000.00000000,0.5329
1624505769772000,0,11820.91854234,0.5329
1624505769790000,0,0.00000001,0.5329
1624505781192000,1,15752.23216000,0.5322
1624505837088000,0,11840.72342045,0.5319
1624505944550000,0,6181.34277695,0.5311
1624505944601000,0,2001.17584294,0.5311
1624506023316000,1,11827.41130000,0.5319
1624506045324000,0,10000.00000000,0.5316
1624506045958000,0,9036.55238000,0.5316
1624506113333000,1,500.00000000,0.5298
1624506113333000,1,4710.90140272,0.5298
1624506113333000,1,1884.25530998,0.5298
1624506113710000,1,500.00000000,0.5297
1624506118951000,0,10000.00000000,0.5293
1624506151072000,0,450.77797308,0.5291
1624506173622000,1,4730.17206474,0.5279
1624506221549000,0,8000.00000000,0.5278
1624506221622000,0,141.60000000,0.5278
1624506262246000,0,10000.00000000,0.5277
1624506262246000,0,352.35713964,0.5278
1624506262679000,0,1895.40100474,0.5279
1624506262679000,0,1202.36764506,0.5279
1624506262692000,0,3536.03053181,0.5279
1624506272424000,1,5430.00000000,0.5276
1624506279278000,1,1864.74205400,0.5279
1624506327201000,0,1885.65860000,0.5306
1624506327786000,1,10000.00000000,0.5306
1624506331406000,0,1884.93619658,0.5310
1624506331406000,0,1884.52336641,0.5310
1624506372229000,0,54.77000000,0.5305
1624506405999000,0,1895.73786114,0.5279
1624506444854000,1,3000.00000000,0.5255
1624506444854000,1,9913.93466972,0.5255
1624506444854000,1,86.06533028,0.5255
1624506444887000,1,11965.15518156,0.5255
1624506451238000,0,10000.00000000,0.5255
1624506464576000,0,11334.43420000,0.5256
1624506482563000,0,11977.42582000,0.5257
1624506563774000,0,4522.57418000,0.5261
1624506575777000,1,9500.00000000,0.5264
1624506613451000,1,1915.81128345,0.5261
1624506640290000,1,1070.78831300,0.5263
1624506643294000,1,5500.00000000,0.5267
1624506643358000,1,4500.00000000,0.5267
1624506770179000,1,50.00000000,0.5292
1624506802759000,1,9500.00000000,0.5292
1624506840288000,0,1028.05125339,0.5290
1624506895078000,0,1465.89744074,0.5294
1624506949411000,0,5465.65255000,0.5300
1624506949425000,0,0.00000543,0.5300
1624506968066000,0,4417.10000000,0.5300
1624506972074000,0,187.22755300,0.5302
1624506997956000,0,4145.92089336,0.5298
1624507200273000,0,488.65157536,0.5305
1624507226527000,0,10000.00000000,0.5305
1624507247858000,1,4709.90738438,0.5303
1624507266960000,1,15836.24180000,0.5296
1624507266981000,1,0.00000655,0.5296
1624507268199000,1,1899.64276611,0.5292
1624507289023000,0,188.40573143,0.5297
1624507292258000,0,937.48174900,0.5293
1624507320241000,1,365.52721784,0.5295
1624507320579000,0,15851.11440000,0.5300
1624507353485000,0,5750.00780000,0.5313
1624507366557000,0,1881.61452116,0.5318
1624507369408000,0,1880.77751863,0.5332
1624507369408000,0,1877.17242696,0.5332
1624507369408000,0,1882.31491441,0.5332
1624507370964000,1,2000.00000000,0.5331
1624507373613000,1,3000.00000000,0.5327
1624507379475000,0,38.51128467,0.5349
1624507379475000,0,38.51127533,0.5349
1624507379487000,0,0.00000933,0.5349
1624507379487000,0,0.00000001,0.5349
1624507382148000,1,9000.00000000,0.5348
1624507385313000,0,3000.00000000,0.5352
1624507385313000,0,3711.40000000,0.5354
1624507397273000,0,1870.31196487,0.5353
1624507424456000,1,11728.48550000,0.5362
1624507425945000,1,1500.00000000,0.5362
1624507430339000,1,0.00000808,0.5362
1624507461448000,0,1862.28060015,0.5373
1624507461448000,0,0.00000001,0.5373
1624507461448000,0,4655.73048244,0.5373
1624507461560000,0,4655.69877362,0.5375
1624507461834000,0,837.16410000,0.5377
1624507461846000,0,54.43840000,0.5377
1624507461862000,0,289.46120000,0.5377
1624507461919000,0,142.37190000,0.5377
1624507461939000,0,58.71940000,0.5377
1624507462136000,0,500.00000000,0.5378
1624507462943000,1,10000.00000000,0.5377
1624507465492000,0,198.27815000,0.5383
1624507466713000,0,0.00000665,0.5383
1624507493663000,1,500.00000000,0.5406
1624507503233000,1,2606.58344000,0.5405
1624507514351000,0,10000.00000000,0.5394
1624507538227000,0,594.63869400,0.5404
1624507541247000,1,10000.00000000,0.5395
1624507541949000,0,8000.00000000,0.5393
1624507592958000,0,584.48753050,0.5398
1624507592960000,0,11081.70315858,0.5398
1624507626608000,0,10000.00000000,0.5385
1624507658658000,1,10081.70315000,0.5392
1624507739568000,0,776.77424056,0.5407
1624507777280000,1,417.27850900,0.5403
1624507784109000,0,188.24483052,0.5411
1624507800276000,0,277.34615566,0.5409
1624507850808000,1,15589.08150446,0.5377
1624507850808000,1,427.91113860,0.5377
1624507852896000,0,10000.00000000,0.5384
1624507918156000,0,4647.85633000,0.5382
1624507921546000,0,0.00000797,0.5382
1624507965609000,1,10000.00000000,0.5369
1624507965609000,1,4653.15386984,0.5369
1624507965609000,1,9372.33509475,0.5369
1624507968582000,1,1861.42093000,0.5369
1624508061442000,0,438.90773600,0.5347
1624508073962000,0,3129.74537371,0.5352
1624508081766000,0,7379.46253494,0.5352
1624508199138000,0,10000.00000000,0.5341
1624508236879000,1,15724.25150980,0.5333
1624508236935000,1,1874.35170973,0.5332
1624508236935000,1,15726.60099027,0.5332
1624508237059000,1,15724.25150980,0.5333
1624508347250000,1,449.37291900,0.5319
1624508489489000,1,450.77797308,0.5319
1624508490699000,0,11829.59966000,0.5324
1624508508014000,0,188.99348000,0.5325
1624508585200000,0,486.79270000,0.5323
1624508597408000,1,10000.00000000,0.5323
1624508618074000,0,1876.67770000,0.5332
1624508618217000,0,0.00004964,0.5332
1624508630265000,0,1874.51239812,0.5338
1624508630289000,0,0.00000001,0.5338
1624508633528000,1,10000.00000000,0.5338
1624508641122000,1,15723.24533403,0.5332
1624508641122000,1,3914.40000000,0.5332
1624508641122000,1,7562.35466597,0.5331
1624508647170000,1,159.36906100,0.5333
1624508705217000,0,5897.17220000,0.5345
1624508743766000,1,73.27057426,0.5366
1624508787320000,0,1700.86583164,0.5373
1624508799977000,1,800.00000000,0.5366
1624508804638000,0,54.08000000,0.5372
1624508845561000,0,2643.03772811,0.5365
1624508977753000,0,350.12190000,0.5382
1624509000501000,1,53.17189400,0.5382
1624509031455000,1,15617.44493313,0.5369
1624509032711000,1,4030.51500000,0.5366
1624509085053000,1,11777.15190000,0.5339
1624509085086000,1,0.00008044,0.5339
1624509126582000,1,53.17180000,0.5338
1624509127050000,1,1564.64344828,0.5336
1624509127112000,1,307.30893705,0.5336
1624509127112000,1,1872.07078493,0.5336
1624509128182000,1,4030.51500000,0.5333
1624509130184000,0,5000.00000000,0.5330
1624509134289000,1,4030.51500000,0.5327
1624509176405000,0,10000.00000000,0.5326
1624509176405000,0,1825.63391530,0.5326
1624509194344000,1,3175.36424000,0.5333
1624509194464000,1,0.00000834,0.5333
1624509211756000,1,13794.12076000,0.5327
1624509217942000,1,3500.00000000,0.5320
1624509237972000,1,2000.00000000,0.5317
1624509238137000,1,1000.00000000,0.5317
1624509264693000,0,3000.00000000,0.5320
1624509266785000,0,2714.26740000,0.5324
1624509267571000,0,3000.00000000,0.5327
1624509275866000,1,126.91850760,0.5326
1624509340314000,1,1872.24746000,0.5333
1624509344948000,1,0.00000833,0.5333
1624509412106000,0,1866.40262603,0.5361
1624509412106000,0,4665.74595946,0.5361
1624509412106000,0,1935.70291451,0.5361
1624509423981000,1,949.90000000,0.5363
1624509435770000,1,1000.00000000,0.5352
1624509462422000,1,121.00000000,0.5354
1624509469179000,0,1000.00000000,0.5353
1624509502613000,1,13140.00000000,0.5351
1624509512479000,1,1000.00000000,0.5344
1624509512540000,1,870.27799128,0.5344
1624509528997000,0,10000.00000000,0.5341
1624509528997000,0,9940.77595043,0.5341
1624509528997000,0,7856.06720000,0.5341
1624509528997000,0,1873.20365389,0.5341
1624509528997000,0,1873.50797401,0.5341
1624509528997000,0,12177.99679884,0.5341
1624509528997000,0,3726.50000000,0.5342
1624509528997000,0,10613.94222783,0.5342
1624509577448000,0,2846.99876000,0.5336
1624509577624000,0,0.00000601,0.5336
1624509577624000,0,1873.95452399,0.5339
1624509585547000,0,1870.13589515,0.5352
1624509585547000,0,1869.57059628,0.5352
1624509585547000,0,10800.16410857,0.5353
1624509587708000,1,6062.97323000,0.5354
1624509588181000,1,15665.73007004,0.5350
1624509588375000,1,198.13958530,0.5346
1624509588445000,1,141.60000000,0.5350
1624509602757000,0,1871.62129864,0.5346
1624509609037000,1,7500.00000000,0.5349
1624509609280000,1,500.00000000,0.5348
1624509609280000,1,1868.50265701,0.5347
1624509609280000,1,500.00000000,0.5346
1624509609280000,1,1868.34206194,0.5345
1624509609280000,1,4671.11606042,0.5345
1624509662983000,1,11784.25468557,0.5337
1624509662983000,1,1872.72988694,0.5337
1624509702317000,0,3000.00000000,0.5337
1624509711017000,0,10500.00000000,0.5335
1624509812551000,1,4000.00000000,0.5324
1624509812674000,1,11813.45265408,0.5324
1624509812674000,1,1877.23001883,0.5322
1624509828968000,0,828.15145500,0.5318
1624509842406000,0,1879.16860000,0.5328
1624509843505000,0,0.00000645,0.5328
1624509886080000,1,11807.27422831,0.5326
1624509886132000,1,1876.55362080,0.5326
1624509886146000,1,226.40870000,0.5326
1624509886148000,1,604.33580000,0.5326
1624509886149000,1,544.99090000,0.5326
1624509886497000,1,1876.55362080,0.5324
1624509889016000,0,15802.76801000,0.5316
1624509889036000,0,0.00000637,0.5316
1624509889649000,1,8181.93661000,0.5316
1624509889703000,1,1818.06339000,0.5316
1624509940993000,0,8000.00000000,0.5317
1624509941063000,0,141.60000000,0.5317
1624509941068000,0,3703.59825259,0.5317
1624509993900000,0,9124.97586873,0.5323
1624509993900000,0,8174.40413127,0.5324
1624510030889000,1,11820.96380000,0.5321
1624510074458000,0,42.56856200,0.5339
1624510088638000,0,80.00000000,0.5344
1624510099661000,1,1870.20828199,0.5344
1624510099786000,1,1871.10394000,0.5341
1624510100221000,0,279.91008210,0.5347
1624510166381000,0,1874.37903072,0.5340
1624510200263000,0,74.25847070,0.5342
1624510241468000,0,11800.28513196,0.5336
1624510241695000,0,1874.78579445,0.5337
1624510245300000,0,1860.93713000,0.5337
1624510275513000,0,1873.12503000,0.5343
1624510320260000,0,176.18298303,0.5338
1624510357273000,0,830.74450000,0.5337
1624510357380000,0,1044.53056000,0.5337
1624510357498000,0,0.00000158,0.5337
1624510373409000,0,1007.28092000,0.5343
1624510376790000,0,0.00000660,0.5343
1624510393715000,1,7500.00000000,0.5352
1624510431599000,1,11753.16853000,0.5351
1624510447557000,0,246.27903700,0.5352
1624510465287000,0,10000.00000000,0.5353
1624510537644000,1,6500.00000000,0.5357
1624510537721000,1,3500.00000000,0.5357
1624510546301000,1,4670.07878617,0.5350
1624510546301000,1,1867.60228480,0.5350
1624510546301000,1,23498.14546410,0.5350
1624510546301000,1,10129.68070235,0.5350
1624510546535000,1,1867.61623744,0.5351
1624510546535000,1,500.00000000,0.5350
1624510558106000,0,10000.00000000,0.5344
1624510558106000,0,11781.06969653,0.5345
1624510558106000,0,15708.61692954,0.5346
1624510558106000,0,3726.50000000,0.5346
1624510558106000,0,7846.73110000,0.5346
1624510558106000,0,5511.48542471,0.5346
1624510558106000,0,10918.60740505,0.5347
1624510599037000,0,9500.00000000,0.5334
1624510617012000,0,11796.22109000,0.5337
1624510617172000,0,0.00000580,0.5337
1624510623607000,1,10000.00000000,0.5342
1624510627165000,0,93.01372200,0.5343
1624510640229000,1,11789.77030430,0.5335
1624510640492000,1,141.60000000,0.5334
1624510640643000,1,1731.76847642,0.5334
1624510698674000,0,465.20811500,0.5330
1624510702635000,1,62.67660000,0.5324
1624510723961000,1,51.75279000,0.5324
1624510724077000,1,0.00000600,0.5324
1624510726949000,1,0.00005000,0.5324
1624510734180000,1,11826.01353000,0.5320
1624510741053000,1,0.00000261,0.5320
1624510741053000,1,10234.44538739,0.5320
1624510741111000,1,5529.58075000,0.5320
1624510766163000,1,50.00000000,0.5312
1624510768199000,0,141.60000000,0.5310
1624510768200000,0,9858.40000000,0.5310
1624510783305000,1,9828.81925000,0.5313
1624510838239000,0,145.54687400,0.5313
1624510841015000,1,417.35361600,0.5304
1624510846156000,0,219.78997500,0.5308
1624510846733000,0,173.77691800,0.5308
1624510853811000,1,15816.31922000,0.5304
1624510863907000,1,0.00000003,0.5304
1624510863907000,1,2019.60044474,0.5303
1624510882361000,0,1881.47264000,0.5318
1624510901233000,1,300.00000000,0.5323
1624510902287000,1,10000.00000000,0.5325
1624510920278000,1,237.46520897,0.5330
1624510922818000,1,8312.96417443,0.5330
1624510959085000,0,121.56336000,0.5336
1624510959144000,0,0.00000700,0.5336
1624510961313000,1,1428.01765091,0.5335
1624510986571000,0,11801.21001000,0.5336
1624511027954000,0,203.31127029,0.5347
1624511029254000,0,54.74131900,0.5347
1624511082256000,1,500.00000000,0.5351
1624511160269000,0,185.10208660,0.5332
1624511163949000,1,12660.00000000,0.5324
1624511168859000,1,107.00000000,0.5319
1624511196765000,1,1201.46750524,0.5320
1624511202212000,1,2000.00000000,0.5329
1624511280294000,0,254.72610405,0.5333
1624511381255000,1,298.94216000,0.5317
1624511381305000,1,0.00000700,0.5317
1624511384170000,0,10000.00000000,0.5317
1624511399793000,1,101.28200000,0.5312
1624511400259000,0,463.82189239,0.5318
1624511420917000,1,11838.22926000,0.5313
1624511426017000,1,11847.06459000,0.5309
1624511426145000,1,1882.73033000,0.5309
1624511426268000,1,0.00000179,0.5309
1624511426268000,1,4707.21139821,0.5308
1624511426385000,1,0.00004973,0.5308
1624511426462000,1,2435.64500000,0.5306
1624511428870000,0,10000.00000000,0.5309
1624511471044000,0,700.00000000,0.5317
1624511483265000,1,11828.41150000,0.5317
1624511483386000,1,15771.29291000,0.5316
1624511557468000,0,933.32088400,0.5324
1624511612704000,0,994.13475900,0.5322
1624511630375000,1,41.95000000,0.5321
1624511722998000,0,616.54093300,0.5338
1624511890874000,1,65.00000000,0.5337
1624511901002000,0,216.76503000,0.5344
1624511935069000,1,3000.00000000,0.5346
1624511971457000,0,148.55780700,0.5362
1624511974428000,0,111.20476099,0.5362
1624511974436000,0,0.00000001,0.5362
1624512048473000,1,793.84106208,0.5360
1624512081704000,0,249.96682300,0.5350
1624512088524000,0,1334.30779600,0.5346
1624512120257000,0,738.98566371,0.5363
1624512183474000,1,595.38079656,0.5350
1624512184347000,0,529.45630216,0.5356
1624512346890000,0,11732.71403000,0.5366
1624512359672000,0,0.00000789,0.5366
1624512359672000,0,11728.03478753,0.5368
1624512359672000,0,21567.22421039,0.5368
1624512387153000,1,11725.14167000,0.5364
1624512427964000,1,1786.14238970,0.5366
1624512442950000,0,11733.27739000,0.5365
1624512497109000,1,6943.91490000,0.5357
1624512509034000,0,90.76785600,0.5360
1624512561865000,0,11744.39424304,0.5361
1624512566085000,1,15643.51614000,0.5360
1624512703770000,0,1298.00000000,0.5375
1624512725345000,0,1298.00000000,0.5382
1624512727728000,1,10000.00000000,0.5387
1624512786018000,1,13499.22447586,0.5376
1624512786027000,1,2102.39971922,0.5376
1624512792796000,1,6677.47137000,0.5379
1624512792801000,1,5020.52046562,0.5379
1624512792955000,1,490.03202469,0.5379
1624512792974000,1,141.60000000,0.5379
1624512799307000,0,3116.03410800,0.5375
1624512838959000,0,1863.38400227,0.5370
1624512838959000,0,4658.07841223,0.5370
1624512862446000,0,90.14000000,0.5373
1624512911782000,0,1864.46793000,0.5367
1624512960267000,1,1371.05083193,0.5366
1624512996136000,0,9500.00000000,0.5374
1624513027596000,0,1780.19142000,0.5372
1624513062041000,0,1200.00000000,0.5381
1624513112056000,0,10000.00000000,0.5376
1624513112068000,0,11712.99625000,0.5376
1624513115403000,1,10000.00000000,0.5373
1624513115403000,1,4135.80000000,0.5373
1624513115403000,1,15536.34918709,0.5373
1624513145407000,0,500.00000000,0.5374
1624513177365000,0,557.38097011,0.5371
1624513178918000,0,141.60000000,0.5372
1624513221202000,0,11729.50645000,0.5368
1624513247922000,0,0.00000137,0.5368
1624513258450000,1,349.71563900,0.5361
1624513293831000,1,3000.00000000,0.5366
1624513321492000,1,600.00000000,0.5363
1624513350781000,1,644.37772834,0.5365
1624513379611000,0,11733.44456426,0.5366
1624513387848000,0,112.83333300,0.5367
1624513437897000,0,107.43062000,0.5364
1624513438456000,1,2078.44250000,0.5355
1624513438456000,1,505.39986774,0.5355
1624513438594000,1,6697.29060000,0.5356
1624513438717000,1,1360.02834235,0.5355
1624513438717000,1,849.72035765,0.5355
1624513440316000,0,192.43136525,0.5355
1624513459928000,1,61.25488499,0.5346
1624513460030000,1,0.00000001,0.5346
1624513506861000,0,11774.41170000,0.5347
1624513558834000,0,9000.00000000,0.5350
1624513558862000,0,2772.19790001,0.5350
1624513559715000,1,10000.00000000,0.5350
1624513610289000,1,500.00000000,0.5345
1624513657400000,1,11769.58637721,0.5345
1624513657400000,1,9701.11829149,0.5345
1624513657439000,1,5989.84095598,0.5345
1624513657898000,1,1870.02619103,0.5343
1624513657898000,1,4675.32660897,0.5343
1624513657918000,1,0.00000935,0.5343
1624513675983000,0,11781.95882909,0.5345
1624513675985000,0,0.00000001,0.5345
1624513676345000,0,1871.73507000,0.5345
1624513795011000,0,37.17079457,0.5354
1624513831307000,0,500.00000000,0.5372
1624513831534000,0,212.91820000,0.5375
1624513831629000,0,500.00000000,0.5373
1624513831656000,0,196.35767892,0.5375
1624513831656000,0,212.91826249,0.5376
1624513831656000,0,390.72405859,0.5376
1624513834485000,0,15619.59080000,0.5381
1624513834568000,0,6143.08920000,0.5381
1624513834680000,0,500.00000000,0.5383
1624513835875000,0,253.30412400,0.5381
1624513848598000,0,10000.00000000,0.5386
1624513849858000,1,10000.00000000,0.5386
1624513858395000,0,10000.00000000,0.5385
1624513862624000,1,10000.00000000,0.5393
1624513887470000,1,825.78687600,0.5382
1624513887962000,1,825.78687600,0.5382
1624513896537000,1,220.00000000,0.5381
1624513902093000,0,10000.00000000,0.5384
1624513907551000,0,10000.00000000,0.5384
1624513916035000,1,11690.08743000,0.5381
1624513920251000,0,65.63283062,0.5383
1624513920492000,0,9934.36716000,0.5383
1624513926793000,0,1027.23000000,0.5383
1624513940700000,0,8000.00000000,0.5376
1624513940765000,0,2000.00000000,0.5376
1624513969148000,1,15593.88818000,0.5376
1624513973236000,1,4070.71895000,0.5377
1624514003912000,1,10000.00000000,0.5387
1624514068192000,0,11710.80778405,0.5376
1624514160270000,1,91.56712268,0.5367
1624514207786000,0,11724.27201730,0.5369
1624514284647000,0,14493.37020000,0.5388
1624514323989000,0,10000.00000000,0.5390
1624514358918000,0,10000.00000000,0.5387
1624514394728000,1,175.00000000,0.5386
1624514425169000,1,650.00000000,0.5387
1624514455963000,1,6710.80778000,0.5386
1624514501421000,0,11708.95908000,0.5378
1624514501463000,0,0.00000802,0.5378
1624514585669000,1,133.00000000,0.5370
1624514599882000,1,141.60000000,0.5366
1624514609908000,0,10000.00000000,0.5367
1624514657033000,0,11719.07281000,0.5372
1624514659943000,0,0.00000875,0.5372
1624514660021000,1,1999.99999000,0.5372
1624514660295000,1,0.00000125,0.5372
1624514684137000,0,15613.56881255,0.5377
1624514746324000,1,5762.61510295,0.5363
1624514765358000,0,10000.00000000,0.5369
1624514765358000,0,11726.68658386,0.5369
1624514765485000,1,9273.31341614,0.5370
1624514843692000,0,11730.91900000,0.5366
1624514850156000,0,11732.04940361,0.5366
1624514850156000,0,0.00002923,0.5366
1624514850159000,0,10301.94097882,0.5368
1624514850259000,1,11732.04940361,0.5366
1624514850260000,0,141.60000000,0.5368
1624514850385000,0,1863.82857288,0.5369
1624514850463000,0,4659.92317890,0.5369
1624514872920000,1,1500.00000000,0.5378
1624514896134000,0,54.01000000,0.5380
1624514898661000,0,264.26028441,0.5380
1624514959028000,0,1628.22297584,0.5364
1624514959041000,0,10108.19390556,0.5364
1624514959061000,0,9734.50766817,0.5365
1624515000254000,0,461.22882541,0.5364
1624515000293000,0,11275.74482535,0.5364
1624515005300000,0,5000.00000000,0.5365
1624515005373000,0,6732.01624000,0.5365
1624515053535000,0,11729.95199000,0.5366
1624515068823000,1,152.73250000,0.5362
1624515077577000,0,157.07824303,0.5364
1624515120672000,1,5665.74495000,0.5363
1624515186088000,1,600.00000000,0.5354
1624515189583000,1,81.22749000,0.5351
1624515189639000,1,0.00000500,0.5351
1624515191537000,1,55.26418900,0.5345
1624515216134000,0,126.39041300,0.5357
1624515287741000,1,300.00000000,0.5359
1624515336891000,1,5318.77251000,0.5361
1624515336960000,1,4500.00000000,0.5361
1624515360281000,1,453.36859846,0.5358
1624515388142000,1,118.64552611,0.5368
1624515446371000,0,6000.00000000,0.5363
1624515446438000,0,5735.28521000,0.5363
1624515480319000,1,527.12039721,0.5361
1624515486802000,0,4139.58031833,0.5366
1624515561140000,0,190.04880000,0.5384
1624515561179000,0,0.00000600,0.5384
1624515562093000,0,151.46940000,0.5386
1624515577244000,0,0.00002500,0.5386
1624515618057000,1,653.88043000,0.5386
1624515633748000,0,334.63968722,0.5387
1624515634179000,1,0.00000074,0.5386
1624515692552000,0,87.92424890,0.5375
1624515709207000,0,54.05000000,0.5376
1624515716730000,0,10000.00000000,0.5375
1624515716804000,0,1704.72339000,0.5375
1624515974379000,0,921.94674500,0.5379
1624516109366000,0,128.91295900,0.5378
1624516161170000,0,228.50000000,0.5384
1624516196674000,0,1107.11765200,0.5372
1624516217600000,1,5286.12817000,0.5365
1624516256611000,1,558.06942910,0.5366
1624516290292000,1,40.00000000,0.5364
1624516354295000,1,5000.00000000,0.5380
1624516354319000,1,5000.00000000,0.5380
1624516436062000,0,7683.00690000,0.5380
1624516436487000,0,371.11712130,0.5382
1624516440288000,0,64.52789677,0.5386
1624516480305000,0,210.37000000,0.5390
1624516500660000,1,3500.00000000,0.5384
1624516500715000,1,6500.00000000,0.5384
1624516500715000,1,11677.58687690,0.5384
1624516507283000,1,500.00000000,0.5375
1624516587538000,1,4321.96132721,0.5378
1624516594191000,0,746.23168511,0.5384
1624516597367000,1,3241.47099541,0.5378
1624516614251000,1,2431.10324656,0.5379
1624516621691000,0,210.53000000,0.5384
1624516623658000,1,15580.59444942,0.5379
1624516659754000,1,1823.32743492,0.5372
1624516665777000,1,5469.98230474,0.5374
1624516693041000,0,950.50538100,0.5379
1624516696991000,0,5500.00000000,0.5379
1624516708533000,1,1746.28327250,0.5384
1624516721678000,0,3889.39999999,0.5399
1624516728299000,0,4500.00000000,0.5403
1624516728369000,0,5500.00000000,0.5403
1624516740933000,1,11629.17800000,0.5402
1624516757243000,1,1852.64780000,0.5395
1624516768965000,1,1852.66153000,0.5395
1624516800272000,0,51.63178504,0.5401
1624516800564000,1,11649.45870000,0.5396
1624516800728000,1,0.00000708,0.5396
1624516801178000,1,1852.47620494,0.5394
1624516801178000,1,4631.46449506,0.5394
1624516805256000,1,100.00000000,0.5387
1624516990128000,0,11688.51111000,0.5382
1624516991081000,0,0.00000734,0.5382
1624517051264000,1,12500.00000000,0.5375
1624517051338000,1,3088.74102000,0.5375
1624517051429000,1,0.00000924,0.5375
1624517051662000,1,500.00000000,0.5373
1624517067269000,1,1862.21822118,0.5367
1624517067269000,1,500.00000000,0.5367
1624517067269000,1,1862.21822118,0.5366
1624517067273000,1,14646.96860000,0.5366
1624517067435000,1,4656.03105014,0.5366
1624517067435000,1,500.00000000,0.5366
1624517067443000,0,500.00000000,0.5367
1624517067523000,1,141.60000000,0.5365
1624517067593000,1,1862.21822118,0.5366
1624517102153000,0,5524.14769000,0.5377
1624517102163000,0,141.60000000,0.5377
1624517102256000,0,6036.10947687,0.5377
1624517106603000,1,71.00000000,0.5377
1624517114237000,1,253.22200080,0.5390
1624517114248000,1,9746.77799920,0.5390
1624517116158000,0,4432.40000000,0.5399
1624517130470000,0,104.87000000,0.5400
1624517151999000,0,10000.00000000,0.5396
1624517157199000,0,183.96897700,0.5396
1624517162029000,0,9500.00000000,0.5398
1624517162112000,0,2157.06762000,0.5398
1624517223096000,1,1853.59560000,0.5391
1624517223918000,1,0.00000475,0.5391
1624517240126000,0,703.68660000,0.5412
1624517240325000,0,1145.78682901,0.5412
1624517240395000,0,203.68668548,0.5412
1624517243182000,1,4092.80350000,0.5407
1624517316641000,0,7500.00000000,0.5422
1624517318030000,1,193.53399877,0.5415
1624517335693000,0,1406.37340400,0.5411
1624517378436000,1,50.86000000,0.5402
1624517410298000,1,6000.00000000,0.5400
1624517436184000,0,145.82177600,0.5400
1624517438841000,1,1205.85000000,0.5394
1624517444673000,0,9999.99999999,0.5398
1624517450703000,0,73.50836300,0.5403
1624517520259000,0,1086.70282032,0.5399
1624517545423000,0,1345.27087700,0.5395
1624517640281000,0,205.30310465,0.5395
1624517738146000,0,363.64694200,0.5389
1624517779835000,0,5904.91637233,0.5392
1624517779906000,0,5760.96799353,0.5392
1624517817004000,1,6000.00000000,0.5395
1624517874971000,0,11649.60562793,0.5400
1624517874999000,0,0.00000001,0.5400
1624517880282000,1,351.28339669,0.5401
1624517944234000,1,760.96799000,0.5397
1624518058065000,0,920.54630600,0.5399
1624518074149000,0,1854.20738197,0.5396
1624518074149000,0,10000.00000000,0.5396
1624518074149000,0,11195.34950491,0.5396
1624518074150000,0,465.25636956,0.5396
1624518082062000,1,1500.00000000,0.5396
1624518082096000,1,14028.47828023,0.5396
1624518163331000,0,11670.09210000,0.5389
1624518163338000,0,0.00000228,0.5389
1624518176661000,1,677.02985000,0.5386
1624518176668000,1,0.00000600,0.5386
1624518176671000,1,11668.02176302,0.5385
1624518179868000,0,1857.91415692,0.5385
1624518195461000,0,11683.89242920,0.5383
1624518238286000,0,360.77956600,0.5383
1624518240276000,1,158.78480721,0.5384
1624518279155000,1,182.25748700,0.5374
1624518360284000,0,294.61203161,0.5378
1624518395728000,1,7500.00000000,0.5370
1624518395790000,1,500.00000000,0.5370
1624518397843000,1,6784.44200000,0.5370
1624518398194000,1,23091.34897887,0.5370
1624518398238000,1,15679.74391522,0.5370
1624518422943000,0,211.04176821,0.5375
1624518519979000,1,119.99999999,0.5380
1624518523224000,1,0.00000001,0.5380
1624518600250000,0,92.18907141,0.5381
1624518612769000,0,11678.51660881,0.5387
1624518655945000,1,473.12492800,0.5395
1624518677883000,1,10000.00000000,0.5403
1624518725048000,1,2000.00000000,0.5400
1624518725050000,1,141.60000000,0.5400
1624518725217000,1,9907.81100000,0.5400
1624518725815000,1,11646.47306235,0.5400
1624518725818000,1,15530.19212344,0.5400
1624518725895000,1,8780.31270309,0.5400
1624518726890000,1,104.75000000,0.5395
1624518750518000,0,1381.77644603,0.5415
1624518764951000,1,558.75781800,0.5409
1624518781347000,1,11619.92186048,0.5408
1624518781365000,1,15493.54321396,0.5406
1624518788456000,0,183.38808900,0.5401
1624518817514000,0,11645.44798127,0.5400
1624518818670000,0,11640.40418295,0.5402
1624518827157000,0,91.91804400,0.5404
1624518839744000,1,6500.00000000,0.5399
1624518839811000,1,5138.78470000,0.5399
1624518840813000,1,0.00000915,0.5399
1624518851422000,1,1177.75802000,0.5401
1624518851888000,0,1755.42152599,0.5404
1624518858145000,1,0.00000688,0.5401
1624518877699000,0,141.60000000,0.5403
1624518935044000,0,378.34322277,0.5400
1624518949083000,1,11641.52989000,0.5397
1624518949192000,1,0.00000998,0.5397
1624518952274000,0,10000.00000000,0.5397
1624518952274000,0,11651.03671546,0.5398
1624518963209000,0,1390.74618790,0.5397
1624518998116000,1,4034.98964000,0.5398
1624519017428000,0,183.76461200,0.5398
1624519053231000,1,10000.00000000,0.5388
1624519053231000,1,1854.56501178,0.5388
1624519053235000,1,7111.01280855,0.5387
1624519053235000,1,1854.56501178,0.5387
1624519053235000,1,14092.04416134,0.5387
1624519132564000,0,8000.00000000,0.5376
1624519177124000,1,61.01664433,0.5373
1624519206883000,0,1858.21106304,0.5384
1624519206966000,0,0.00000001,0.5384
1624519206966000,0,12080.59209026,0.5385
1624519223110000,1,3006.52043301,0.5392
1624519229681000,1,6993.47956000,0.5392
1624519238403000,1,1854.58564846,0.5387
1624519240767000,1,0.00000001,0.5387
1624519277950000,1,11667.70896247,0.5386
1624519278069000,1,11667.70896247,0.5386
1624519280783000,0,184.09522900,0.5386
1624519348520000,0,943.50765116,0.5384
1624519364686000,0,55.44364200,0.5385
1624519395297000,0,368.49118300,0.5393
1624519453584000,0,275.95346600,0.5397
1624519471394000,1,9999.99999999,0.5392
1624519471437000,1,0.00000001,0.5392
1624519478940000,0,92.19648900,0.5394
1624519503667000,0,55.21730300,0.5393
1624519506474000,0,500.00000000,0.5393
1624519507769000,0,147.24614100,0.5393
1624519551333000,0,11656.38068964,0.5395
1624519551709000,0,1853.77420000,0.5397
1624519593912000,0,11623.85020313,0.5412
1624519593912000,0,1848.85260208,0.5412
1624519593912000,0,4621.72250298,0.5412
1624519593912000,0,4443.80000000,0.5413
1624519593912000,0,6328.49019181,0.5413
1624519594703000,0,1848.62429761,0.5413
1624519594703000,0,4621.52232267,0.5413
1624519594703000,0,5546.23907972,0.5414
1624519600888000,1,10000.00000000,0.5409
1624519658903000,0,10000.00000000,0.5402
1624519659226000,0,1851.70783013,0.5403
1624519659226000,0,1852.30463743,0.5403
1624519659226000,0,16913.68000000,0.5403
1624519659541000,0,10000.00000000,0.5401
1624519660502000,1,11641.22480092,0.5397
1624519660568000,1,0.00000001,0.5397
1624519662223000,0,10000.00000000,0.5399
1624519680270000,0,229.95721854,0.5406
1624519690112000,0,9161.71862000,0.5408
1624519722469000,1,1783.57826761,0.5406
1624519726355000,0,11993.47956000,0.5409
1624519726357000,0,23105.33528716,0.5409
1624519726437000,0,17500.00000000,0.5409
1624519726471000,0,956.72004693,0.5409
1624519734932000,1,10000.00000000,0.5413
1624519799887000,1,11614.66891000,0.5411
1624519800469000,1,229.57696409,0.5408
1624519814127000,0,11614.98029000,0.5414
1624519819896000,0,268.13000000,0.5418
1624519887812000,0,183.70929800,0.5403
1624519945193000,0,11000.00000000,0.5402
1624519945267000,0,640.28290000,0.5402
1624519947452000,0,47.20290000,0.5403
1624519947897000,0,0.00007768,0.5403
1624519983547000,0,144.12263154,0.5399
1624520008644000,1,11652.21480000,0.5392
1624520030811000,0,11649.54078444,0.5399
1624520031206000,1,141.60000000,0.5400
1624520031428000,1,9858.40000000,0.5400
1624520059896000,1,1852.27032000,0.5396
1624520107293000,1,11644.41413691,0.5397
1624520107442000,1,1852.40750000,0.5397
1624520107442000,1,9792.00663691,0.5397
1624520152022000,1,15277.70916000,0.5395
1624520160325000,0,82.54569696,0.5397
1624520234831000,0,9999.99999999,0.5391
1624520237845000,1,9621.67571100,0.5389
1624520298157000,1,140.00000000,0.5397
1624520326141000,1,9999.99999999,0.5398
1624520337310000,0,89.67000000,0.5404
1624520338872000,0,996.10706023,0.5403
1624520341841000,1,11640.23260183,0.5399
1624520368595000,1,160.00000000,0.5396
1624520368719000,1,736.77000000,0.5396
1624520527986000,0,11644.59060000,0.5398
1624520534876000,0,89.90238000,0.5400
1624520555833000,0,11640.48207153,0.5402
1624520555977000,0,11640.48200000,0.5402
1624520608472000,0,100.00000000,0.5407
1624520645892000,0,50.00000000,0.5400
1624520730567000,0,89.72000000,0.5397
1624520765163000,0,1150.79660357,0.5394
1624520789345000,1,65.00000000,0.5385
1624520811696000,1,5556.72744000,0.5385
1624520811799000,1,0.00000828,0.5385
1624520862229000,0,10000.00000000,0.5379
1624520901728000,1,7087.86316000,0.5380
1624520905735000,1,11000.00000000,0.5377
1624520905752000,1,4579.32529483,0.5377
1624520965502000,0,430.00000000,0.5388
1624521003078000,0,307.83871100,0.5382
1624521008838000,0,11377.94004000,0.5382
1624521076732000,1,500.00000000,0.5381
1624521100281000,1,499.99999999,0.5362
1624521100282000,1,499.99999999,0.5362
1624521100378000,1,499.99999999,0.5361
1624521100707000,1,500.00000000,0.5359
1624521103282000,0,11736.74398558,0.5364
1624521114107000,0,25500.00000000,0.5370
1624521114230000,0,141.60000000,0.5370
1624521114272000,0,6622.05996000,0.5370
1624521114351000,0,825.47004000,0.5370
1624521120265000,0,184.53154178,0.5370
1624521135011000,1,500.00000000,0.5347
1624521135851000,0,205.51818700,0.5353
1624521136586000,1,205.51818700,0.5350
1624521170258000,0,7500.00000000,0.5348
1624521175035000,1,800.00000082,0.5347
1624521203416000,1,197.62773317,0.5347
1624521204195000,0,90.44000000,0.5354
1624521208844000,0,55.62902500,0.5350
1624521234786000,0,1870.59254511,0.5350
1624521234786000,0,595.84006667,0.5350
1624521238880000,1,10000.00000000,0.5348
1624521240271000,0,2589.97645476,0.5350
1624521272752000,1,501.33574317,0.5343
1624521278379000,1,2304.99009570,0.5341
1624521286663000,0,6554.48889469,0.5343
1624521286705000,0,1872.94615783,0.5344
1624521286705000,0,4681.54273687,0.5344
1624521286705000,0,11780.00637176,0.5344
1624521286753000,0,0.00000001,0.5344
1624521291251000,1,3700.90000000,0.5338
1624521291251000,1,9237.31685110,0.5338
1624521291252000,1,6454.78709642,0.5338
1624521291252000,1,15693.13458303,0.5338
1624521291252000,1,999.45957169,0.5338
1624521291458000,1,7256.51940000,0.5338
1624521291798000,0,354.24210879,0.5338
1624521291834000,0,500.00000000,0.5338
1624521300997000,0,10000.00000000,0.5341
1624521308541000,0,16646.18054907,0.5348
1624521360327000,0,909.76808407,0.5363
1624521368581000,0,124.64277448,0.5357
1624521378846000,1,15846.77000000,0.5350
1624521378846000,1,1868.29319066,0.5347
1624521378846000,1,1868.30715362,0.5347
1624521378846000,1,12146.49859391,0.5347
1624521378846000,1,500.00000000,0.5347
1624521378846000,1,2364.30000000,0.5346
1624521378846000,1,13500.00000000,0.5346
1624521378976000,1,768.30250000,0.5351
1624521378979000,1,90.11140000,0.5351
1624521383932000,1,3613.39851148,0.5344
1624521384431000,1,4030.51500000,0.5343
1624521414492000,0,11766.56813451,0.5348
1624521414701000,0,4676.27110000,0.5350
1624521415621000,1,10000.00000000,0.5350
1624521433370000,0,120.00000000,0.5351
1624521441957000,1,15682.79728000,0.5344
1624521463019000,0,929.21418800,0.5344
1624521518858000,0,1870.07445562,0.5350
1624521518858000,0,4675.02944438,0.5350
1624521522111000,1,11755.83367111,0.5348
1624521549318000,0,1005.41038572,0.5353
1624521562610000,1,46.75000000,0.5351
1624521567511000,0,85.23595400,0.5355
1624521592049000,1,15676.14484000,0.5347
1624521600320000,0,123.56890404,0.5354
1624521652434000,0,229.19000000,0.5345
1624521665456000,0,11776.26445198,0.5343
1624521683965000,0,5343.61671000,0.5353
1624521686899000,0,0.00000223,0.5353
1624521736556000,0,45.62094000,0.5370
1624521739758000,1,10000.00000000,0.5371
1624521740121000,1,9999.99999999,0.5367
1624521740122000,1,0.00000001,0.5367
1624521743342000,0,90.16000000,0.5369
1624521790814000,1,252.95314000,0.5359
1624521790985000,1,0.00000162,0.5359
1624521791185000,1,15648.05650000,0.5357
1624521791266000,1,0.00006711,0.5357
1624521796794000,1,2143.09497798,0.5347
1624521849088000,0,11773.74087000,0.5346
1624521911591000,0,54.51182600,0.5346
1624521942232000,1,10000.00000000,0.5343
1624521942252000,1,14535.40200574,0.5342
1624521942258000,1,1156.45779025,0.5342
1624521942661000,1,1871.16697153,0.5340
1624521943169000,1,2000.00000000,0.5336
1624521943169000,1,500.00000000,0.5335
1624521949662000,1,10000.00000000,0.5329
1624521949662000,1,85.84970400,0.5329
1624521952012000,1,4090.20000000,0.5328
1624521952012000,1,10112.70048843,0.5326
1624521952012000,1,11796.87199958,0.5326
1624521952012000,1,500.00000000,0.5324
1624521952012000,1,4030.51500000,0.5324
1624521952012000,1,15261.11000000,0.5324
1624521952012000,1,2364.30000000,0.5324
1624521952012000,1,15729.37882685,0.5323
1624521952012000,1,500.00000000,0.5322
1624521952012000,1,7191.10399776,0.5322
1624521954972000,0,186.63132326,0.5332
1624521972470000,0,435.42905200,0.5325
1624521980239000,0,279.92422821,0.5318
1624521981140000,1,1000.00000000,0.5312
1624522000797000,0,10432.58496000,0.5319
1624522000843000,0,858.41390000,0.5319
1624522002399000,1,1915.81128345,0.5319
1624522003199000,1,3204.63758958,0.5317
1624522009269000,1,38.50000000,0.5314
1624522011721000,0,559.07627548,0.5322
1624522046562000,0,1869.11783601,0.5323
1624522047494000,1,15757.65948908,0.5318
1624522047494000,1,10000.00000000,0.5318
1624522047494000,1,11817.93436234,0.5318
1624522047494000,1,4030.51500000,0.5317
1624522047494000,1,15000.00000000,0.5317
1624522047494000,1,1879.96176869,0.5316
1624522047494000,1,13185.28621367,0.5316
1624522052152000,0,11820.88200000,0.5322
1624522074558000,0,54.20740000,0.5325
1624522081944000,0,93.65200165,0.5326
1624522085139000,0,7000.00000000,0.5324
1624522085516000,0,4696.82907675,0.5326
1624522098524000,1,11805.72364554,0.5324
1624522098673000,1,11805.72364000,0.5324
1624522132583000,1,11818.34870051,0.5319
1624522132591000,1,0.00000001,0.5319
1624522203680000,1,4485.11824249,0.5317
1624522203684000,1,2470.36331647,0.5317
1624522203691000,1,2220.57051260,0.5317
1624522203806000,1,2523.94792844,0.5317
1624522220308000,0,65.41734300,0.5314
1624522220853000,1,7728.54220843,0.5310
1624522220977000,1,2000.19258339,0.5309
1624522225305000,0,290.96210800,0.5317
1624522257086000,1,94.17000000,0.5313
1624522274615000,1,848.22620000,0.5316
1624522288171000,0,11821.19886000,0.5321
1624522320336000,1,190.01862563,0.5316
1624522336381000,0,7500.00000000,0.5324
1624522391312000,1,1623.22399387,0.5324
1624522397333000,0,280.47619900,0.5329
1624522440604000,1,15733.08210000,0.5327
1624522493661000,1,4515.47522000,0.5325
1624522518178000,1,583.00699978,0.5327
1624522558107000,0,90.80000000,0.5331
1624522567044000,1,263.04236700,0.5326
1624522588970000,0,4687.33186719,0.5336
1624522588970000,0,1875.02517937,0.5336
1624522588984000,0,0.00000001,0.5336
1624522590573000,1,141.60000000,0.5336
1624522603618000,0,1871.52273838,0.5346
1624522603618000,0,4678.37131162,0.5346
1624522618931000,0,134.05680200,0.5346
1624522644798000,0,67.02840099,0.5350
1624522644799000,0,0.00000001,0.5350
1624522645733000,0,67.02840100,0.5358
1624522670438000,1,8049.89405000,0.5348
1624522670558000,1,11280.00000000,0.5345
1624522670558000,1,1869.73247293,0.5345
1624522670558000,1,2250.51514611,0.5344
1624522685017000,0,9500.00000000,0.5347
1624522685088000,0,500.00000000,0.5347
1624522724980000,0,8000.00000000,0.5350
1624522741959000,0,1869.51487879,0.5353
1624522764690000,0,464.32265651,0.5357
1624522795828000,0,47.80252909,0.5354
1624522829333000,1,15662.95341000,0.5349
1624522854741000,0,6000.00000000,0.5352
1624522920337000,1,204.25375275,0.5347
1624522996893000,0,141.60000000,0.5344
1624523151301000,1,200.00000000,0.5340
1624523153679000,1,39.90000000,0.5340
1624523160279000,0,92.59086063,0.5344
1624523164418000,1,62.97000000,0.5343
1624523178710000,0,1650.90298100,0.5347
1624523250348000,0,90.60000000,0.5341
1624523280321000,0,4631.10229590,0.5341
1624523323404000,1,14955.08859831,0.5335
1624523339344000,0,492.39985900,0.5343
1624523419567000,0,190.08000000,0.5336
1624523448615000,0,88.57843247,0.5336
1624523462535000,1,9499.98000000,0.5330
1624523557770000,0,10000.00000000,0.5319
1624523574281000,0,683.47308800,0.5316
1624523600513000,0,266.27925407,0.5325
1624523653485000,0,91.06000000,0.5318
1624523666055000,1,11832.21050000,0.5311
1624523666083000,1,0.00003502,0.5311
1624523666083000,1,1881.62443110,0.5311
1624523666083000,1,1881.52513388,0.5311
1624523666643000,1,641.77330000,0.5311
1624523666987000,1,2158.89240000,0.5311
1624523675943000,1,141.60000000,0.5307
1624523677025000,1,420.92110000,0.5307
1624523686329000,0,341.81031700,0.5311
1624523687498000,0,316.92180200,0.5311
1624523713621000,1,0.00009841,0.5307
1624523826566000,0,56.11987200,0.5321
1624523836161000,0,1024.21563300,0.5327
1624523850681000,1,160.90079000,0.5325
1624523861170000,1,43.09003500,0.5325
1624523864335000,1,2000.00000000,0.5325
1624523879950000,1,1837.05440000,0.5321
1624523879994000,1,87.58710000,0.5321
1624523887621000,0,2987.33590000,0.5327
1624523919531000,0,368.15703700,0.5331
1624523954063000,1,59.51965600,0.5327
1624523982933000,1,1875.36260000,0.5321
1624524003780000,0,7500.00000000,0.5330
1624524029068000,0,6662.95341000,0.5337
1624524030605000,1,8000.00000000,0.5338
1624524030659000,1,2000.00000000,0.5338
1624524046027000,0,90.68000000,0.5339
1624524070463000,0,55.90860800,0.5334
1624524073135000,1,10000.00000000,0.5327
1624524073135000,1,4030.51500000,0.5327
1624524073135000,1,500.00000000,0.5326
1624524073135000,1,1103.65534520,0.5326
1624524093150000,0,11794.28654726,0.5335
1624524160388000,1,2000.00000000,0.5321
1624524184169000,1,1366.44231679,0.5321
1624524186434000,1,8247.86963379,0.5321
1624524193566000,1,73.54353695,0.5317
1624524233949000,0,11821.83367000,0.5322
1624524259781000,1,9500.00000000,0.5332
1624524259840000,1,500.00000000,0.5332
1624524360347000,0,2618.56882939,0.5331
1624524393604000,0,141.60000000,0.5341
1624524393614000,0,60.68759600,0.5341
1624524397776000,1,158.62305900,0.5343
1624524406469000,0,94.82231100,0.5349
1624524406469000,0,1024.21973170,0.5349
1624524407602000,0,72.79079419,0.5349
1624524466343000,1,157.04601900,0.5344
1624524492925000,0,82.35931600,0.5352
1624524498029000,1,10000.00000000,0.5353
1624524575677000,1,1500.00000000,0.5361
1624524633477000,0,10207.66758062,0.5361
1624524651981000,0,1875.36260000,0.5363
1624524655758000,0,3717.32218454,0.5367
1624524666974000,0,90.18000000,0.5370
1624524686169000,0,100.00000000,0.5362
1624524701355000,1,2289.00677000,0.5358
1624524719762000,0,7117.47874000,0.5363
1624524719832000,0,4617.32406000,0.5363
1624524770320000,0,146.54868600,0.5370
1624524805414000,1,141.60000000,0.5370
1624524811723000,1,158.40000000,0.5370
1624524842575000,0,66.91694400,0.5374
1624524842575000,0,843.08305600,0.5375
1624524875407000,1,140.96269893,0.5377
1624524890806000,0,11675.23779656,0.5390
1624524891217000,1,10000.00000000,0.5390
1624524924002000,1,2413.66900000,0.5385
1624525017188000,1,100.00000000,0.5375
1624525022246000,0,359.94000000,0.5379
1624525053102000,0,554.97036513,0.5379
1624525058268000,1,11693.60755000,0.5376
1624525067115000,0,10000.00000000,0.5377
1624525080342000,0,240.54505018,0.5380
1624525093605000,1,394.62253071,0.5381
1624525095212000,1,848.00000000,0.5381
1624525122043000,0,11681.06880000,0.5389
1624525127659000,1,7500.00000000,0.5386
1624525127726000,1,4174.06536000,0.5386
1624525132100000,0,89.86000000,0.5389
1624525138674000,1,3212.94942102,0.5384
1624525138677000,1,10483.86297222,0.5384
1624525167289000,0,58.98433100,0.5396
1624525168180000,1,8606.79057000,0.5397
1624525168242000,1,1393.20943000,0.5397
1624525182594000,0,764.15279000,0.5391
1624525182703000,0,0.00000733,0.5391
1624525200318000,0,183.84742521,0.5397
1624525211588000,1,8000.00000000,0.5401
1624525211656000,1,2000.00000000,0.5401
1624525218978000,1,1209.45000000,0.5398
1624525310039000,0,10805.12726000,0.5389
1624525320321000,1,56.52411461,0.5388
1624525331054000,0,97.59582500,0.5393
1624525339728000,0,3690.53975112,0.5392
1624525353014000,1,651.00000000,0.5383
1624525356314000,0,10000.00000000,0.5389
1624525390115000,1,518.75000000,0.5385
1624525399845000,0,84.24224600,0.5392
1624525401475000,0,923.01150000,0.5392
1624525423537000,1,366.00000000,0.5385
1624525451810000,0,11683.48209000,0.5385
1624525478578000,1,297.00000000,0.5384
1624525497787000,1,56.10729300,0.5386
1624525514858000,1,7183.48209000,0.5394
1624525514917000,1,2816.51791000,0.5394
1624525519874000,1,72.79079419,0.5391
1624525522898000,1,1854.14540000,0.5390
1624525530800000,0,11678.52804000,0.5388
1624525531237000,0,0.00000981,0.5388
1624525548865000,0,46.14971615,0.5390
1624525552057000,0,63.08659800,0.5389
1624525589631000,0,1690.22686893,0.5392
1624525612220000,1,10000.00000000,0.5390
1624525718299000,0,11659.05099131,0.5397
1624525718430000,0,4159.05099000,0.5397
1624525762971000,0,10000.00000000,0.5403
1624525762971000,0,154.70264117,0.5403
1624525796097000,0,450.00000000,0.5407
1624525800007000,0,7000.00000000,0.5405
1624525800315000,0,242.40436824,0.5407
1624525816753000,0,53.80000000,0.5401
1624525828495000,0,11647.59470302,0.5403
1624525938436000,0,11649.26331339,0.5402
1624525938437000,0,0.00000001,0.5402
1624525938437000,0,15532.35108453,0.5403
1624525938440000,0,21749.59306578,0.5404
1624525941259000,1,11630.96041000,0.5406
1624525957942000,1,0.00000805,0.5406
1624525957942000,1,15508.66840195,0.5404
1624525957970000,1,0.00001598,0.5404
1624525972306000,1,5500.00000000,0.5403
1624525983773000,0,1383.37588757,0.5408
1624525984870000,1,187.75000000,0.5403
1624526041325000,1,11644.32660000,0.5401
1624526041419000,1,0.00007461,0.5401
1624526041419000,1,15526.00002539,0.5400
1624526041643000,1,4627.48666670,0.5398
1624526041643000,1,1850.89898164,0.5398
1624526041643000,1,3874.30000000,0.5398
1624526041643000,1,5061.63040224,0.5397
1624526048670000,1,78.61965400,0.5398
1624526058767000,1,50.00000000,0.5402
1624526064241000,0,11638.54259775,0.5404
1624526068031000,0,28500.00000000,0.5404
1624526068077000,0,7703.16252692,0.5404
1624526068103000,0,141.60000000,0.5404
1624526068108000,0,14618.56770000,0.5404
1624526068183000,0,6000.00000000,0.5404
1624526068233000,0,40000.00000000,0.5404
1624526068280000,0,5500.00000000,0.5404
1624526068337000,0,274.49445829,0.5404
1624526068353000,0,8000.00000000,0.5404
1624526068364000,0,11637.51206741,0.5404
1624526068402000,0,4847.24386770,0.5404
1624526068440000,0,14000.00000000,0.5404
1624526068513000,0,2657.76739957,0.5404
1624526090593000,1,9657.76739000,0.5411
1624526090663000,1,342.23261000,0.5411
1624526152635000,0,60.77701999,0.5419
1624526152636000,0,0.00000001,0.5419
1624526159339000,0,938.24493000,0.5426
1624526160523000,1,446.60907700,0.5424
1624526162215000,0,517.96567000,0.5432
1624526164558000,0,0.00000200,0.5432
1624526167650000,0,55.40023000,0.5439
1624526167822000,0,0.00000600,0.5439
1624526178138000,0,36931.00000000,0.5462
1624526178138000,0,4185.30000000,0.5462
1624526201164000,1,1836.24377000,0.5443
1624526201193000,1,0.00000972,0.5443
1624526210725000,1,4443.40000000,0.5438
1624526211208000,1,500.00000000,0.5437
1624526211208000,1,3179.60350000,0.5436
1624526211218000,1,1263.79650000,0.5436
1624526211218000,1,1837.28963034,0.5436
1624526211218000,1,1097.34926966,0.5436
1624526211276000,1,682.89230000,0.5436
1624526211302000,1,472.07380000,0.5436
1624526211363000,1,948.43189767,0.5436
1624526211403000,1,500.00000000,0.5436
1624526211425000,1,499.99998160,0.5436
1624526211688000,1,1837.28963034,0.5435
1624526211688000,1,4593.47589966,0.5435
1624526215922000,1,4443.40000000,0.5429
1624526263961000,1,1840.71213000,0.5429
1624526278799000,1,1841.51888478,0.5426
1624526278799000,1,4603.23650522,0.5426
1624526280347000,0,2365.57955216,0.5431
1624526354008000,0,499.99990000,0.5437
1624526354067000,0,0.00008161,0.5437
1624526354469000,0,4443.39997000,0.5436
1624526354497000,0,1987.36555068,0.5436
1624526354497000,0,4443.39997059,0.5436
1624526354567000,0,1987.36555000,0.5435
1624526354587000,0,4392.49302089,0.5435
1624526354605000,0,1173.49629392,0.5435
1624526354641000,0,17052.48375526,0.5435
1624526359714000,0,1479.09820700,0.5445
1624526371524000,0,4588.99300000,0.5451
1624526382818000,0,1964.50711518,0.5446
1624526382926000,1,141.60000000,0.5445
1624526382932000,1,1693.80795613,0.5445
1624526382932000,1,1834.80851938,0.5445
1624526390819000,0,45.64585206,0.5450
1624526395445000,1,4588.48474186,0.5443
1624526395445000,1,1835.01052814,0.5443
1624526400297000,0,828.43318049,0.5448
1624526401560000,1,1837.15461493,0.5440
1624526401560000,1,4593.13831507,0.5440
1624526405160000,1,1837.15461493,0.5437
1624526405621000,1,4593.13832618,0.5435
1624526405621000,1,1837.15461492,0.5435
1624526405677000,1,0.00000001,0.5435
1624526415516000,0,89.00000000,0.5441
1624526496078000,0,60.00000000,0.5433
1624526520344000,0,483.68875264,0.5430
1624526527348000,0,3675.07571300,0.5428
1624526572380000,1,5532.78721426,0.5426
1624526593558000,1,1843.35874711,0.5421
1624526610704000,0,73.19012400,0.5420
1624526610925000,1,716.35393100,0.5418
1624526708933000,1,7000.00000000,0.5424
1624526729985000,0,89.40070600,0.5424
1624526732123000,0,916.87081198,0.5426
1624526744920000,0,3000.00000000,0.5425
1624526760337000,0,182.71694497,0.5432
1624526795685000,1,7000.00000000,0.5429
1624526804538000,0,53.49000000,0.5432
1624526822073000,1,276.24535500,0.5423
1624526823766000,1,11588.33631107,0.5426
1624526854948000,1,125.65000000,0.5422
1624526865852000,1,78.96296800,0.5421
1624526871573000,1,10000.00000000,0.5422
1624526880380000,1,321.47051250,0.5422
1624527017301000,1,47.62142000,0.5438
1624527043287000,0,182.73808600,0.5447
1624527043436000,1,317.26191000,0.5447
1624527043822000,1,0.00000400,0.5447
1624527051358000,0,1263.88056800,0.5446
1624527058186000,1,11556.58013424,0.5440
1624527058186000,1,8515.21044905,0.5440
1624527072218000,0,156.25793002,0.5444
1624527090737000,1,15408.22095314,0.5439
1624527090815000,1,11556.82110000,0.5440
1624527120288000,1,110.82296311,0.5422
1624527149465000,0,174.34039099,0.5422
1624527165749000,0,321.77635200,0.5424
1624527173497000,0,183.54667871,0.5421
1624527196855000,0,11604.11493347,0.5422
1624527252747000,1,1855.59334900,0.5425
1624527257300000,0,71.92395927,0.5431
1624527299067000,1,999.75000000,0.5430
1624527360314000,0,455.49911661,0.5434
1624527361819000,0,192.31975000,0.5433
1624527375617000,0,209.68259900,0.5434
1624527405078000,0,141.60000000,0.5435
1624527405159000,0,11432.22682366,0.5435
1624527418823000,1,261.00000000,0.5435
1624527454371000,0,6979.83659999,0.5445
1624527476909000,1,820.71868700,0.5449
1624527486775000,0,3944.01200000,0.5454
1624527487211000,0,53.33190869,0.5454
1624527522123000,1,820.18253100,0.5455
1624527527081000,0,519.58515899,0.5460
1624527527094000,0,0.00000001,0.5460
1624527531151000,0,254.89102000,0.5462
1624527537203000,0,0.00000400,0.5462
1624527537567000,0,198.27815664,0.5464
1624527537703000,0,0.00000001,0.5464
1624527538732000,1,819.64678400,0.5464
1624527543522000,0,194.41267000,0.5468
1624527544087000,0,3679.80000000,0.5471
1624527544600000,0,194.41267000,0.5473
1624527545451000,0,257.95449635,0.5474
1624527545563000,0,1571.65740637,0.5474
1624527546041000,0,1827.67242262,0.5476
1624527547091000,0,132.78130300,0.5474
1624527547091000,0,7374.51171875,0.5480
1624527547721000,0,4502.40465069,0.5480
1624527548570000,0,132.78130300,0.5488
1624527549562000,0,667.21869700,0.5488
1624527555943000,1,1823.31361724,0.5478
1624527555943000,1,4558.86364276,0.5478
1624527556770000,1,9000.00000000,0.5478
1624527556930000,1,141.60000000,0.5478
1624527558081000,1,2237.45186000,0.5478
1624527560350000,1,11854.60182587,0.5477
1624527560396000,1,0.00000001,0.5477
1624527566017000,0,935.38258500,0.5476
1624527579398000,1,189.08092000,0.5468
1624527583778000,0,56.04281100,0.5473
1624527613659000,1,19180.35321000,0.5464
1624527613763000,1,0.00000200,0.5464
1624527616781000,1,18240.00000000,0.5459
1624527624893000,0,1729.70606879,0.5465
1624527624893000,0,8615.81256971,0.5466
1624527641199000,0,60.85209700,0.5458
1624527663216000,0,10000.00000000,0.5452
1624527706391000,0,10000.00000000,0.5447
1624527718101000,1,67.23589500,0.5447
1624527770769000,0,10000.00000000,0.5440
1624527801731000,0,1798.15796600,0.5450
1624527841667000,1,1835.60336283,0.5444
1624527858690000,1,1836.11566000,0.5443
1624527928731000,0,11537.72463000,0.5449
1624527928912000,0,0.00000208,0.5449
1624527928912000,0,7248.80618164,0.5450
1624527985892000,1,10000.00000000,0.5452
1624527985892000,1,6498.42330628,0.5452
1624527985943000,1,5023.00568879,0.5452
1624528004051000,0,11529.13359000,0.5451
1624528041039000,1,71.92395927,0.5456
1624528062442000,0,11500.79437685,0.5465
1624528065937000,1,4361.30843000,0.5466
1624528065993000,1,5638.69157000,0.5466
1624528071775000,0,447.95092000,0.5470
1624528075441000,0,178.09885000,0.5470
1624528076945000,0,0.00000400,0.5470
1624528078493000,1,277.00000000,0.5470
1624528083202000,0,40301.12000000,0.5473
1624528083202000,0,1924.10381326,0.5475
1624528083492000,1,2500.00000000,0.5473
1624528088778000,0,363.52589372,0.5474
1624528146892000,1,548.01527136,0.5455
1624528155926000,1,10000.00000000,0.5457
1624528155926000,1,11505.52512348,0.5457
1624528189894000,0,6857.06265169,0.5450
1624528200259000,0,176.34629970,0.5450
1624528204175000,0,3595.72640096,0.5448
1624528206940000,0,2395.46299160,0.5448
1624528212163000,0,8500.00000000,0.5449
1624528212249000,0,1500.00000000,0.5449
1624528217609000,0,7000.00000000,0.5450
1624528229057000,1,10000.00000000,0.5448
1624528229334000,1,4586.00222972,0.5448
1624528229467000,1,1834.38909274,0.5448
1624528229805000,1,1834.61320000,0.5447
1624528231028000,1,500.00000000,0.5444
1624528231112000,1,10800.00000000,0.5442
1624528234895000,0,10000.00000000,0.5444
1624528237385000,1,4591.40060000,0.5442
1624528238241000,1,0.00005244,0.5442
1624528242682000,0,60.23947600,0.5445
1624528244251000,1,481.09515799,0.5441
1624528270715000,1,0.00000001,0.5441
1624528270715000,1,45.99999999,0.5440
1624528303083000,0,53.32000000,0.5449
1624528305317000,1,7000.00000000,0.5445
1624528313939000,0,53.32000000,0.5449
1624528318119000,0,1826.97017500,0.5448
1624528337302000,0,2278.28735100,0.5448
1624528359273000,1,74.78308026,0.5450
1624528391050000,1,11529.64229000,0.5447
1624528408028000,0,11531.54274730,0.5451
1624528408028000,0,6345.33256616,0.5452
1624528411841000,1,1876.25688000,0.5450
1624528411866000,1,0.00000073,0.5450
1624528422451000,1,40.77970800,0.5448
1624528440340000,0,226.97399911,0.5450
1624528465151000,0,181.91554900,0.5455
1624528510801000,0,50.00000000,0.5450
1624528521956000,0,10000.00000000,0.5442
1624528539166000,0,625.00000000,0.5434
1624528562487000,0,819.64196300,0.5432
1624528593532000,1,11042.05170000,0.5433
1624528669084000,0,192.55461200,0.5433
1624528689288000,0,141.60000000,0.5433
1624528689400000,0,356.73601300,0.5433
1624528698963000,1,11556.29691647,0.5435
1624528699138000,1,1839.32400000,0.5434
1624528699146000,1,0.00001164,0.5434
1624528705337000,1,49.41509500,0.5431
1624528709593000,0,11564.07290934,0.5435
1624528745831000,1,231.00000000,0.5431
1624528746763000,0,84.72222200,0.5435
1624528795408000,0,10000.00000000,0.5431
1624528795408000,0,20382.32000000,0.5431
1624528795408000,0,11573.41987682,0.5431
1624528795408000,0,5149.82304818,0.5431
1624528800273000,0,472.94011388,0.5431
1624528839997000,1,61.27662700,0.5432
1624528863235000,0,4346.20000000,0.5439
1624528866101000,1,9500.00000000,0.5440
1624528897543000,0,7701.15360000,0.5444
1624528920304000,1,382.52346062,0.5450
1624528949710000,0,409.94763055,0.5461
1624528967786000,0,63.12715154,0.5453
1624528977059000,1,1834.39789000,0.5449
1624529010399000,0,260.41073297,0.5445
1624529069062000,1,4500.00000000,0.5439
1624529179430000,1,152.09000000,0.5433
1624529191001000,0,10000.00000000,0.5429
1624529193509000,0,1019.40249500,0.5431
1624529210189000,1,62.78231600,0.5422
1624529219191000,1,386.08014720,0.5424
1624529247277000,0,1999.47708300,0.5428
1624529385190000,1,1841.18660795,0.5428
1624529385190000,1,10142.74852580,0.5428
1624529400282000,0,221.71492529,0.5430
1624529416757000,0,11583.11671303,0.5427
1624529452853000,1,1000.00000000,0.5433
1624529520250000,0,719.78941175,0.5434
1624529538891000,0,11568.31639000,0.5434
1624529539064000,0,0.00000628,0.5434
1624529640304000,0,696.35551554,0.5440
1624529666636000,0,11558.84068000,0.5440
1624529667235000,1,10000.00000000,0.5437
