timestamp ms,type,amount,price
1621814435063000,1,178.13164929,0.65
1621814464630000,1,6296.52003138,0.65
1621814464714000,1,3128.00529368,0.65
1621814470947000,0,2000.00000000,0.65
1621814489258000,0,528.22665699,0.65
1621814489270000,0,0.00000001,0.65
1621814500234000,0,200.00000000,0.66
1621814500234000,0,250.00000000,0.66
1621814501303000,0,1129.30000000,0.66
1621814501402000,0,1676.77548801,0.66
1621814517358000,0,3000.00000000,0.66
1621814517358000,0,4974.46752553,0.66
1621814517358000,0,4750.42873393,0.66
1621814517358000,0,70.68818642,0.66
1621814517358000,0,900.00000000,0.66
1621814517358000,0,6133.26993326,0.66
1621814517366000,1,388.00000000,0.66
1621814517366000,1,339.69876000,0.66
1621814523235000,1,551.82300000,0.66
1621814536841000,0,792.03591893,0.66
1621814542876000,1,388.55000000,0.66
1621814545543000,1,263.02642800,0.66
1621814548868000,1,2152.66131044,0.66
1621814551471000,1,348.35210000,0.66
1621814590340000,0,551.82300000,0.66
1621814597989000,1,1017.79707694,0.66
1621814597993000,1,116.72415938,0.66
1621814598002000,1,2225.47876368,0.66
1621814598002000,1,2145.11264631,0.66
1621814608092000,0,408.75703520,0.65
1621814623251000,0,305.63806766,0.66
1621814637213000,0,365.98180300,0.66
1621814650528000,0,5524.46950000,0.66
1621814652363000,0,0.00009800,0.66
1621814669361000,1,1426.46320000,0.66
1621814678540000,1,0.00003540,0.66
1621814683362000,0,755.58035791,0.66
1621814696996000,0,710.27200484,0.66
1621814700270000,0,837.22554709,0.66
1621814718253000,1,538.23096610,0.66
1621814718538000,1,1145.08795703,0.66
1621814718743000,1,1129.30000000,0.66
1621814718861000,1,8325.61204296,0.66
1621814718889000,1,0.00000001,0.66
1621814727880000,0,1000.00000000,0.66
1621814737797000,0,1129.30000000,0.66
1621814749079000,0,1305.89720300,0.66
1621814777816000,0,4787.31844000,0.66
1621814778025000,0,556.30587127,0.66
1621814779527000,0,181.89005100,0.66
1621814790857000,1,503.29341279,0.66
1621814793645000,0,1856.78763912,0.66
1621814804231000,0,6051.04211000,0.67
1621814809331000,0,1500.00000000,0.67
1621814811863000,1,0.00000805,0.67
1621814811863000,1,2398.15197995,0.67
1621814816766000,0,1500.00000000,0.67
1621814821422000,1,536.85346000,0.67
1621814825674000,0,1841.60326000,0.67
1621814835812000,1,1435.52882100,0.67
1621814837017000,0,1179.89011010,0.67
1621814849606000,1,516.62825000,0.67
1621814851755000,1,479.09136000,0.67
1621814852171000,0,1838.32931175,0.67
1621814852301000,1,473.22762017,0.67
1621814854687000,0,108.07056000,0.67
1621814855810000,1,1530.63137200,0.67
1621814871371000,0,2450.07960933,0.67
1621814871371000,0,2448.12124582,0.67
1621814871371000,0,3360.00000000,0.67
1621814871371000,0,1005.20127000,0.67
1621814871371000,0,69.77987179,0.67
1621814871371000,0,414.00000000,0.67
1621814871371000,0,393.00000000,0.67
1621814871371000,0,1190.00000000,0.67
1621814871371000,0,3514.41992060,0.67
1621814872837000,0,2190.00000000,0.67
1621814873312000,1,3360.00000000,0.67
1621814873312000,1,5446.88777738,0.67
1621814899503000,0,915.89404008,0.67
1621814903079000,0,468.65327799,0.67
1621814903085000,0,0.00000001,0.67
1621814903648000,0,125.00000000,0.68
1621814903648000,0,500.60520409,0.68
1621814904533000,0,0.00000001,0.68
1621814908877000,0,162.78008500,0.67
1621814942358000,1,2269.20257540,0.67
1621814948390000,0,430.49962181,0.67
1621814948390000,0,384.96763231,0.67
1621814954627000,1,3738.44740000,0.67
1621814964047000,0,871.95256600,0.67
1621814965183000,0,43.00000000,0.67
1621814966421000,1,508.62764000,0.67
1621814967143000,0,273.32735900,0.67
1621814980930000,1,13600.00000000,0.67
1621814981220000,1,487.82000000,0.67
1621814981303000,1,529.32198862,0.67
1621814981303000,1,0.00051386,0.67
1621814995555000,0,1223.50807999,0.67
1621814995555000,0,252.70207701,0.67
1621814998590000,0,917.38918851,0.67
1621814998590000,0,1223.50807999,0.67
1621814998590000,0,970.56754828,0.67
1621814998590000,0,580.81979322,0.67
1621815011410000,0,568.35674988,0.67
1621815011450000,0,351.95876676,0.67
1621815011450000,0,146.09267481,0.67
1621815011484000,0,507.99373857,0.67
1621815023149000,1,1552.05618000,0.67
1621815024582000,1,4526.40620000,0.67
1621815024602000,1,0.00004581,0.67
1621815034087000,0,612.73764900,0.67
1621815039659000,0,290.83289800,0.67
1621815046836000,1,641.48000000,0.67
1621815046846000,1,282.80903927,0.67
1621815049452000,0,923.75900000,0.67
1621815049986000,0,0.00065280,0.67
1621815050574000,0,205.54100000,0.67
1621815050754000,0,518.67530733,0.67
1621815053750000,0,923.07832000,0.67
1621815057329000,0,1231.64200000,0.67
1621815065933000,1,342.95060043,0.67
1621815076457000,0,3360.00000000,0.67
1621815084451000,1,416.26599000,0.67
1621815086450000,1,510.73095000,0.67
1621815089442000,0,439.00850154,0.67
1621815089960000,0,3037.55098316,0.67
1621815100892000,0,10800.00000000,0.67
1621815102223000,0,145.00000000,0.67
1621815105695000,1,423.13084000,0.67
1621815105743000,1,0.00000067,0.67
1621815117534000,0,624.18502100,0.67
1621815126607000,0,2210.09105000,0.67
1621815126639000,0,8045.25760000,0.67
1621815126709000,0,1864.65135000,0.67
1621815160931000,1,3360.00000000,0.67
1621815161299000,1,1000.00000000,0.67
1621815162274000,1,467.33999000,0.66
1621815177374000,0,95.00000000,0.67
1621815206955000,0,2286.89902436,0.67
1621815210482000,0,3360.00000000,0.67
1621815210482000,0,10231.20000000,0.67
1621815210482000,0,996.94102000,0.67
1621815210482000,0,3360.00000000,0.67
1621815210482000,0,2622.80029738,0.67
1621815220342000,1,3360.00000000,0.66
1621815220342000,1,3360.00000000,0.66
1621815220342000,1,151.84600000,0.66
1621815220342000,1,151.84600000,0.66
1621815220342000,1,151.84600000,0.66
1621815220342000,1,9991.91648836,0.66
1621815220342000,1,151.84600000,0.66
1621815220342000,1,999.83645000,0.66
1621815220342000,1,3634.41618364,0.66
1621815238377000,0,614.14479000,0.66
1621815240943000,0,32.32339400,0.66
1621815243210000,0,15207.67660599,0.66
1621815243257000,0,0.00000001,0.66
1621815243795000,1,421.67583131,0.66
1621815243795000,1,1004.78740409,0.66
1621815285682000,1,401.29147735,0.66
1621815285682000,1,395.67119265,0.66
1621815317354000,1,549.54309000,0.66
1621815338741000,0,74.71878700,0.66
1621815360290000,1,479.39610600,0.66
1621815362789000,0,1050.00000000,0.66
1621815371550000,0,535.85812586,0.66
1621815384394000,1,144.75094000,0.67
1621815388497000,1,418.70835000,0.67
1621815402932000,0,527.41718560,0.67
1621815409341000,0,2500.00000000,0.67
1621815409908000,0,159.20767892,0.67
1621815410137000,0,2662.32546800,0.67
1621815430369000,0,1499.99999999,0.67
1621815430371000,0,0.00000001,0.67
1621815443678000,1,533.56676000,0.67
1621815453598000,1,1325.21538300,0.67
1621815455068000,1,1325.21538300,0.67
1621815461832000,0,5052.35355808,0.67
1621815465392000,0,2026.58140991,0.68
1621815467634000,0,500.00000000,0.68
1621815467769000,0,2860.00000000,0.68
1621815470327000,1,1272.26790000,0.68
1621815470327000,1,500.00000000,0.68
1621815470327000,1,10295.19601161,0.68
1621815470327000,1,1328.02924839,0.68
1621815470401000,1,2031.97075161,0.68
1621815470401000,1,39.73959839,0.68
1621815471726000,0,833.41859009,0.68
1621815471741000,0,2526.58140991,0.68
1621815473770000,1,498.01631798,0.68
1621815473770000,1,54.14188202,0.68
1621815475219000,1,466.53130000,0.68
1621815477225000,1,402.32850000,0.68
1621815480320000,0,428.05311028,0.68
1621815480880000,1,3360.00000000,0.68
1621815526096000,1,479.79313000,0.68
1621815529699000,0,3035.79871000,0.68
1621815539696000,0,476.00000000,0.68
1621815554942000,0,70.19705926,0.67
1621815556754000,0,376.77277000,0.67
1621815577286000,0,388.95757000,0.67
1621815612550000,0,318.51238856,0.67
1621815629990000,1,433.51482000,0.67
1621815635194000,1,253.30000000,0.67
1621815641067000,1,13440.00000000,0.67
1621815641110000,1,899.30908989,0.67
1621815644847000,0,389.75634000,0.67
1621815648946000,0,432.09050000,0.67
1621815682559000,0,144.00000000,0.67
1621815689367000,0,750.05138400,0.67
1621815714140000,0,72.00000000,0.67
1621815723661000,0,112.20154700,0.67
1621815724875000,0,612.60573700,0.67
1621815735634000,1,498.94841000,0.67
1621815740792000,0,1918.68714992,0.67
1621815740792000,0,824.64059750,0.67
1621815740835000,0,616.67225258,0.67
1621815745012000,0,438.20000000,0.67
1621815766809000,0,400.93711000,0.67
1621815782241000,1,438.47284000,0.67
1621815799435000,1,1127.89442151,0.67
1621815799435000,1,2872.10557849,0.67
1621815799515000,1,3000.00000000,0.67
1621815799612000,1,2500.00000000,0.67
1621815799629000,1,2704.58960692,0.67
1621815799631000,1,19613.01433481,0.67
1621815799648000,1,1086.53481520,0.67
1621815799677000,1,540.24913596,0.67
1621815799684000,1,15936.32742414,0.67
1621815799983000,1,7631.22388059,0.67
1621815817898000,0,510.11095000,0.67
1621815835332000,0,429.14680000,0.67
1621815874726000,0,78.00000000,0.67
1621815886726000,0,399.78916040,0.67
1621815886726000,0,49.29408960,0.67
1621815911127000,0,170.18471400,0.67
1621815922973000,1,1546.66733774,0.67
1621815922973000,1,1546.66733774,0.67
1621815925361000,0,492.11093000,0.67
1621815925461000,0,2601.22378000,0.67
1621815961016000,0,390.44762000,0.67
1621815964916000,0,3360.00000000,0.67
1621815966638000,0,0.00000588,0.67
1621815967198000,0,0.00000680,0.67
1621815989336000,0,613.51445300,0.67
1621815990407000,0,503.83616706,0.67
1621815999987000,0,453.48936000,0.66
1621816033463000,1,498.30064000,0.67
1621816033497000,1,0.00000228,0.67
1621816058742000,1,3360.00000000,0.66
1621816062910000,1,414.00700000,0.66
1621816064176000,1,388.09300000,0.66
1621816064177000,1,0.00013263,0.66
1621816064478000,1,467.99128000,0.66
1621816064506000,1,0.00000715,0.66
1621816072428000,0,3000.00000000,0.66
1621816072507000,0,360.00000000,0.66
1621816072507000,0,4140.00000000,0.66
1621816077916000,0,468.53400000,0.67
1621816095865000,0,417.93125100,0.66
1621816120775000,1,2413.66900000,0.66
1621816122905000,0,7500.00000000,0.67
1621816122984000,0,5156.24268000,0.67
1621816123060000,0,3056.20732000,0.67
1621816133521000,1,513.94005000,0.66
1621816133942000,0,414.89329172,0.67
1621816133942000,0,2585.41522501,0.67
1621816187410000,1,513.92420000,0.67
1621816188609000,1,426.80845000,0.67
1621816190552000,1,363.31301472,0.67
1621816190552000,1,1738.22160528,0.67
1621816190707000,1,1258.46538000,0.67
1621816192124000,1,414.81420000,0.67
1621816192308000,1,363.31301000,0.67
1621816193555000,1,367.81482000,0.67
1621816198572000,1,380.84597000,0.67
1621816199187000,0,200.00000000,0.67
1621816216741000,0,619.36993319,0.66
1621816216741000,0,687.17940493,0.66
1621816216814000,0,540.76969537,0.66
1621816217738000,1,498.72593986,0.66
1621816237955000,1,389.60000000,0.66
1621816239591000,0,307.28750000,0.66
1621816268421000,1,500.00000000,0.66
1621816268620000,0,113.17338300,0.66
1621816269258000,0,113.17338300,0.66
1621816279721000,1,3360.00000000,0.66
1621816280399000,0,333.56600000,0.66
1621816280461000,0,2291.43400000,0.66
1621816285348000,0,402.85140000,0.66
1621816288155000,0,515.21213000,0.66
1621816289612000,1,741.03331398,0.66
1621816289713000,0,516.97539000,0.66
1621816294631000,0,1329.34165600,0.66
1621816295295000,0,502.85381381,0.66
1621816304152000,1,2376.26288287,0.66
1621816307904000,1,69.77987000,0.66
1621816310084000,1,573.71290614,0.66
1621816310098000,1,427.54377537,0.66
1621816310114000,1,800.06091811,0.66
1621816310265000,1,1558.68240000,0.66
1621816310724000,1,2205.00000000,0.66
1621816311014000,1,1155.00000000,0.66
1621816312592000,1,2413.66900000,0.66
1621816313144000,1,524.92945718,0.66
1621816315143000,1,413.00000000,0.66
1621816315143000,1,97.88000000,0.66
1621816318381000,1,3360.00000000,0.66
1621816329559000,1,0.00000179,0.66
1621816332089000,1,3360.00000000,0.65
1621816365428000,1,1820.40410000,0.66
1621816383232000,0,3184.77625594,0.66
1621816383363000,0,6202.41145789,0.66
1621816384588000,0,676.29339171,0.66
1621816384606000,0,488.49873876,0.66
1621816384611000,0,440.97940620,0.66
1621816384640000,0,640.56060297,0.66
1621816384665000,0,7135.54355310,0.66
1621816388444000,0,549.88777000,0.66
1621816400205000,0,451.87772700,0.66
1621816415464000,1,5135.77109000,0.65
1621816415537000,1,4000.00000000,0.65
1621816428323000,1,3230.54302979,0.65
1621816431382000,0,4677.81015858,0.65
1621816435093000,0,2312.81427224,0.66
1621816445879000,0,726.89161700,0.66
1621816446452000,1,726.89161000,0.66
1621816446597000,1,0.00000700,0.66
1621816490338000,0,3999.99999999,0.65
1621816502190000,0,693.08906717,0.66
1621816502190000,0,287.09181183,0.66
1621816530963000,0,1445.76180300,0.65
1621816531592000,0,1445.76180300,0.65
1621816537255000,0,134.00000000,0.65
1621816546098000,0,435.29817954,0.65
1621816546098000,0,1281.70182046,0.65
1621816558606000,1,30.73818048,0.65
1621816558606000,1,30.73818048,0.65
1621816558830000,1,3360.00000000,0.65
1621816558830000,1,3545.00000000,0.65
1621816558830000,1,448.00000000,0.65
1621816558830000,1,2647.00000000,0.65
1621816570112000,1,470.48664000,0.65
1621816581014000,0,500.00000000,0.65
1621816581014000,0,3360.00000000,0.65
1621816581014000,0,800.00000000,0.65
1621816581014000,0,4482.62273939,0.66
1621816581014000,0,3732.90000000,0.66
1621816581014000,0,6593.39075361,0.66
1621816581229000,1,364.92117286,0.65
1621816595296000,0,4020.00000000,0.65
1621816595306000,0,176.10517700,0.65
1621816595466000,0,4020.00000000,0.65
1621816596028000,1,500.00000000,0.65
1621816597913000,0,104.30415100,0.65
1621816601533000,1,500.00000000,0.65
1621816601611000,0,735.00000000,0.65
1621816607280000,1,3914.99093000,0.65
1621816608825000,1,0.00000567,0.65
1621816618522000,1,729.69119817,0.65
1621816622186000,0,8877.36918000,0.65
1621816625604000,0,4500.00000000,0.65
1621816625642000,0,2083.79444157,0.65
1621816626486000,1,1775.27197249,0.65
1621816631434000,1,6000.00000000,0.65
1621816642163000,1,3500.00000000,0.65
1621816648674000,1,12628.14415000,0.65
1621816649456000,1,0.00000122,0.65
1621816652373000,1,382.59636000,0.65
1621816659017000,1,9472.93542000,0.65
1621816662947000,0,3360.00000000,0.65
1621816662947000,0,3444.06221028,0.65
1621816663516000,1,430.03976520,0.65
1621816663516000,1,2573.51224111,0.65
1621816664528000,1,0.00000461,0.65
1621816676780000,1,70.68818000,0.65
1621816677140000,1,0.00000642,0.65
1621816681401000,0,792.94373969,0.65
1621816691550000,1,503.54097540,0.65
1621816691550000,1,2110.91777524,0.65
1621816698241000,0,384.04044000,0.65
1621816698442000,0,514.01656000,0.65
1621816705346000,1,11122.39782252,0.65
1621816706258000,0,2279.32209400,0.65
1621816710147000,0,428.32981000,0.65
1621816711587000,0,3996.64890000,0.65
1621816711640000,0,0.00004798,0.65
1621816720452000,0,510.08300000,0.65
1621816721865000,0,487.40217000,0.65
1621816748607000,0,199.99999999,0.65
1621816748655000,0,0.00000001,0.65
1621816759791000,0,2038.32873000,0.65
1621816773928000,1,3360.00000000,0.65
1621816783461000,0,645.00000000,0.65
1621816797770000,0,762.83061600,0.65
1621816822004000,0,1582.18392865,0.65
1621816842332000,0,3360.00000000,0.65
1621816842332000,0,2849.07848900,0.65
1621816862502000,0,222.00000000,0.65
1621816865366000,1,2038.20959392,0.65
1621816867737000,1,3359.99999999,0.65
1621816872824000,1,3359.99999999,0.65
1621816873309000,1,461.40263000,0.65
1621816875542000,0,503.31345000,0.65
1621816884022000,1,11050.28355000,0.65
1621816884405000,1,3360.00000000,0.65
1621816889121000,0,171.00000000,0.65
1621816889608000,0,9336.52244000,0.65
1621816921314000,1,3359.99999999,0.64
1621816925082000,1,4124.79231000,0.64
1621816925761000,1,0.00000903,0.64
1621816943553000,0,46.16008000,0.65
1621816960614000,0,369.62618000,0.65
1621816964718000,0,469.28551000,0.65
1621816966249000,0,507.95715000,0.65
1621816966512000,1,9501.74610000,0.65
1621816969937000,1,0.00008764,0.65
1621816969937000,1,3257.56804003,0.65
1621816969951000,1,763.43708441,0.65
1621816970007000,1,674.75499885,0.65
1621816975026000,0,9504.33472000,0.65
1621816991177000,1,9496.37570000,0.65
1621817026966000,1,1129.30000000,0.65
1621817027005000,1,624.91030000,0.65
1621817027326000,1,12691.13130000,0.65
1621817027390000,1,1621.75682650,0.65
1621817032094000,1,505.83390000,0.64
1621817033800000,1,446.36427000,0.64
1621817037890000,0,523.10100000,0.64
1621817037922000,0,0.00082028,0.64
1621817094932000,1,429.09634972,0.65
1621817094975000,1,11156.24322673,0.65
1621817094978000,1,1125.95298358,0.65
1621817094979000,1,650.67547075,0.64
1621817108049000,0,5520.55690000,0.65
1621817131440000,0,16067.09842000,0.65
1621817138553000,1,3360.00000000,0.65
1621817143073000,1,8362.59338000,0.65
1621817168066000,0,33500.00000000,0.65
1621817168099000,0,13440.00000000,0.65
1621817168156000,0,4000.00000000,0.65
1621817168156000,0,13440.00000000,0.65
1621817168157000,0,606.19900000,0.65
1621817168231000,0,5013.80100000,0.65
1621817175831000,1,3360.00000000,0.65
1621817176063000,1,9457.23308000,0.65
1621817178050000,0,112.42210400,0.65
1621817188112000,1,3360.00000000,0.65
1621817189600000,1,6220.13652629,0.65
1621817189716000,1,6398.33296000,0.65
1621817215192000,1,500.00000000,0.65
1621817216739000,1,500.00000000,0.65
1621817218921000,1,3360.00000000,0.65
1621817221592000,0,500.00000000,0.65
1621817222133000,0,1557.61932000,0.65
1621817222258000,0,643.00447975,0.65
1621817222258000,0,1129.12080628,0.65
1621817222258000,0,9731.82997489,0.65
1621817222376000,0,1409.61813202,0.65
1621817222712000,0,500.00000000,0.65
1621817223209000,0,532.76254798,0.65
1621817237479000,1,500.00000000,0.65
1621817245753000,1,0.00000081,0.65
1621817246182000,1,500.00000000,0.65
1621817246482000,1,3360.00000000,0.65
1621817246641000,1,500.00000000,0.65
1621817247659000,1,500.00000000,0.65
1621817248955000,0,2820.12653951,0.65
1621817253315000,1,1700.00000000,0.65
1621817260373000,1,1500.00000000,0.65
1621817287740000,0,5056.62362994,0.65
1621817287751000,0,0.00000001,0.65
1621817330602000,1,2651.23600774,0.65
1621817330614000,1,6801.74387940,0.65
1621817330702000,1,500.00000000,0.65
1621817330713000,1,6801.74387939,0.65
1621817330716000,1,625.28927956,0.65
1621817330717000,1,6801.74380000,0.65
1621817330718000,1,1338.32146105,0.65
1621817335123000,0,6000.00000000,0.65
1621817348024000,1,500.00000000,0.65
1621817372110000,0,707.19823663,0.65
1621817372166000,0,621.31522942,0.65
1621817372180000,0,9478.28623484,0.65
1621817394162000,1,5718.23496000,0.65
1621817394172000,1,531.83997650,0.65
1621817401129000,1,72.60500483,0.65
1621817411865000,0,9466.97857275,0.65
1621817413940000,0,472.63676000,0.65
1621817414888000,0,428.05047195,0.65
1621817435334000,0,767.17658186,0.65
1621817451122000,1,4500.00000000,0.65
1621817465312000,0,75.00000000,0.65
1621817468103000,1,376.96606000,0.65
1621817474322000,1,384.65490000,0.65
1621817490602000,1,3359.99999999,0.64
1621817496222000,0,500.00000000,0.65
1621817500417000,0,48.77804000,0.65
1621817532064000,1,503.20592000,0.65
1621817603602000,0,1995.46620930,0.65
1621817603757000,0,2704.57877166,0.65
1621817618455000,1,500.00000000,0.65
1621817618586000,1,3360.00000000,0.65
1621817619120000,1,500.00000000,0.64
1621817621107000,0,516.97802000,0.64
1621817656175000,0,6500.00000000,0.64
1621817664123000,1,500.00000000,0.64
1621817684772000,0,389.24647000,0.64
1621817692009000,1,9439.05766267,0.64
1621817692086000,1,128.53778145,0.64
1621817718508000,1,12779.86350000,0.64
1621817719039000,0,485.84225018,0.64
1621817719048000,0,787.44773655,0.64
1621817719072000,0,776.68092139,0.64
1621817719081000,0,487.50894743,0.64
1621817730076000,1,800.00000000,0.64
1621817769504000,0,3198.22143350,0.65
1621817769507000,0,858.53013669,0.65
1621817771692000,0,75.00000000,0.65
1621817788418000,1,493.40720000,0.65
1621817789240000,1,469.67610000,0.65
1621817790692000,1,462.42067000,0.65
1621817791057000,1,5500.00000000,0.65
1621817792037000,1,1140.24677000,0.65
1621817793231000,1,502.91005000,0.65
1621817793859000,1,373.19800000,0.65
1621817794029000,1,381.16516000,0.65
1621817797073000,0,153.10268900,0.65
1621817797747000,1,458.83409000,0.65
1621817798293000,1,406.62441000,0.65
1621817804028000,1,477.83671000,0.65
1621817814809000,0,92.73854800,0.65
1621817839667000,1,399.83700000,0.65
1621817840328000,1,0.00001215,0.65
1621817854252000,1,5092.00000000,0.64
1621817855476000,0,48.34006600,0.64
1621817857800000,1,0.82169243,0.64
1621817888592000,1,8205.56811000,0.64
1621817904735000,0,773.03500000,0.64
1621817948402000,0,5206.76604000,0.64
1621817954957000,0,4820.44289000,0.65
1621817970776000,0,492.53361000,0.65
1621817976547000,1,1129.30000000,0.65
1621817976640000,1,8030.70000000,0.65
1621817978918000,0,94.96509300,0.65
1621818007261000,0,445.39500000,0.65
1621818007322000,0,72.92384250,0.65
1621818026101000,1,445.39500000,0.65
1621818029089000,1,2821.08863010,0.65
1621818043110000,0,1246.88629300,0.65
1621818073080000,0,965.72005100,0.65
1621818076738000,1,499.01677673,0.65
1621818076738000,1,2070.42610248,0.65
1621818094926000,1,16067.09842505,0.65
1621818104836000,1,432.91529000,0.64
1621818113655000,1,491.96806000,0.64
1621818133017000,0,512.42891000,0.64
1621818135734000,1,549.20241358,0.64
1621818135735000,1,2344.87620416,0.64
1621818135736000,1,482.53140738,0.64
1621818136944000,0,1194.83187843,0.64
1621818150078000,1,688.54977497,0.64
1621818150211000,1,71.60703000,0.64
1621818150497000,1,3359.99999999,0.64
1621818150557000,1,0.00000001,0.64
1621818150557000,1,0.00000234,0.64
1621818151645000,1,473.36600000,0.64
1621818155214000,1,506.09487000,0.64
1621818159179000,1,490.86849121,0.64
1621818164999000,1,603.88250000,0.64
1621818165957000,1,485.05342000,0.64
1621818176515000,1,463.09003000,0.64
1621818181596000,1,4683.93712313,0.64
1621818182106000,1,1352.48400000,0.64
1621818182106000,1,2007.51600000,0.64
1621818183348000,1,432.24158000,0.64
1621818192923000,1,494.53033000,0.64
1621818195224000,1,440.79746652,0.64
1621818195224000,1,2919.20253348,0.64
1621818198420000,1,3360.00000000,0.64
1621818198803000,1,3661.58700000,0.64
1621818199641000,1,0.00004575,0.64
1621818203453000,1,1464.96891575,0.64
1621818214129000,0,1129.30000000,0.64
1621818219737000,1,3360.00000000,0.64
1621818222807000,0,9701.59820000,0.64
1621818228070000,1,1439.01194121,0.63
1621818228433000,1,7843.37625194,0.63
1621818228568000,1,3500.00000000,0.63
1621818228572000,1,440.79746652,0.63
1621818229168000,1,1740.34444893,0.63
1621818229340000,1,0.00000001,0.63
1621818231164000,1,408.23278100,0.63
1621818233911000,1,3360.00000000,0.63
1621818235843000,1,72.53900000,0.63
1621818236292000,1,0.00074612,0.63
1621818243072000,1,3360.00000000,0.63
1621818247950000,1,109.87803500,0.63
1621818260777000,1,753.41052168,0.63
1621818260781000,1,445.73696185,0.63
1621818260863000,1,929.39105658,0.63
1621818296814000,0,72.53900000,0.63
1621818327991000,1,414.00000000,0.64
1621818327991000,1,384.00000000,0.64
1621818327991000,1,395.00000000,0.64
1621818327991000,1,2364.30000000,0.64
1621818327991000,1,3360.00000000,0.64
1621818327991000,1,411.00000000,0.64
1621818327991000,1,4030.51500000,0.64
1621818327991000,1,390.00000000,0.64
1621818327991000,1,8822.12631738,0.64
1621818337565000,1,343.69829000,0.64
1621818342897000,0,211.00000000,0.64
1621818371756000,0,1573.14264000,0.63
1621818371871000,0,557.18882700,0.63
1621818393334000,0,3360.00000000,0.64
1621818405885000,0,77.39938080,0.64
1621818435963000,0,9684.29006000,0.64
1621818497848000,0,58.89907752,0.64
1621818503961000,1,1129.30000000,0.64
1621818507505000,1,421.05498000,0.64
1621818509562000,1,52.43281800,0.64
1621818514926000,1,5500.00000000,0.64
1621818515746000,1,13440.00000000,0.64
1621818515769000,1,1400.00000000,0.64
1621818521419000,0,390.69524000,0.64
1621818521485000,0,0.00000514,0.64
1621818589951000,1,120.00000000,0.64
1621818608376000,0,1129.30000000,0.64
1621818612491000,1,498.77147382,0.64
1621818626658000,1,1300.67175000,0.64
1621818626692000,1,0.00000178,0.64
1621818641602000,1,8500.00000000,0.63
1621818649061000,1,391.29377000,0.63
1621818657726000,0,497.44804000,0.63
1621818657771000,0,0.00000596,0.63
1621818660539000,1,4676.78189000,0.63
1621818673481000,1,3740.59960000,0.63
1621818673548000,1,0.00005866,0.63
1621818673548000,1,62.74166666,0.63
1621818673548000,1,4030.51500000,0.63
1621818673548000,1,1586.09103000,0.63
1621818673548000,1,13040.90270537,0.63
1621818673548000,1,8192.55078715,0.63
1621818674300000,1,3795.80626043,0.63
1621818674300000,1,3360.00000000,0.63
1621818674300000,1,89.33279527,0.63
1621818674369000,1,250.00000000,0.63
1621818711942000,1,6279.58624279,0.63
1621818711971000,1,433.51741146,0.63
1621818714635000,1,500.00000000,0.63
1621818716476000,1,83.43542000,0.63
1621818716600000,1,0.00000110,0.63
1621818737332000,0,512.35425000,0.63
1621818737363000,0,0.00000500,0.63
1621818742831000,0,500.00000000,0.63
1621818757944000,1,13082.33530000,0.63
1621818766264000,1,191.00476385,0.63
1621818791406000,1,9824.08563318,0.63
1621818791406000,1,0.00000001,0.63
1621818791413000,1,13095.85630349,0.63
1621818797513000,0,1586.07484000,0.63
1621818797662000,1,47.61490922,0.62
1621818798310000,1,433.78594047,0.62
1621818800551000,1,4854.32646000,0.62
1621818802315000,1,50.00000000,0.62
1621818805669000,0,3360.00000000,0.63
1621818805669000,0,16067.09842650,0.63
1621818805669000,0,1155.39241550,0.63
1621818812347000,1,73.48293844,0.62
1621818824080000,1,1589.03864400,0.62
1621818876861000,0,170.00000000,0.62
1621818900999000,0,371.86957000,0.62
1621818918559000,0,432.33650000,0.62
1621818918617000,0,0.00000399,0.62
1621818924009000,0,160.00000000,0.63
1621818932012000,1,395.19100000,0.63
1621818932028000,1,0.00073243,0.63
1621818961487000,0,9806.34900000,0.63
1621818962056000,0,0.00001874,0.63
1621818985393000,0,1596.04808648,0.63
1621818985417000,0,878.19567954,0.63
1621818985421000,0,7309.81049254,0.63
1621818988702000,0,6017.87226927,0.63
1621818988703000,0,3751.72336999,0.63
1621818988703000,0,7606.24018105,0.63
1621818988705000,0,5418.98274585,0.63
1621818988705000,0,5938.98080519,0.63
1621818988708000,0,11357.96355104,0.63
1621818989121000,0,382.29124496,0.63
1621818994774000,1,7500.00000000,0.63
1621818994939000,1,2244.62350000,0.63
1621818994951000,1,1015.39578178,0.63
1621818995022000,1,500.00000000,0.63
1621819000037000,1,382.84540000,0.63
1621819000047000,1,0.00005889,0.63
1621819000047000,1,2296.88014111,0.63
1621819003883000,1,0.00012327,0.63
1621819026751000,0,158.00000000,0.63
1621819044142000,0,783.20519049,0.63
1621819044164000,0,2318.81409129,0.63
1621819045189000,0,158.00000000,0.63
1621819120643000,1,2227.29947706,0.63
1621819120678000,1,2754.03022398,0.63
1621819120699000,1,860.81294858,0.63
1621819120727000,1,9677.85735038,0.63
1621819137123000,1,35.00000000,0.63
1621819147122000,0,9000.00000000,0.63
1621819147406000,0,1418.73751000,0.63
1621819159047000,0,509.00000000,0.63
1621819222496000,1,339.44436000,0.63
1621819230169000,1,6000.00000000,0.63
1621819231381000,0,1160.46757083,0.63
1621819251599000,1,352.38840000,0.63
1621819251651000,1,0.00007755,0.63
1621819253051000,1,12988.74730000,0.63
1621819259755000,1,4260.97315000,0.63
1621819273316000,1,962.64480000,0.63
1621819324228000,0,4000.00000000,0.63
1621819325618000,0,6140.00000000,0.63
1621819337466000,1,3360.00000000,0.63
1621819353850000,1,500.00000000,0.64
1621819357610000,1,500.00000000,0.64
1621819358152000,1,500.00000000,0.63
1621819358906000,1,234.10900000,0.63
1621819358907000,1,265.89100000,0.63
1621819359723000,1,500.00000000,0.63
1621819365674000,1,500.00000000,0.64
1621819366220000,1,500.00000000,0.63
1621819366414000,1,500.00000000,0.63
1621819367167000,1,500.00000000,0.63
1621819371475000,1,500.00000000,0.63
1621819372187000,0,500.00000000,0.63
1621819385770000,0,355.72260000,0.64
1621819389715000,0,387.22767000,0.64
1621819395271000,0,0.00000242,0.64
1621819395271000,0,9689.92540758,0.64
1621819395423000,0,0.00000817,0.64
1621819407013000,1,500.00000000,0.64
1621819412705000,1,500.00000000,0.64
1621819413350000,1,500.00000000,0.64
1621819435600000,1,500.00000000,0.64
1621819438888000,0,333.92650000,0.64
1621819443120000,1,500.00000000,0.64
1621819444929000,1,500.00000000,0.63
1621819445120000,1,500.00000000,0.63
1621819445463000,1,500.00000000,0.63
1621819449041000,1,500.00000000,0.63
1621819452620000,1,500.00000000,0.63
1621819460101000,0,7553.01532000,0.63
1621819477300000,1,500.00000000,0.63
1621819485982000,1,500.00000000,0.63
1621819489274000,1,500.00000000,0.63
1621819489274000,1,3360.00000000,0.63
1621819491863000,0,9714.61065000,0.63
1621819493760000,1,500.00000000,0.63
1621819503489000,0,9734.64640000,0.63
1621819515820000,1,500.00000000,0.63
1621819524020000,1,500.00000000,0.64
1621819524700000,0,62.00000000,0.64
1621819530556000,1,500.00000000,0.64
1621819533892000,1,500.00000000,0.64
1621819538304000,1,7214.61065000,0.64
1621819580590000,1,499.99999999,0.64
1621819580601000,1,0.00000001,0.64
1621819585656000,0,608.89713800,0.64
1621819586751000,0,9682.72223000,0.64
1621819587932000,1,350.47230000,0.64
1621819589234000,1,6000.00000000,0.64
1621819593342000,1,437.46623000,0.64
1621819596014000,1,430.03484000,0.64
1621819598145000,1,500.00000000,0.64
1621819606215000,1,500.00000000,0.64
1621819612121000,1,500.00000000,0.64
1621819612628000,1,500.00000000,0.64
1621819618611000,1,500.00000000,0.64
1621819642614000,0,1129.30000000,0.64
1621819663175000,1,500.00000000,0.64
1621819663275000,1,5720.00000000,0.64
1621819666311000,0,6220.00000000,0.64
1621819666311000,0,3482.30823000,0.64
1621819669576000,1,500.00000000,0.64
1621819670644000,1,500.00000000,0.63
1621819672672000,1,3360.00000000,0.63
1621819672672000,1,500.00000000,0.63
1621819676342000,1,500.00000000,0.63
1621819676623000,1,500.00000000,0.63
1621819684947000,0,413.94497861,0.63
1621819685040000,0,442.47945577,0.63
1621819689819000,1,3360.00000000,0.63
1621819692471000,1,397.93747000,0.63
1621819698546000,1,397.48924000,0.63
1621819699906000,1,406.47967000,0.63
1621819701732000,1,418.04846000,0.63
1621819708725000,1,454.30439000,0.63
1621819714964000,1,343.00090000,0.63
1621819717931000,1,500.00000000,0.63
1621819723810000,1,500.00000000,0.63
1621819727055000,1,500.00000000,0.63
1621819729019000,1,500.00000000,0.63
1621819730791000,1,500.00000000,0.63
1621819753118000,1,3267.24325589,0.64
1621819754206000,0,334.95059831,0.64
1621819758525000,1,500.00000000,0.64
1621819761194000,1,499.99999999,0.64
1621819761224000,1,0.00000001,0.64
1621819762195000,1,500.00000000,0.64
1621819773673000,0,3267.24325589,0.64
1621819781147000,0,9703.60770000,0.64
1621819788058000,1,358.30915000,0.64
1621819791446000,1,0.00000021,0.64
1621819800693000,1,500.00000000,0.64
1621819808196000,1,129.30000000,0.64
1621819808212000,1,370.70000000,0.64
1621819809482000,0,1399.08826028,0.64
1621819809577000,0,1029.57615110,0.64
1621819809601000,0,429.61938824,0.64
1621819813145000,0,4439.58866000,0.64
1621819819440000,0,71.83148117,0.64
1621819821731000,1,9654.20289000,0.64
1621819823264000,1,327.15044000,0.64
1621819826940000,1,8369.26456000,0.64
1621819828047000,1,454.82910000,0.64
1621819837115000,1,500.00000000,0.64
1621819839693000,1,500.00000000,0.64
1621819840418000,0,76.00000000,0.64
1621819848549000,0,3360.00000000,0.64
1621819853559000,1,500.00000000,0.64
1621819853755000,1,77.02000000,0.64
1621819861129000,1,412.94764000,0.64
1621819866326000,1,448.72544000,0.64
1621819877049000,0,1212.08237000,0.64
1621819879070000,0,9665.57382000,0.64
1621819884928000,1,500.00000000,0.64
1621819886427000,0,1129.30000000,0.64
1621819887319000,1,500.00000000,0.64
1621819916454000,1,500.00000000,0.63
1621819916897000,1,444.78820906,0.63
1621819919359000,1,500.00000000,0.63
1621819919567000,0,500.00000000,0.63
1621819922663000,1,500.00000000,0.63
1621819922912000,1,706.14964242,0.63
1621819936605000,0,2544.94700533,0.63
1621819936634000,0,783.96073577,0.63
1621819936680000,0,586.28098128,0.63
1621819960776000,0,20221.38090000,0.64
1621819967532000,1,500.00000000,0.64
1621819968836000,0,500.00000000,0.64
1621819969155000,0,3360.00000000,0.64
1621819987651000,0,9678.86860000,0.64
1621819992997000,0,0.00000231,0.64
1621820016859000,1,500.00000000,0.64
1621820020742000,1,500.00000000,0.64
1621820027036000,1,500.00000000,0.64
1621820030525000,1,500.00000000,0.64
1621820032219000,0,6653.67703000,0.64
1621820034089000,1,500.00000000,0.64
1621820034246000,1,4500.00000000,0.64
1621820034548000,1,500.00000000,0.64
1621820035125000,1,500.00000000,0.64
1621820036151000,1,500.00000000,0.64
1621820042244000,1,500.00000000,0.64
1621820056233000,0,1134.40427000,0.64
1621820077913000,1,500.00000000,0.64
1621820078302000,1,500.00000000,0.64
1621820080115000,1,500.00000000,0.64
1621820095513000,1,3360.00000000,0.64
1621820096088000,1,365.34229000,0.64
1621820111751000,1,465.70350000,0.64
1621820112453000,1,0.00000864,0.64
1621820112453000,1,12795.86991136,0.64
1621820112495000,1,0.00001634,0.64
1621820119326000,1,1129.30000000,0.64
1621820130588000,0,950.32315400,0.64
1621820135224000,0,9617.03131796,0.64
1621820150503000,1,500.00000000,0.64
1621820150977000,1,500.00000000,0.64
1621820154169000,1,500.00000000,0.64
1621820164154000,1,500.00000000,0.64
1621820177660000,0,603.21152000,0.64
1621820185511000,0,82.95918600,0.64
1621820194746000,0,9657.97731000,0.64
1621820194754000,0,0.00000605,0.64
1621820197863000,1,500.00000000,0.64
1621820199186000,1,500.00000000,0.64
1621820200247000,1,500.00000000,0.64
1621820201155000,0,1129.30000000,0.64
1621820203107000,1,500.00000000,0.64
1621820209621000,0,468.56218400,0.64
1621820211206000,1,445.87280321,0.64
1621820211319000,1,54.12719679,0.64
1621820211589000,1,500.00000000,0.64
1621820220013000,0,9667.84153753,0.64
1621820222323000,1,465.37914670,0.64
1621820222398000,1,9000.00000000,0.64
1621820235594000,1,500.00000000,0.64
1621820236493000,1,500.00000000,0.64
1621820236905000,1,499.99999999,0.64
1621820236907000,1,0.00000001,0.64
1621820309865000,0,1881.72236861,0.64
1621820312229000,0,62.00000000,0.64
1621820318858000,0,0.00000205,0.64
1621820324162000,0,233.26661000,0.64
1621820326208000,0,388.51602500,0.64
1621820417206000,1,439.31400000,0.64
1621820423331000,1,413.62300000,0.64
1621820428822000,1,150.00000000,0.64
1621820438070000,1,276.36300000,0.64
1621820466672000,0,3360.00000000,0.64
1621820474192000,1,735.97718000,0.64
1621820475117000,1,735.97718000,0.64
1621820478315000,1,1352.01331650,0.64
1621820478373000,1,813.61428279,0.64
1621820480623000,1,5274.27312000,0.64
1621820480699000,1,1500.00000000,0.64
1621820495030000,0,62.00000000,0.64
1621820509772000,1,6000.00000000,0.64
1621820557660000,0,72.53974000,0.65
1621820558550000,0,3360.00000000,0.65
1621820570592000,0,1574.15756296,0.65
1621820574034000,0,440.84714382,0.65
1621820575975000,0,0.00000612,0.65
1621820575975000,0,3360.00000000,0.65
1621820586997000,0,1700.00000000,0.65
1621820605550000,1,3360.00000000,0.64
1621820605550000,1,2364.30000000,0.64
1621820618323000,0,1129.30000000,0.64
1621820620392000,0,9575.36997738,0.64
1621820620691000,0,3360.00000000,0.64
1621820621827000,0,3360.00000000,0.64
1621820621827000,0,929.94106659,0.64
1621820632778000,0,4009.69086415,0.64
1621820657647000,0,9567.09007000,0.64
1621820658949000,0,0.00000707,0.64
1621820662498000,0,3360.00000000,0.64
1621820662498000,0,6640.00000000,0.65
1621820683908000,0,9579.97997200,0.64
1621820690843000,0,0.00000001,0.64
1621820690843000,0,9570.75280923,0.64
1621820701344000,0,5789.32740093,0.64
1621820701510000,0,675.04785628,0.64
1621820704740000,0,3971.46500000,0.65
1621820705336000,0,0.00003145,0.65
1621820718205000,1,352.05006000,0.64
1621820729357000,0,117.17724507,0.64
1621820740060000,1,99.85000000,0.64
1621820749274000,0,9591.39895000,0.64
1621820750149000,0,0.00000712,0.64
1621820772719000,1,9576.82403000,0.64
1621820774685000,0,535.02632155,0.64
1621820796435000,1,0.00000180,0.64
1621820796435000,1,9436.30729820,0.64
1621820796902000,1,5500.00000000,0.64
1621820796998000,1,1937.43713292,0.64
1621820798482000,1,1129.30000000,0.64
1621820801869000,0,9584.04670000,0.64
1621820830615000,0,419.56820000,0.64
1621820833284000,1,869.57016708,0.64
1621820833284000,1,9579.23043292,0.64
1621820835903000,0,0.00000477,0.64
1621820842187000,1,0.00014275,0.64
1621820843903000,0,3360.00000000,0.64
1621820857508000,0,123.50846900,0.64
1621820858201000,1,9280.00000000,0.64
1621820865109000,1,12200.00000000,0.64
1621820871513000,1,496.73639689,0.64
1621820871624000,1,422.49379147,0.64
1621820871627000,1,1488.67753011,0.64
1621820888632000,0,440.14430000,0.64
1621820907832000,1,9612.86413000,0.64
1621820946364000,0,339.78300000,0.64
1621820946507000,0,0.00018684,0.64
1621820964672000,0,789.51700000,0.64
1621820970678000,1,3360.00000000,0.64
1621820979484000,0,9674.10200695,0.64
1621820987916000,0,2643.06420904,0.64
1621820987955000,0,1354.20708016,0.64
1621821002737000,0,9643.87559046,0.64
1621821016750000,1,9623.52517064,0.64
1621821033757000,0,3360.00000000,0.64
1621821057957000,0,12818.70391000,0.64
1621821100876000,0,9599.60382819,0.64
1621821129580000,1,1129.30000000,0.64
1621821129657000,1,2230.70000000,0.64
1621821170933000,0,442.38792157,0.64
1621821170933000,0,502.61207843,0.64
1621821174060000,1,945.00000000,0.64
1621821190011000,0,3360.00000000,0.64
1621821190011000,0,1962.70926767,0.64
1621821190037000,0,7350.08956153,0.64
1621821190713000,0,403.99295000,0.64
1621821191044000,1,873.07489012,0.64
1621821191044000,1,0.00000001,0.64
1621821206001000,0,0.00000683,0.64
1621821208437000,0,1080.64892751,0.64
1621821220317000,0,464.70229000,0.64
1621821227017000,0,373.54376000,0.64
1621821228545000,1,1000.00000000,0.64
1621821228909000,1,8631.08340000,0.64
1621821234567000,0,424.88559000,0.64
1621821237009000,0,362.18797154,0.64
1621821244507000,0,441.20991000,0.64
1621821245823000,0,328.64109000,0.64
1621821245847000,0,0.00000103,0.64
1621821271595000,0,62.00000000,0.64
1621821276218000,0,4071.82490000,0.64
1621821276812000,0,0.00001803,0.64
1621821287279000,0,125.49234600,0.64
1621821290058000,1,3349.22670000,0.64
1621821290183000,1,0.00008991,0.64
1621821302705000,1,1947.08592999,0.64
1621821320897000,0,1219.44469990,0.64
1621821326915000,0,3349.61983157,0.64
1621821329138000,0,4636.62483000,0.64
1621821329958000,1,3360.00000000,0.64
1621821341264000,0,46.05111674,0.64
1621821342847000,1,1140.00000000,0.64
1621821344683000,1,2209.72828391,0.64
1621821344703000,1,0.00000001,0.64
1621821347862000,0,4803.36295327,0.64
1621821349958000,0,9577.87702000,0.64
1621821355986000,1,9577.87702000,0.64
1621821367049000,0,334.23798388,0.64
1621821379171000,0,107.80215800,0.64
1621821384178000,1,11840.00000000,0.64
1621821390632000,0,7187.17400000,0.64
1621821410152000,0,343.66538070,0.64
1621821410152000,0,557.94611925,0.64
1621821423371000,0,6721.73942000,0.64
1621821423472000,0,0.00000330,0.64
1621821426886000,0,3500.00000000,0.64
1621821462335000,0,3360.00000000,0.64
1621821462335000,0,5891.48192073,0.64
1621821463749000,1,123.00000000,0.64
1621821465052000,0,201.39125200,0.64
1621821493800000,1,414.96196000,0.64
1621821496633000,1,345.64325000,0.64
1621821499952000,0,1538.85865920,0.64
1621821500057000,0,808.27608501,0.64
1621821500061000,0,723.34852535,0.64
1621821512763000,1,1800.72930311,0.64
1621821516015000,0,5775.35116246,0.64
1621821517680000,1,1083.43167000,0.64
1621821517695000,1,0.00000115,0.64
1621821524594000,1,2730.00000000,0.64
1621821535816000,1,358.39962000,0.64
1621821537525000,1,362.90096000,0.64
1621821538045000,0,248.00000000,0.64
1621821539899000,0,4572.33357455,0.64
1621821556467000,1,5500.00000000,0.64
1621821556530000,1,701.75312000,0.64
1621821596736000,0,1129.30000000,0.64
1621821644369000,0,3360.00000000,0.64
1621821646657000,1,3360.00000000,0.64
1621821648080000,0,62.00000000,0.64
1621821699855000,1,13440.00000000,0.64
1621821699855000,1,2627.09842650,0.64
1621821699855000,1,6455.94677350,0.64
1621821700511000,0,492.59687600,0.64
1621821704491000,1,7299.87496780,0.64
1621821704962000,0,6678.57786707,0.64
1621821741388000,0,373.00000000,0.64
1621821765507000,1,1168.33816482,0.64
1621821806192000,1,454.75000000,0.64
1621821849189000,0,114.92442500,0.64
1621821867645000,0,444.70222000,0.64
1621821873480000,0,451.92712000,0.64
1621821882339000,0,466.84233000,0.64
1621821886018000,0,346.23473000,0.64
1621821887583000,0,409.71874000,0.64
1621821915393000,1,1664.11109000,0.64
1621821953389000,1,6000.00000000,0.64
1621821974422000,1,3359.99999999,0.64
1621821974425000,1,0.00000001,0.64
1621821982774000,1,460.44528711,0.64
1621821982774000,1,2043.60364019,0.64
1621821992737000,1,4500.00000000,0.64
1621822006152000,1,11279.99999999,0.64
1621822006320000,1,0.00000001,0.64
1621822008116000,0,2190.32235058,0.64
1621822008136000,0,1227.62940098,0.64
1621822008151000,0,713.82923636,0.64
1621822008176000,0,445.16273805,0.64
1621822010475000,0,439.22584160,0.64
1621822010622000,0,982.52708502,0.64
1621822010661000,0,610.81671206,0.64
1621822035933000,0,3359.99999000,0.64
1621822038556000,0,0.00000827,0.64
1621822056079000,1,3359.99999999,0.63
1621822056080000,1,0.00000001,0.63
1621822068418000,1,3359.99999999,0.63
1621822068440000,1,0.00000001,0.63
1621822077151000,1,6000.00000000,0.63
1621822077256000,1,3720.95319441,0.63
1621822082110000,1,0.00000001,0.63
1621822089225000,1,72.53974000,0.63
1621822103594000,0,9743.96681000,0.63
1621822114088000,1,9500.00000000,0.63
1621822121615000,1,0.00000612,0.63
1621822130599000,1,500.00000000,0.63
1621822130753000,1,499.99999999,0.63
1621822130798000,1,0.00000001,0.63
1621822131057000,0,500.00000000,0.63
1621822160038000,0,6513.25889000,0.63
1621822176734000,1,3360.00000000,0.63
1621822178942000,1,3000.00000000,0.63
1621822220768000,1,3360.00000000,0.63
1621822229611000,1,500.00000000,0.63
1621822230558000,1,500.00000000,0.63
1621822232977000,1,500.00000000,0.63
1621822240001000,1,3360.00000000,0.63
1621822241236000,1,500.00000000,0.63
1621822241322000,1,4920.00000000,0.63
1621822241508000,0,500.00000000,0.63
1621822242388000,1,129.30000000,0.63
1621822247157000,1,500.00000000,0.63
1621822249479000,0,20181.47680000,0.63
1621822249651000,1,500.00000000,0.63
1621822251127000,1,500.00000000,0.63
1621822252298000,1,26400.00000000,0.63
1621822252430000,1,48.94000000,0.63
1621822252883000,1,500.00000000,0.63
1621822263705000,1,1566.58273000,0.63
1621822275138000,1,500.00000000,0.63
1621822277042000,1,500.00000000,0.63
1621822277902000,1,500.00000000,0.63
1621822278691000,1,500.00000000,0.63
1621822279412000,1,500.00000000,0.63
1621822280341000,1,500.00000000,0.63
1621822281470000,1,500.00000000,0.63
1621822285508000,1,500.00000000,0.63
1621822291291000,1,500.00000000,0.64
1621822291916000,1,500.00000000,0.64
1621822292035000,1,500.00000000,0.63
1621822292597000,1,500.00000000,0.63
1621822296161000,1,6614.89407000,0.63
1621822306199000,1,9710.31350000,0.63
1621822314359000,1,500.00000000,0.64
1621822315025000,0,500.00000000,0.64
1621822316752000,1,500.00000000,0.64
1621822317727000,0,500.00000000,0.64
1621822321348000,1,499.99999999,0.64
1621822321392000,1,0.00000001,0.64
1621822322054000,1,500.00000000,0.63
1621822322169000,1,500.00000000,0.64
1621822322169000,1,2094.43130000,0.63
1621822322928000,1,500.00000000,0.64
1621822324359000,0,500.00000000,0.63
1621822326766000,1,500.00000000,0.63
1621822332272000,1,500.00000000,0.64
1621822332855000,1,500.00000000,0.64
1621822333118000,0,500.00000000,0.63
1621822338748000,1,1995.91449846,0.63
1621822338749000,1,507.39883338,0.63
1621822338756000,1,696.19839929,0.63
1621822355577000,1,500.00000000,0.64
1621822355857000,1,499.99999999,0.64
1621822355911000,1,0.00000001,0.64
1621822356269000,1,500.00000000,0.64
1621822363637000,1,500.00000000,0.64
1621822364177000,1,499.99999999,0.64
1621822364179000,1,0.00000001,0.64
1621822364650000,1,500.00000000,0.64
1621822368356000,1,500.00000000,0.64
1621822369663000,1,500.00000000,0.64
1621822372095000,0,11500.00000000,0.64
1621822376009000,0,62.28212300,0.64
1621822394845000,1,499.99999999,0.64
1621822394847000,1,0.00000001,0.64
1621822398013000,1,500.00000000,0.64
1621822399968000,1,500.00000000,0.64
1621822400353000,1,500.00000000,0.64
1621822401186000,0,500.00000000,0.64
1621822402253000,1,500.00000000,0.64
1621822403150000,1,500.00000000,0.64
1621822406416000,0,155.68580800,0.64
1621822418273000,0,348.25100000,0.64
1621822434814000,0,434.91978244,0.64
1621822434814000,0,65.08021756,0.64
1621822434873000,1,1849.11227723,0.64
1621822434878000,1,486.73521231,0.64
1621822434884000,1,441.59444666,0.64
1621822434954000,1,550.52107684,0.64
1621822434959000,1,764.44905321,0.64
1621822435291000,0,311.66434600,0.64
1621822435755000,0,500.00000000,0.64
1621822435876000,1,500.00000000,0.64
1621822436414000,1,500.00000000,0.64
1621822436868000,1,500.00000000,0.64
1621822437351000,1,500.00000000,0.64
1621822437514000,1,500.00000000,0.64
1621822438083000,0,419.69496736,0.64
1621822438101000,1,80.30503264,0.64
1621822438101000,1,419.69496736,0.64
1621822438428000,1,500.00000000,0.64
1621822438530000,1,500.00000000,0.64
1621822439045000,1,500.00000000,0.64
1621822439502000,1,500.00000000,0.64
1621822440604000,1,500.00000000,0.64
1621822441658000,1,500.00000000,0.64
1621822442859000,1,500.00000000,0.64
1621822443445000,1,500.00000000,0.64
1621822443915000,1,500.00000000,0.64
1621822444251000,1,500.00000000,0.63
1621822444804000,0,500.00000000,0.64
1621822445056000,1,500.00000000,0.64
1621822445542000,1,500.00000000,0.64
1621822445578000,1,500.00000000,0.63
1621822446468000,1,500.00000000,0.63
1621822447850000,1,500.00000000,0.63
1621822453251000,1,500.00000000,0.63
1621822453837000,1,500.00000000,0.63
1621822479160000,0,8243.82071000,0.64
1621822479662000,1,500.00000000,0.64
1621822483048000,1,500.00000000,0.64
1621822494718000,0,525.00000000,0.64
1621822505610000,1,7243.82071000,0.64
1621822526624000,0,399.87291000,0.64
1621822526754000,0,0.00000595,0.64
1621822531703000,1,447.09734379,0.64
1621822533981000,1,334.07201188,0.64
1621822533996000,1,165.92798812,0.64
1621822534773000,1,500.00000000,0.64
1621822537341000,0,9628.10279000,0.64
1621822537528000,0,1338.21642000,0.64
1621822538924000,0,369.45772000,0.64
1621822540216000,1,500.00000000,0.64
1621822540856000,1,500.00000000,0.64
1621822540856000,1,127.71574700,0.64
1621822542239000,1,500.00000000,0.64
1621822543197000,1,500.00000000,0.64
1621822543823000,0,0.00000396,0.64
1621822543823000,0,611.28925641,0.64
1621822563645000,1,348.25100000,0.64
1621822563659000,1,151.74900000,0.64
1621822563893000,1,500.00000000,0.64
1621822565023000,1,500.00000000,0.64
1621822566220000,1,500.00000000,0.64
1621822567455000,1,500.00000000,0.64
1621822568748000,1,500.00000000,0.64
1621822570472000,1,500.00000000,0.64
1621822572203000,1,500.00000000,0.64
1621822573124000,1,500.00000000,0.64
1621822580096000,1,2083.90084000,0.64
1621822600492000,1,500.00000000,0.64
1621822607683000,1,499.99999999,0.64
1621822607684000,1,0.00000001,0.64
1621822609941000,1,500.00000000,0.64
1621822613187000,1,499.99999999,0.64
1621822613211000,1,0.00000001,0.64
1621822615435000,0,9593.36030949,0.64
1621822636646000,1,500.00000000,0.64
1621822645925000,1,499.99999999,0.64
1621822646015000,1,0.00000001,0.64
1621822646632000,1,500.00000000,0.64
1621822646632000,1,500.00000000,0.64
1621822646632000,1,862.93664467,0.64
1621822647066000,1,500.00000000,0.64
1621822654066000,1,500.00000000,0.64
1621822678120000,0,9604.01290000,0.64
1621822678832000,0,500.00000000,0.64
1621822680648000,1,500.00000000,0.64
1621822683078000,0,3360.00000000,0.64
1621822683078000,0,5596.06246496,0.64
1621822683250000,1,500.00000000,0.64
1621822704714000,0,10052.64717100,0.64
1621822720325000,1,500.00000000,0.64
1621822721353000,1,500.00000000,0.64
1621822726259000,1,500.00000000,0.64
1621822727791000,1,499.99999999,0.64
1621822727802000,1,0.00000001,0.64
1621822728385000,1,356.40678218,0.64
1621822728414000,1,143.59321782,0.64
1621822728414000,1,15204.16177432,0.64
1621822728414000,1,500.00000000,0.64
1621822730307000,1,499.99999999,0.64
1621822730376000,1,0.00000001,0.64
1621822742975000,0,9591.26760000,0.64
1621822755246000,1,500.00000000,0.64
1621822758062000,1,499.99999999,0.64
1621822761493000,1,500.00000000,0.64
1621822771524000,1,500.00000000,0.64
1621822771652000,0,500.00000000,0.64
1621822794323000,1,500.00000000,0.64
1621822795085000,1,500.00000000,0.64
1621822799415000,1,500.00000000,0.64
1621822805975000,0,149.79393542,0.64
1621822809076000,1,391.16786715,0.64
1621822809084000,1,0.00000001,0.64
1621822809211000,1,216.54217926,0.64
1621822884331000,0,3360.00000000,0.64
1621822884331000,0,3061.82521610,0.64
1621822887674000,0,1129.30000000,0.64
1621822903163000,0,2501.24778000,0.64
1621822903231000,0,858.75222000,0.64
1621822917509000,1,13440.00000000,0.64
1621822917519000,1,125.85063684,0.64
1621822920082000,1,3000.00000000,0.64
1621822953178000,1,2278.05079988,0.64
1621822985063000,1,9954.24013269,0.64
1621822985066000,1,438.42556219,0.64
1621822993508000,0,250.00000000,0.64
1621822993536000,0,250.00000000,0.64
1621822993536000,0,113.03800000,0.64
1621823011348000,1,400.04000000,0.64
1621823052185000,0,3360.00000000,0.65
1621823053175000,0,70.90900000,0.65
1621823055244000,0,0.00009725,0.65
1621823055244000,0,3360.00000000,0.65
1621823078621000,1,6936.63026421,0.65
1621823088908000,0,1480.29745781,0.65
1621823088914000,0,455.19923267,0.65
1621823095089000,1,2360.00000000,0.65
1621823118365000,1,4000.00000000,0.65
1621823155214000,0,3360.00000000,0.65
1621823156676000,0,748.98987918,0.65
1621823156680000,0,632.35930657,0.65
1621823167072000,1,1822.68201472,0.65
1621823176710000,0,7965.74924075,0.65
1621823185512000,0,76.50060300,0.65
1621823198927000,1,1217.96100206,0.65
1621823211133000,0,290.11270300,0.65
1621823211575000,1,660.84020961,0.65
1621823211577000,1,590.64971216,0.65
1621823211582000,1,8860.00000000,0.65
1621823211587000,1,540.45480066,0.65
1621823211592000,1,422.18733792,0.65
1621823211597000,1,482.00867081,0.65
1621823211651000,1,1074.35900000,0.65
1621823211659000,1,27.52488515,0.65
1621823220624000,0,72.95804390,0.65
1621823239975000,0,2000.00000000,0.65
1621823256560000,0,1217.96100206,0.65
1621823263962000,1,1110.53288861,0.65
1621823263993000,1,107.42811345,0.65
1621823285218000,0,345.09653654,0.65
1621823301848000,0,1217.96100206,0.65
1621823301848000,0,1421.92934835,0.65
1621823301912000,0,1217.96100206,0.65
1621823304453000,0,9490.04520000,0.65
1621823304467000,0,0.00000426,0.65
1621823306977000,1,3360.00000000,0.65
1621823311132000,1,335.61672000,0.65
1621823358201000,0,832.85326083,0.65
1621823409561000,0,353.94933000,0.65
1621823419092000,1,1099.41880445,0.65
1621823420219000,1,423.87391000,0.65
1621823424662000,1,2500.00000000,0.65
1621823446647000,0,602.71192502,0.65
1621823446747000,0,439.54863452,0.65
1621823475864000,0,3360.00000000,0.65
1621823477895000,0,152.17082500,0.65
1621823496166000,1,1687.52392028,0.65
1621823496179000,1,663.61245703,0.65
1621823496206000,1,665.66910721,0.65
1621823533277000,0,1640.89490617,0.65
1621823540019000,0,30727.04000000,0.65
1621823551639000,1,3500.00000000,0.65
1621823551749000,1,5951.54390000,0.65
1621823557152000,1,9469.77637000,0.65
1621823559393000,1,0.00000771,0.65
1621823559393000,1,9474.17961229,0.65
1621823593809000,0,936.76832992,0.65
1621823593882000,0,8542.37223995,0.65
1621823593953000,0,11651.61637746,0.65
1621823594007000,0,989.03446886,0.65
1621823595534000,0,388.25277201,0.65
1621823595919000,0,339.45386406,0.65
1621823595919000,0,376.07355570,0.65
1621823599677000,0,7757.89690000,0.65
1621823600761000,0,0.00007328,0.65
1621823600761000,0,140.26592672,0.65
1621823600770000,0,9337.87387847,0.65
1621823633112000,0,9489.19918833,0.65
1621823639300000,1,9476.70966000,0.65
1621823650607000,0,3200.00000000,0.65
1621823654748000,1,1680.00000000,0.65
1621823664782000,0,310.61819000,0.65
1621823664855000,0,0.00000315,0.65
1621823672424000,0,2343.25946211,0.65
1621823672433000,0,7161.66499667,0.65
1621823678244000,0,1101.00000000,0.65
1621823687889000,1,13440.00000000,0.65
1621823687926000,1,547.97237536,0.65
1621823693869000,0,33.78991300,0.65
1621823706244000,0,154.00000000,0.65
1621823721890000,1,426.24933000,0.65
1621823723110000,1,396.84741000,0.65
1621823727860000,1,2175.71076000,0.65
1621823729890000,1,0.00000896,0.65
1621823736790000,1,413.75000000,0.65
1621823741415000,1,456.37500000,0.65
1621823741741000,1,0.00031927,0.65
1621823758161000,0,3360.00000000,0.65
1621823762827000,1,2266.91596000,0.64
1621823772008000,0,1464.58682718,0.65
1621823800515000,0,9547.06131000,0.65
1621823824740000,0,347.01357913,0.64
1621823824740000,0,510.38650687,0.64
1621823830416000,1,9544.95348000,0.64
1621823830630000,1,8571.78208000,0.64
1621823926892000,1,6000.00000000,0.65
1621823944618000,1,110.00000000,0.65
1621823953238000,1,1217.57799558,0.64
1621823953307000,1,4500.00000000,0.64
1621823953345000,1,803.77296375,0.64
1621823953372000,1,3500.00000000,0.64
1621823953553000,1,4498.64904067,0.64
1621823958211000,0,459.68260000,0.64
1621823958211000,0,0.00003461,0.64
1621823958821000,0,110.16449400,0.64
1621823986035000,0,123.00000000,0.65
1621823995170000,0,3638.08439000,0.65
1621823996766000,0,0.00000984,0.65
1621824008555000,0,14490.23927000,0.65
1621824014976000,0,455.51100000,0.65
1621824015025000,1,392.87828371,0.65
1621824015025000,0,0.00001914,0.65
1621824030096000,0,9533.63508799,0.65
1621824030096000,0,3186.03601201,0.65
1621824031030000,1,3359.99999999,0.65
1621824055603000,1,39.71919500,0.65
1621824084987000,0,414.61400000,0.65
1621824141378000,0,117.81795700,0.64
1621824161739000,0,366.29286779,0.64
1621824169256000,0,143.09239054,0.64
1621824205175000,1,12762.00558480,0.64
1621824205255000,1,12762.00550000,0.64
1621824247965000,0,1000.00000000,0.64
1621824248799000,0,9605.16884000,0.64
1621824301996000,1,426.90649305,0.65
1621824302002000,1,0.00000001,0.65
1621824309590000,0,82.22694500,0.64
1621824311629000,1,3360.00000000,0.64
1621824319581000,1,703.72099999,0.64
1621824319621000,1,0.00000001,0.64
1621824324029000,0,1000.00000000,0.64
1621824329379000,0,337.35580000,0.64
1621824329435000,0,0.00000663,0.64
1621824350389000,1,9574.96783000,0.64
1621824350454000,1,527.23147000,0.64
1621824388170000,0,9553.58357000,0.65
1621824392958000,1,1129.30000000,0.64
1621824410974000,1,1000.00000000,0.64
1621824425976000,0,0.00000316,0.65
1621824432478000,0,1129.30000000,0.65
1621824471912000,0,2036.45488443,0.65
1621824480455000,1,9523.06739000,0.65
1621824485602000,0,1977.58320069,0.65
1621824510646000,0,363.47556000,0.65
1621824517872000,0,3684.06813118,0.65
1621824529937000,0,526.48395906,0.65
1621824534337000,0,9448.32700000,0.65
1621824534574000,0,377.70960000,0.65
1621824534629000,0,0.00000123,0.65
1621824535979000,0,0.00000854,0.65
1621824535979000,0,450.54781146,0.65
1621824547175000,0,9452.69751000,0.65
1621824552793000,0,172.11205400,0.65
1621824560036000,0,9450.78660000,0.65
1621824570420000,0,4000.00000000,0.65
1621824575416000,0,731.53887000,0.65
1621824575541000,0,1072.57148600,0.65
1621824580472000,0,9457.12960000,0.65
1621824580641000,0,0.00008558,0.65
1621824586537000,0,60.45448268,0.65
1621824588460000,1,236.28004687,0.65
1621824588499000,1,9206.19894035,0.65
1621824600596000,0,71.60703000,0.65
1621824601726000,0,0.00000234,0.65
1621824601726000,0,334.83477766,0.66
1621824620855000,0,83.43542110,0.66
1621824623347000,0,411.62518552,0.66
1621824637425000,0,400.10527000,0.66
1621824637487000,0,0.00000441,0.66
1621824641298000,0,398.00000000,0.66
1621824641926000,0,1000.00000000,0.66
1621824649813000,1,363.07380000,0.66
1621824650639000,1,0.00000175,0.66
1621824666732000,0,1446.27580000,0.66
1621824666738000,0,0.00000400,0.66
1621824668347000,1,3360.00000000,0.66
1621824670299000,0,9368.04405000,0.66
1621824670348000,0,0.00000990,0.66
1621824678367000,0,3857.32008336,0.66
1621824678540000,1,3360.00000000,0.66
1621824684683000,1,727.65446100,0.66
1621824685129000,1,413.94615000,0.66
1621824719393000,1,373.39751000,0.66
1621824723303000,0,9391.83485000,0.66
1621824723812000,1,393.80866000,0.66
1621824726234000,0,357.93698594,0.66
1621824726234000,0,1164.36709928,0.66
1621824728288000,0,1190.30147607,0.66
1621824733314000,1,305.14384000,0.66
1621824734540000,1,361.08863000,0.66
1621824737453000,1,320.47480000,0.66
1621824737513000,1,0.00000305,0.66
1621824740788000,1,343.48825000,0.65
1621824756748000,0,379.31184000,0.66
1621824759823000,0,380.58282509,0.66
1621824763554000,1,1000.00000000,0.66
1621824763639000,1,8333.64125000,0.66
1621824763828000,1,0.00000920,0.66
1621824765719000,1,470.84620000,0.66
1621824777032000,0,2362.42746251,0.66
1621824800021000,0,9384.89395241,0.66
1621824829243000,1,2051.30548590,0.66
1621824850854000,0,74.00000000,0.65
1621824856299000,1,13440.00000000,0.65
1621824858282000,1,3360.00000000,0.65
1621824858282000,1,2942.77233000,0.65
1621824861214000,1,8337.22767000,0.65
1621824870453000,0,255.00000000,0.65
1621824877623000,0,305.37692390,0.65
1621824878404000,0,3360.00000000,0.65
1621824890224000,0,574.38302597,0.65
1621824890386000,0,1174.06279693,0.65
1621824900491000,0,9477.47538000,0.65
1621824900574000,0,0.00000113,0.65
1621824906944000,0,499.00000000,0.65
1621824911873000,1,1224.49127884,0.65
1621824911933000,1,1405.89652945,0.65
1621824911957000,1,5567.31988401,0.65
1621824922568000,1,2411.25222650,0.65
1621824922568000,1,6588.74777350,0.65
1621824936119000,1,737.62762275,0.65
1621824957839000,0,16067.09842650,0.65
1621824972648000,0,61.00000000,0.65
1621824983336000,0,326.30624000,0.65
1621824983440000,0,0.00000923,0.65
1621825017810000,1,771.84125810,0.65
1621825017811000,1,11888.15737871,0.65
1621825034075000,1,1580.73280000,0.65
1621825034097000,1,0.00007963,0.65
1621825079359000,0,174.77837400,0.65
1621825096033000,1,9236.46174000,0.65
1621825110610000,0,9236.46174000,0.65
1621825117225000,1,621.38482900,0.65
1621825151913000,1,3360.00000000,0.65
1621825179858000,0,140.27351500,0.66
1621825186386000,1,408.82500000,0.65
1621825186675000,1,0.00000985,0.65
1621825190747000,0,9423.91521502,0.65
1621825190747000,0,3360.00000000,0.65
1621825190747000,0,12563.54566589,0.65
1621825190747000,0,4652.53911909,0.65
1621825192624000,0,169.13152300,0.65
1621825197487000,0,61.00000000,0.65
1621825201334000,0,250.00000000,0.65
1621825215381000,1,305.37792000,0.66
1621825219356000,1,402.97400000,0.66
1621825221124000,1,348.98700000,0.66
1621825221738000,1,368.89847000,0.66
1621825223060000,1,353.20400000,0.66
1621825223413000,0,446.83977887,0.66
1621825223441000,0,565.30663216,0.66
1621825223484000,0,759.16478180,0.66
1621825229833000,1,360.13095740,0.66
1621825232363000,0,151.33918902,0.66
1621825239338000,1,1446.65543600,0.66
1621825263069000,0,1802.37117235,0.66
1621825294849000,0,109.73668800,0.65
1621825314261000,0,9439.16357000,0.65
1621825326731000,0,3360.00000000,0.66
1621825326731000,0,1261.73386600,0.66
1621825327102000,0,363.65526000,0.65
1621825327106000,0,0.00000864,0.65
1621825330048000,0,1016.37044000,0.65
1621825338268000,0,3415.44880000,0.66
1621825339329000,0,0.00006723,0.66
1621825344035000,0,526.53557341,0.66
1621825344042000,0,543.50081818,0.66
1621825358716000,1,379.14108000,0.66
1621825359905000,1,374.92794000,0.66
1621825371598000,1,2489.21279900,0.66
1621825371833000,0,3360.00000000,0.66
1621825373703000,1,358.74422000,0.66
1621825376220000,0,20140.26356000,0.66
1621825376309000,0,1326.22124000,0.66
1621825378642000,1,12424.97785000,0.66
1621825379645000,1,349.57517000,0.66
1621825379865000,0,150.00000000,0.66
1621825381329000,0,964.90394175,0.66
1621825381394000,0,8500.00000000,0.66
1621825381521000,0,14202.51825000,0.66
1621825381634000,0,8500.00000000,0.66
1621825382477000,1,0.00000657,0.66
1621825382477000,1,15754.18646343,0.66
1621825396334000,1,3359.99999999,0.66
1621825405815000,0,800.00000000,0.66
1621825412847000,1,3360.00000000,0.66
1621825415298000,0,6000.00000000,0.66
1621825416727000,0,1105.16500000,0.66
1621825444004000,0,11860.00000000,0.66
1621825444089000,0,6000.00000000,0.66
1621825451751000,1,6500.00000000,0.66
1621825456370000,0,60.00000000,0.66
1621825468872000,0,3360.00000000,0.66
1621825477094000,1,9363.51508000,0.66
1621825484227000,0,2500.00000000,0.66
1621825502537000,0,121.00000000,0.66
1621825505044000,1,9363.34153000,0.66
1621825505359000,0,673.39192847,0.66
1621825508054000,1,3495.87682410,0.66
1621825510745000,1,1129.30000000,0.66
1621825511116000,1,1791.05569095,0.66
1621825525957000,0,292.22700000,0.66
1621825527457000,0,348.53600000,0.66
1621825528763000,0,360.89600000,0.66
1621825530309000,0,362.37260000,0.66
1621825532079000,0,127.64100000,0.66
1621825532165000,0,153.68864826,0.66
1621825532301000,0,281.32960000,0.66
1621825532370000,0,71.84141135,0.66
1621825532410000,0,295.48919410,0.66
1621825534795000,0,331.51546000,0.66
1621825535198000,0,276.10876000,0.66
1621825544637000,1,12477.68445000,0.66
1621825573172000,1,484.73292271,0.66
1621825586344000,0,401.58598000,0.66
1621825605298000,0,168.29485600,0.66
1621825607890000,1,872.25946271,0.66
1621825613740000,0,13037.71899285,0.66
1621825618339000,0,109.76156100,0.66
1621825625457000,0,75.37044600,0.66
1621825629415000,0,420.00000000,0.66
1621825629945000,0,11919.08742861,0.66
1621825629970000,0,799.26566108,0.66
1621825629988000,0,5000.00000000,0.66
1621825666981000,1,760.34124756,0.66
1621825693481000,0,482.50764500,0.66
1621825704268000,0,302.66432000,0.66
1621825704562000,0,0.00000948,0.66
1621825707229000,0,2443.92999111,0.66
1621825707344000,0,916.07000888,0.66
1621825707358000,0,0.00000001,0.66
1621825714745000,0,300.87420114,0.66
1621825714745000,0,311.96351812,0.66
1621825717455000,0,3360.00000000,0.66
1621825719315000,1,18485.86592664,0.66
1621825719346000,1,215.98827336,0.66
1621825719346000,1,1009.49415000,0.66
1621825719379000,1,215.98800000,0.66
1621825719393000,1,1225.48242336,0.66
1621825719865000,1,1918.52957664,0.66
1621825721296000,0,3360.00000000,0.66
1621825721296000,0,670.51500000,0.66
1621825722113000,0,8705.46050032,0.66
1621825725652000,1,6499.99999999,0.66
1621825725660000,0,302.66430000,0.66
1621825733387000,0,353.85737000,0.66
1621825742200000,1,1500.00000000,0.66
1621825742201000,1,14567.09842650,0.66
1621825742201000,1,5384.17906559,0.66
1621825742676000,1,407.00000000,0.66
1621825747197000,0,39.27868600,0.66
1621825750389000,0,3563.59887000,0.66
1621825797416000,1,3563.59887000,0.66
1621825806320000,0,391.68430000,0.66
1621825807846000,0,0.00000582,0.66
1621825812077000,1,7000.00000000,0.66
1621825812149000,1,2366.96799436,0.66
1621825812233000,1,2000.00000000,0.66
1621825812349000,1,2500.00000000,0.66
1621825820568000,1,7407.45125934,0.66
1621825820997000,0,8500.00000000,0.66
1621825829371000,0,335.32465322,0.66
1621825829371000,0,839.99943453,0.66
1621825830270000,1,3360.00000000,0.66
1621825856787000,0,6789.09630000,0.66
1621825857335000,0,407.07112511,0.66
1621825864798000,1,157.50000000,0.66
1621825925338000,0,410.99999999,0.66
1621825925343000,0,0.00000001,0.66
1621825929630000,0,71.41162100,0.66
1621825942402000,0,3360.00000000,0.66
1621825942402000,0,6912.91469500,0.66
1621825986963000,0,406.00000000,0.66
1621825988962000,0,388.99999999,0.66
1621825989063000,0,0.00000001,0.66
1621826000840000,0,70.68810000,0.66
1621826001799000,0,0.00008642,0.66
1621826008517000,0,47.32356000,0.66
1621826013445000,0,3360.00000000,0.66
1621826013788000,0,396.45711000,0.66
1621826018946000,0,3360.00000000,0.66
1621826024504000,1,8000.00000000,0.66
1621826050082000,0,382.86705726,0.66
1621826050202000,1,913.31200000,0.66
1621826050267000,1,8703.82094274,0.66
1621826063705000,1,6836.41986000,0.66
1621826074157000,1,3360.00000000,0.66
1621826077152000,1,3000.00000000,0.66
1621826101222000,0,3360.00000000,0.66
1621826101261000,1,1613.07112510,0.66
1621826101419000,1,21447.86310000,0.66
1621826122296000,1,9345.88567000,0.66
1621826127990000,1,0.00000249,0.66
1621826127990000,1,12461.18088751,0.66
1621826136744000,1,4540.91020000,0.66
1621826200648000,0,1513.38119510,0.66
1621826258055000,0,377.82044700,0.66
1621826277108000,1,47.32356000,0.65
1621826299816000,0,35.44141300,0.66
1621826303470000,0,7062.61294447,0.66
1621826323445000,0,664.37531000,0.66
1621826340223000,0,2899.18097057,0.66
1621826343588000,0,4259.80482749,0.66
1621826358578000,1,346.60479000,0.66
1621826367526000,0,10293.91240000,0.66
1621826377626000,0,399.00000000,0.67
1621826377626000,0,4633.17736866,0.67
1621826377626000,0,6182.09738687,0.67
1621826377626000,0,414.00000000,0.67
1621826377626000,0,4041.00000000,0.67
1621826377626000,0,12831.06000000,0.67
1621826377626000,0,27553.72000000,0.67
1621826377626000,0,6172.91065188,0.67
1621826377626000,0,3545.00000000,0.67
1621826377626000,0,8905.81122211,0.67
1621826382145000,0,4638.97500000,0.67
1621826389400000,0,1288.99995000,0.66
1621826389605000,0,0.00000478,0.66
1621826391968000,0,3714.26863000,0.66
1621826393551000,0,0.00000902,0.66
1621826402813000,0,3706.86794000,0.67
1621826406279000,1,285.33089000,0.67
1621826413789000,0,820.83148100,0.67
1621826417147000,0,10627.88676000,0.67
1621826417247000,0,9000.00000000,0.67
1621826418371000,1,285.33089000,0.66
1621826424162000,0,1273.59657645,0.67
1621826424185000,0,708.23349710,0.67
1621826424192000,0,2960.10644342,0.67
1621826424799000,1,355.76468310,0.67
1621826430776000,1,3360.00000000,0.67
1621826438700000,1,285.86040000,0.67
1621826439388000,1,5795.00000000,0.67
1621826442467000,0,19893.79522523,0.67
1621826442818000,0,11995.81017476,0.67
1621826442871000,0,0.00000001,0.67
1621826445539000,1,749.73815917,0.67
1621826445539000,1,2210.36828425,0.67
1621826445608000,1,515.87607495,0.67
1621826446855000,1,434.59434642,0.67
1621826449029000,1,254.36083287,0.66
1621826449029000,1,31.49960713,0.66
1621826449098000,0,2469.87495198,0.67
1621826449098000,0,1198.46494802,0.67
1621826450212000,0,2469.87495198,0.67
1621826450212000,0,1272.48631372,0.67
1621826454995000,0,1853.00029499,0.67
1621826454995000,0,2146.99970501,0.67
1621826455088000,0,324.16019077,0.67
1621826455088000,0,10175.83980923,0.67
1621826455167000,0,500.00000000,0.67
1621826465043000,1,131.00000000,0.67
1621826465253000,0,543.49918000,0.67
1621826469577000,1,1351.56903010,0.67
1621826469607000,1,2008.43096990,0.67
1621826475891000,1,4000.00000000,0.67
1621826476132000,1,1351.56903010,0.66
1621826476356000,1,2008.43096989,0.66
1621826476411000,1,0.00000001,0.66
1621826481746000,1,285.86044244,0.66
1621826481746000,1,402.99999999,0.66
1621826481820000,1,0.00000001,0.66
1621826501702000,1,4515.36222069,0.66
1621826506326000,0,929.76930000,0.66
1621826506672000,0,0.00004987,0.66
1621826510575000,1,2568.26528000,0.66
1621826510695000,1,0.00000799,0.66
1621826516672000,1,3360.00000000,0.66
1621826518971000,0,1356.63045843,0.66
1621826534103000,0,932.61816042,0.66
1621826534103000,0,1243.83200741,0.66
1621826542965000,0,930.75069000,0.66
1621826552153000,0,1000.00000000,0.66
1621826557729000,1,9160.00000000,0.66
1621826560010000,0,930.08046467,0.66
1621826562764000,0,60.45000000,0.66
1621826568796000,0,108.64148500,0.66
1621826590754000,0,927.34014000,0.66
1621826598186000,1,542.34751673,0.66
1621826598216000,1,897.13238023,0.66
1621826599074000,1,3360.00000000,0.66
1621826601166000,1,2500.00000000,0.66
1621826601260000,1,860.00000000,0.66
1621826612366000,0,10240.17301156,0.66
1621826612366000,0,3359.99999999,0.66
1621826614217000,0,0.00000001,0.66
1621826614265000,0,0.00000822,0.66
1621826614707000,0,11039.99999999,0.67
1621826614765000,0,0.00000001,0.67
1621826614860000,0,409.99999999,0.67
1621826615422000,0,0.00000001,0.67
1621826615422000,0,4499.68822887,0.67
1621826615472000,0,4180.31177113,0.67
1621826615472000,0,418.00000000,0.67
1621826615646000,1,860.00000000,0.67
1621826615782000,1,3360.00000000,0.67
1621826617459000,1,3360.00000000,0.67
1621826624466000,0,108.57284100,0.67
1621826631371000,0,924.76641000,0.67
1621826637346000,1,408.00000000,0.66
1621826651820000,1,3360.00000000,0.66
1621826652867000,0,3360.00000000,0.67
1621826671356000,0,1129.30000000,0.66
1621826673726000,1,2008.43096990,0.66
1621826675291000,0,146.00000000,0.66
1621826675442000,1,386.00000000,0.66
1621826676487000,0,1237.51430000,0.66
1621826676665000,1,412.00000000,0.66
1621826676950000,1,13228.62860000,0.66
1621826678610000,1,13440.00000000,0.66
1621826678623000,1,1129.30000000,0.66
1621826678782000,1,2876.00580000,0.66
1621826682462000,1,3360.00000000,0.66
1621826682462000,1,387.00000000,0.66
1621826684058000,0,723.27307000,0.66
1621826684217000,0,206.82563614,0.66
1621826684217000,0,205.65100386,0.66
1621826684538000,0,1034.91099359,0.66
1621826684538000,0,204.27516641,0.66
1621826686802000,1,2173.59176000,0.66
1621826689856000,0,930.09870000,0.66
1621826692014000,0,0.00000614,0.66
1621826692014000,0,930.09869386,0.66
1621826692253000,0,0.00001228,0.66
1621826692253000,0,1240.56188772,0.66
1621826692319000,0,0.00010973,0.66
1621826695654000,0,929.87571000,0.66
1621826696811000,0,0.00000999,0.66
1621826696811000,0,387.58432001,0.66
1621826700996000,0,929.70349000,0.66
1621826701007000,0,0.00000451,0.66
1621826701324000,0,1239.83429000,0.66
1621826701769000,0,0.00000331,0.66
1621826701769000,0,1176.80796137,0.66
1621826703427000,0,928.53497436,0.66
1621826726448000,1,324.26104021,0.66
1621826739217000,0,414.99999999,0.66
1621826739226000,0,0.00000001,0.66
1621826740045000,0,376.00000000,0.67
1621826768420000,1,14844.60191750,0.66
1621826776359000,1,32.32000000,0.66
1621826789153000,0,8393.88997912,0.66
1621826789207000,0,13416.00009565,0.66
1621826789250000,0,4415.88960000,0.66
1621826789285000,0,3561.08786279,0.66
1621826789346000,0,663.99525555,0.66
1621826789355000,0,845.02680689,0.66
1621826795923000,1,6500.00000000,0.66
1621826798847000,1,3360.00000000,0.66
1621826801259000,0,929.79950000,0.66
1621826823960000,0,930.76100000,0.66
1621826829612000,0,2000.00000000,0.66
1621826844533000,0,198.53900000,0.66
1621826858456000,1,6067.93539000,0.66
1621826858782000,1,1225.95470000,0.66
1621826858847000,1,2386.10991000,0.66
1621826860007000,1,3360.00000000,0.66
1621826861073000,0,60.00000000,0.66
1621826861377000,0,3300.00000000,0.66
1621826861506000,0,384.00000000,0.66
1621826887638000,0,367.40805000,0.66
1621826889397000,0,930.03906000,0.66
1621826890471000,0,0.00001208,0.66
1621826890644000,0,296.10050000,0.66
1621826892446000,0,393.00000000,0.66
1621826892607000,0,131.00000000,0.66
1621826918641000,1,5000.00000000,0.66
1621826918723000,1,8880.00000000,0.66
1621826935469000,1,4092.29680000,0.66
1621827045088000,1,3360.00000000,0.66
1621827104998000,1,1824.92401215,0.66
1621827121856000,0,308.71943000,0.66
1621827136709000,0,535.09448083,0.66
1621827136735000,0,614.07446043,0.66
1621827136752000,0,415.24418358,0.66
1621827137299000,0,5033.93251885,0.66
1621827137404000,0,163.64922386,0.66
1621827137522000,0,1400.76390098,0.66
1621827137532000,0,163.64922386,0.66
1621827142495000,1,3191.34198084,0.66
1621827142542000,1,515.85997476,0.66
1621827148971000,0,405.14980470,0.66
1621827149259000,0,388.87785427,0.66
1621827149860000,1,3360.00000000,0.66
1621827149860000,1,3359.99999999,0.66
1621827150277000,1,0.00000001,0.66
1621827175131000,0,1225.04078647,0.66
1621827175133000,0,5494.95921352,0.66
1621827191619000,0,3360.00000000,0.66
1621827202326000,0,240.13843911,0.66
1621827202403000,0,159.86156089,0.66
1621827207339000,0,754.64139610,0.66
1621827211383000,1,19881.53231260,0.66
1621827211592000,1,5965.35860000,0.66
1621827211651000,1,7942.49650899,0.66
1621827211651000,1,11938.43823821,0.66
1621827211692000,1,941.68260373,0.66
1621827211790000,1,870.93384285,0.66
1621827212055000,1,10739.35228361,0.66
1621827219235000,0,300.00000000,0.66
1621827221632000,1,1328.12096403,0.66
1621827225023000,0,10518.21252000,0.66
1621827236326000,0,301.00000000,0.66
1621827256225000,1,3843.48489429,0.66
1621827256233000,1,0.00000001,0.66
1621827270726000,0,125.00000000,0.66
1621827289593000,0,215.51082941,0.66
1621827308271000,1,85.99400000,0.66
1621827311118000,0,78.19954700,0.66
1621827324849000,0,759.15157200,0.66
1621827333438000,0,5170.68635950,0.66
1621827337967000,0,8000.00000000,0.66
1621827371045000,1,3360.00000000,0.66
1621827377454000,0,151.05396484,0.66
1621827382569000,1,313.83572997,0.66
1621827468824000,1,321.24612000,0.66
1621827486150000,0,1000.26102000,0.66
1621827492995000,0,212.50799630,0.66
1621827496149000,1,8462.16851143,0.66
1621827496398000,1,7466.12399595,0.66
1621827496460000,1,138.80591912,0.66
1621827497463000,0,12500.00000000,0.66
1621827501925000,1,421.04930219,0.66
1621827508114000,1,2364.30000000,0.66
1621827508114000,1,1666.21500000,0.66
1621827510790000,0,3360.00000000,0.66
1621827512136000,1,2731.63536861,0.66
1621827512301000,1,1129.30000000,0.66
1621827512453000,1,4041.50890000,0.66
1621827513354000,1,2364.30000000,0.66
1621827517824000,1,2636.84310863,0.66
1621827517962000,1,2364.30000000,0.66
1621827519233000,1,387.00000000,0.66
1621827521701000,1,517.65833561,0.66
1621827521727000,1,511.10389133,0.66
1621827521778000,1,595.15811218,0.66
1621827521800000,1,679.21233304,0.66
1621827521864000,1,1056.86732784,0.66
1621827531477000,0,75.00000000,0.66
1621827549109000,0,109.66498700,0.66
1621827554154000,0,15957.43343950,0.66
1621827572698000,1,370.92227000,0.66
1621827584953000,1,303.20978000,0.66
1621827592403000,0,3360.00000000,0.66
1621827602353000,0,2750.29176110,0.66
1621827616905000,0,2513.59828000,0.66
1621827616978000,0,846.40172000,0.66
1621827617042000,0,1432.13884415,0.66
1621827617060000,0,1927.86115585,0.66
1621827623618000,0,19925.55330905,0.66
1621827623760000,0,12236.33989095,0.66
1621827623760000,0,690.77167056,0.66
1621827623760000,0,336.19067057,0.66
1621827623920000,0,690.77167055,0.66
1621827623946000,0,0.00000001,0.66
1621827628930000,0,336.19067057,0.66
1621827629571000,0,360.13840000,0.66
1621827629959000,0,0.00000370,0.66
1621827632228000,0,341.07756000,0.66
1621827633278000,0,1125.25783955,0.66
1621827633344000,0,0.00000001,0.66
1621827634718000,0,411.00000000,0.66
1621827636874000,0,723.38003972,0.66
1621827641906000,0,358.67825299,0.66
1621827643578000,0,393.58418986,0.66
1621827644751000,0,396.10300000,0.66
1621827645363000,1,3360.00000000,0.66
1621827646212000,0,301.41200000,0.66
1621827720636000,0,377.54403200,0.66
1621827739916000,1,2827.47928000,0.66
1621827744109000,0,3718.67825299,0.66
1621827745333000,0,235.10747315,0.66
1621827751534000,1,391.43520000,0.66
1621827776759000,1,404.65858460,0.66
1621827776759000,1,107.22307542,0.66
1621827792930000,1,395.06024000,0.66
1621827823922000,0,116.00000000,0.66
1621827846042000,1,364.96240507,0.66
1621827848300000,0,14567.81719000,0.66
1621827848649000,1,375.81683000,0.66
1621827850045000,1,326.00000000,0.66
1621827850060000,1,0.84467459,0.66
1621827851232000,1,377.08188000,0.66
1621827853231000,1,305.38182632,0.66
1621827854848000,0,383.42076846,0.66
1621827854881000,1,395.93242000,0.66
1621827856110000,1,382.20631000,0.66
1621827860203000,1,400.99999999,0.66
1621827860290000,1,0.00000001,0.66
1621827918894000,0,3360.00000000,0.66
1621827919961000,0,322.87884000,0.66
1621827920686000,0,348.81737157,0.66
1621827921094000,0,0.00000001,0.66
1621827921703000,1,2971.97117568,0.66
1621827921713000,1,2349.12100000,0.66
1621827930362000,1,2845.61491000,0.66
1621827930537000,1,396.00009549,0.66
1621827930631000,1,3360.00000000,0.66
1621827944998000,0,362.03519162,0.66
1621827945141000,0,2997.96480000,0.66
1621827945186000,0,0.00000654,0.66
1621827954573000,1,7500.00000000,0.66
1621827974147000,1,4500.00000000,0.66
1621827999356000,0,1187.92942841,0.66
1621827999382000,0,2819.14107832,0.66
1621828002441000,1,1108.51500000,0.66
1621828002446000,1,3500.00000000,0.66
1621828005346000,1,3153.41284942,0.66
1621828005346000,1,9369.10465058,0.66
1621828005477000,1,9500.00000000,0.66
1621828007399000,0,49.00000000,0.66
1621828009480000,1,9395.35550000,0.66
1621828009672000,1,0.00000112,0.66
1621828015145000,1,1227.00000000,0.65
1621828015234000,1,500.00000000,0.65
1621828047518000,0,4715.50897000,0.65
1621828052570000,0,151.80078400,0.65
1621828089499000,1,2158.67618592,0.65
1621828128162000,0,833.70020000,0.65
1621828130794000,1,2605.83278408,0.65
1621828130794000,1,6823.57951592,0.65
1621828134113000,1,12578.93860657,0.65
1621828151236000,0,2307.72851600,0.65
1621828152075000,1,9420.10420000,0.65
1621828152875000,0,3360.00000000,0.65
1621828194138000,1,847.45206920,0.65
1621828194139000,1,3084.38942632,0.65
1621828198743000,0,3052.60245406,0.65
1621828206444000,0,33.47230079,0.65
1621828224750000,1,500.00000000,0.65
1621828224839000,1,6000.00000000,0.65
1621828248716000,0,16067.09842650,0.65
1621828248716000,0,3845.06176781,0.65
1621828250710000,0,8197.70769000,0.66
1621828250742000,0,0.00000230,0.66
1621828255337000,0,3345.91904000,0.66
1621828261017000,1,10542.81520000,0.66
1621828288729000,0,19899.21147299,0.65
1621828288751000,0,1041.60247424,0.65
1621828288760000,0,673.50338004,0.65
1621828288773000,0,659.88349369,0.65
1621828288827000,0,738.87883452,0.65
1621828288829000,0,790.63440265,0.65
1621828288851000,0,638.09167553,0.65
1621828288867000,0,6920.58271988,0.65
1621828288933000,0,8.57854646,0.65
1621828296764000,0,76.13451675,0.66
1621828298464000,0,186.75725000,0.66
1621828351534000,0,287.46900000,0.65
1621828354311000,0,0.00001426,0.65
1621828426216000,1,9404.11106310,0.65
1621828440582000,0,11000.00000000,0.66
1621828549290000,0,20773.65190000,0.66
1621828551874000,1,9350.68717882,0.66
1621828552051000,1,10836.41552695,0.66
1621828558721000,0,28810.36720000,0.66
1621828563023000,1,500.00000000,0.66
1621828563100000,1,9358.99905852,0.66
1621828563542000,1,500.00000000,0.66
1621828572724000,1,9365.11534000,0.66
1621828583984000,1,635.37565067,0.66
1621828585277000,1,3310.40797367,0.66
1621828585417000,1,0.00000001,0.66
1621828594283000,0,130.11478157,0.66
1621828602762000,0,1030.18163600,0.66
1621828605036000,1,286.54781000,0.66
1621828607346000,1,7848.33685000,0.66
1621828607713000,1,1431.17414554,0.66
1621828607845000,1,2983.46550000,0.66
1621828608907000,1,0.00007648,0.66
1621828629104000,1,1227.00000000,0.65
1621828644477000,0,9235.00055843,0.65
1621828657979000,0,121.00000000,0.65
1621828676347000,1,9432.92832453,0.65
1621828689270000,1,1522.30408522,0.65
1621828715747000,1,606.47872760,0.65
1621828717684000,0,67.00000000,0.65
1621828717854000,0,6435.18270000,0.65
1621828727641000,1,9417.81540000,0.65
1621828737860000,1,6042.80429890,0.65
1621828741201000,0,166.94419300,0.65
1621828833144000,0,660.45329553,0.66
1621828835324000,0,3057.39015108,0.66
1621828837688000,0,75.46871300,0.66
1621828853521000,1,1951.70656792,0.66
1621828854074000,0,493.08923613,0.66
1621828856165000,0,3030.30207162,0.66
1621828868708000,1,279.53457000,0.66
1621828876050000,0,151.55652953,0.66
1621828890062000,0,11279.53457000,0.66
1621828890113000,0,869.78324682,0.66
1621828901850000,0,13440.00000000,0.66
1621828901973000,0,7221.08660000,0.66
1621828902906000,0,5000.00000000,0.66
1621828903866000,1,3000.00000000,0.66
1621828910650000,1,4500.00000000,0.66
1621828910743000,1,1497.46798609,0.66
1621828910827000,1,3221.08660000,0.66
1621828910904000,1,3224.89293586,0.66
1621828912181000,1,4775.10707000,0.66
1621828926619000,0,8000.00000000,0.66
1621828936694000,1,259.21704000,0.66
1621828943134000,0,368.78334500,0.66
1621828956740000,1,279.80575000,0.66
1621828973921000,0,300.24030900,0.66
1621828983223000,1,3360.00000000,0.66
1621828996625000,1,338.60227000,0.66
1621829019506000,0,2995.47133700,0.66
1621829024167000,1,702.05952036,0.66
1621829024193000,1,447.66656284,0.66
1621829024215000,1,1275.53769062,0.66
1621829028610000,1,303.84623853,0.66
1621829028618000,1,0.00000001,0.66
1621829045916000,1,2712.40850000,0.66
1621829070579000,1,3544.99999999,0.66
1621829103648000,0,3360.00000000,0.66
1621829134930000,0,312.84797975,0.66
1621829134930000,0,343.55680670,0.66
1621829154944000,1,3360.00000000,0.66
1621829158725000,1,9336.59697000,0.66
1621829164562000,0,3360.00000000,0.66
1621829183001000,1,9337.85606000,0.66
1621829199801000,0,5976.59697000,0.66
1621829207983000,1,12450.78054000,0.66
1621829209948000,1,280.61722000,0.66
1621829212032000,0,75.37635400,0.66
1621829219508000,1,12833.12112000,0.66
1621829219574000,1,557.75978730,0.66
1621829220400000,1,569.11909000,0.66
1621829254808000,1,734.07647809,0.65
1621829255040000,1,12532.66069519,0.65
1621829255040000,1,1227.00000000,0.65
1621829255040000,1,3545.00000000,0.65
1621829255040000,1,11933.00000000,0.65
1621829255040000,1,10017.42253929,0.65
1621829255040000,1,27593.65000000,0.65
1621829255040000,1,391.00000000,0.65
1621829255040000,1,377.00000000,0.65
1621829255040000,1,2794.86752226,0.65
1621829255040000,1,0.00000001,0.65
1621829255040000,1,3691.69424050,0.65
1621829255040000,1,575.26306739,0.65
1621829263082000,1,12536.06480839,0.65
1621829263082000,1,3360.00000000,0.65
1621829263082000,1,208.18430251,0.65
1621829265386000,0,1677.20120600,0.66
1621829266135000,0,344.63300000,0.66
1621829266174000,0,0.00045967,0.66
1621829266776000,1,1544.89233941,0.65
1621829266826000,1,1432.05464171,0.65
1621829272959000,1,612.89969666,0.66
1621829273243000,1,344.63300000,0.66
1621829283205000,0,15002.79691000,0.66
1621829286004000,1,8439.73199934,0.66
1621829331228000,1,8500.00000000,0.65
1621829331440000,1,901.41496000,0.65
1621829336459000,1,0.00000575,0.65
1621829336518000,1,3532.26331000,0.65
1621829344452000,1,14368.58960426,0.65
1621829364704000,1,154.39864600,0.65
1621829365571000,1,1698.50881508,0.65
1621829366768000,1,39.38200000,0.65
1621829381253000,1,9443.53510000,0.65
1621829427215000,0,13440.00000000,0.65
1621829427336000,0,3141.32882352,0.65
1621829427915000,1,3360.00000000,0.65
1621829427915000,1,1548.99700772,0.65
1621829443585000,1,487.67498163,0.65
1621829443611000,1,442.67064327,0.65
1621829449357000,1,2954.00000000,0.65
1621829457450000,0,2627.09842000,0.65
1621829480814000,1,2676.09542000,0.65
1621829487550000,0,2676.09542000,0.65
1621829509517000,1,1525.81060581,0.65
1621829512438000,0,613.72527363,0.65
1621829554042000,1,16067.09842000,0.65
1621829564923000,1,12580.19819000,0.65
1621829564938000,1,0.00000586,0.65
1621829586494000,0,3360.00000000,0.65
1621829592136000,0,72.30178981,0.65
1621829592840000,0,1049.30350569,0.65
1621829595754000,0,1525.62433093,0.65
1621829607851000,0,379.60641000,0.65
1621829650223000,0,204.33416600,0.65
1621829656945000,0,3360.00000000,0.65
1621829660345000,0,1000.00000000,0.65
1621829680681000,1,1784.66933771,0.66
1621829680686000,1,433.52184548,0.66
1621829680887000,1,980.32202247,0.65
1621829691660000,0,1129.30000000,0.66
1621829697531000,0,3360.00000000,0.66
1621829697531000,0,3360.00000000,0.66
1621829703066000,0,342.12982000,0.66
1621829709211000,1,9373.21470000,0.66
1621829709217000,1,0.00007904,0.66
1621829709298000,1,2442.66870000,0.66
1621829716595000,0,157.50000000,0.65
1621829738549000,1,1129.30000000,0.65
1621829740929000,0,38.00000000,0.65
1621829741907000,1,859.55944679,0.65
1621829820045000,0,112.60294100,0.65
1621829894798000,0,135.78573728,0.65
1621829906546000,0,4841.97295000,0.65
1621829917822000,1,390.27615000,0.65
1621829918074000,1,4109.72385000,0.65
1621829927012000,0,464.62389399,0.65
1621829949000000,0,1394.46718838,0.65
1621830065004000,1,10560.00000000,0.66
1621830065004000,1,4005.58941476,0.65
1621830065004000,1,12516.42770000,0.65
1621830065004000,1,4406.42570796,0.65
1621830065027000,1,5941.67238538,0.65
1621830065027000,1,12959.22816129,0.65
1621830065027000,1,347.12183871,0.65
1621830065027000,1,9104.60646362,0.65
1621830065037000,1,12603.55663576,0.65
1621830067473000,0,3360.00000000,0.66
1621830068453000,0,3360.00000000,0.66
1621830068968000,0,3360.00000000,0.66
1621830068968000,0,16067.09842650,0.66
1621830068968000,0,19774.88360000,0.66
1621830068968000,0,16214.14000000,0.66
1621830069897000,1,6877.50000000,0.66
1621830070039000,0,12516.67680300,0.66
1621830070048000,0,12513.35660238,0.66
1621830076824000,1,3679.41096626,0.66
1621830112558000,0,664.56176300,0.65
1621830132484000,1,3685.00000000,0.65
1621830166151000,1,5504.00000000,0.65
1621830167983000,1,2316.74525856,0.65
1621830210948000,1,2000.00000000,0.65
1621830271442000,0,13440.00000000,0.65
1621830275080000,0,2516.42475300,0.65
1621830290229000,0,160.64010800,0.65
1621830345788000,0,2626.50000000,0.65
1621830345788000,0,2873.50000000,0.65
1621830345854000,0,1129.30000000,0.65
1621830345878000,0,5361.14300000,0.65
1621830346053000,0,1497.20000000,0.65
1621830346604000,0,0.00000990,0.65
1621830355401000,0,115.95735810,0.65
1621830370841000,0,9444.34742280,0.65
1621830373220000,1,138.65490300,0.65
1621830378729000,1,337.06438000,0.65
1621830385271000,0,152.60676752,0.65
1621830388010000,0,973.31990000,0.65
1621830389722000,1,3360.00000000,0.65
1621830390064000,1,9421.52591000,0.65
1621830390073000,1,0.00000890,0.65
1621830390149000,1,12560.17731000,0.65
1621830395336000,1,316.17500000,0.65
1621830397334000,1,336.49900000,0.65
1621830399068000,1,373.15900000,0.65
1621830400224000,1,103.46700000,0.65
1621830400276000,1,246.89158652,0.65
1621830401342000,1,360.75246000,0.65
1621830402878000,1,294.96802000,0.65
1621830404217000,0,303.35821782,0.65
1621830405430000,0,321.66160797,0.65
1621830405594000,0,350.07256312,0.65
1621830406036000,0,360.25891330,0.65
1621830406367000,0,372.36076914,0.65
1621830408930000,0,653.59901459,0.65
1621830414116000,1,374.65708000,0.65
1621830419761000,0,45.66454900,0.65
1621830427169000,0,356.73962000,0.65
1621830431537000,0,74.00000000,0.65
1621830460224000,1,1500.00000000,0.65
1621830474113000,1,498.88352497,0.65
1621830478745000,0,292.57919609,0.65
1621830478745000,0,1228.61597791,0.65
1621830488666000,1,170.69679619,0.65
1621830488743000,0,297.55801000,0.65
1621830542408000,0,168.62500000,0.65
1621830547669000,0,1267.12977192,0.65
1621830560872000,1,12576.65990000,0.65
1621830578486000,1,645.46342363,0.65
1621830579126000,1,8790.55539000,0.65
1621830583823000,0,9218.55553171,0.65
1621830594253000,0,346.71662000,0.65
1621830602960000,0,344.50611000,0.65
1621830604482000,0,397.33553300,0.65
1621830604482000,0,103.69688100,0.65
1621830625100000,0,61.00000000,0.65
1621830639498000,0,8598.38135000,0.65
1621830662358000,0,7500.00000000,0.65
1621830664279000,0,50.27146592,0.65
1621830665537000,0,19782.09550000,0.65
1621830665666000,0,2405.79944412,0.65
1621830669050000,1,9406.51433000,0.65
1621830671829000,1,342.29704000,0.65
1621830688240000,1,309.49017000,0.66
1621830688285000,0,339.00633135,0.66
1621830688285000,0,136.97963565,0.66
1621830696721000,0,635.32479724,0.66
1621830696729000,0,12500.00000000,0.66
1621830699852000,0,19718.67790000,0.66
1621830701237000,1,9387.38823000,0.66
1621830702624000,1,0.00000323,0.66
1621830702968000,0,594.31392837,0.66
1621830708303000,1,5055.08363000,0.66
1621830708392000,1,7464.06922000,0.66
1621830713909000,0,747.89549826,0.66
1621830719662000,0,181.00000000,0.66
1621830720826000,0,302.28373944,0.66
1621830720826000,0,839.12978656,0.66
1621830735014000,1,3685.22423914,0.66
1621830736811000,1,0.00000667,0.66
1621830736824000,1,1220.60130719,0.66
1621830736926000,1,1416.81007957,0.66
1621830737067000,1,8697.49604000,0.66
1621830737099000,1,1154.64192460,0.66
1621830737164000,1,479.84917990,0.66
1621830737239000,1,72.39202640,0.66
1621830737357000,1,718.20944234,0.66
1621830743518000,1,12338.43474196,0.65
1621830745352000,1,0.00000733,0.65
1621830758111000,0,16067.09842650,0.65
1621830769523000,1,4500.00000000,0.65
1621830769617000,1,6500.00000000,0.65
1621830775772000,0,285.96968000,0.65
1621830784422000,1,78.89851301,0.65
1621830786946000,1,500.00000000,0.65
1621830816411000,1,10000.00000000,0.65
1621830837501000,0,147.21235700,0.65
1621830855542000,0,104.00000000,0.65
1621830872454000,1,100.00000000,0.65
1621830902135000,0,363.95545000,0.66
1621830923632000,1,1785.96968000,0.66
1621830956267000,0,720.40599900,0.66
1621830958198000,0,9397.18151000,0.66
1621830965310000,1,5500.00000000,0.66
1621830965489000,1,3886.79736000,0.66
1621830969024000,1,54.80228500,0.66
1621830972438000,1,0.00000692,0.66
1621830973189000,1,999.72267701,0.66
1621830973647000,1,716.33193450,0.66
1621830973684000,1,284.08337046,0.66
1621830973718000,1,5198.41984502,0.66
1621830973755000,1,430.61549339,0.66
1621830973788000,1,657.14781456,0.66
1621830973850000,1,625.91449050,0.66
1621830974128000,1,2057.89071012,0.66
1621830974156000,1,549.87366444,0.66
1621830989391000,0,1186.16796100,0.65
1621830989519000,1,109.07504300,0.65
1621830992804000,0,720.37241300,0.65
1621831061103000,0,11920.00000000,0.65
1621831072713000,0,304.00000000,0.65
1621831104384000,0,75.87268956,0.66
1621831105303000,0,3284.12731044,0.66
1621831105303000,0,6715.87268956,0.66
1621831134267000,0,3360.00000000,0.65
1621831152036000,1,3000.00000000,0.65
1621831162918000,1,9040.00000000,0.65
1621831162921000,1,280.00000000,0.65
1621831163777000,1,9040.00000000,0.65
1621831163839000,0,4104.79343381,0.65
1621831176664000,0,762.46244900,0.65
1621831181012000,0,274.49001900,0.65
1621831215243000,1,6067.09841958,0.65
1621831215249000,1,716.33193450,0.65
1621831215353000,1,1436.13887668,0.65
1621831215353000,1,10000.00000000,0.65
1621831215353000,1,2003.86112332,0.65
1621831215546000,1,2059.03133538,0.65
1621831215782000,1,15881.39129205,0.65
1621831215782000,1,34.96524039,0.65
1621831215838000,1,1394.46718838,0.65
1621831224923000,1,70.68818000,0.65
1621831231373000,1,545.71508900,0.65
1621831239940000,1,0.00000642,0.65
1621831250733000,0,5000.00000000,0.65
1621831264296000,1,10719.69597000,0.65
1621831264755000,1,2000.00000000,0.65
1621831281790000,1,103.00000000,0.64
1621831282239000,1,5000.00000000,0.64
1621831282239000,1,4218.55553171,0.64
1621831295145000,1,31.08059618,0.64
1621831295145000,1,31.08059617,0.64
1621831295147000,1,0.00000001,0.64
1621831328376000,1,71.60700000,0.64
1621831328784000,1,0.00003234,0.64
1621831328784000,1,999.99996766,0.64
1621831332395000,1,0.00003234,0.64
1621831348371000,0,16560.28980000,0.64
1621831349488000,0,1129.30000000,0.64
1621831349729000,1,673.39192847,0.64
1621831350563000,1,3360.00000000,0.64
1621831350563000,1,384.00000000,0.64
1621831350563000,1,2686.60807153,0.64
1621831350563000,1,1294.43962417,0.64
1621831379152000,0,438.71870000,0.64
1621831389868000,1,762.46244900,0.64
1621831394981000,1,11115.85734225,0.64
1621831395227000,1,560.28980000,0.64
1621831395517000,1,405.00000000,0.64
1621831395850000,1,402.00000000,0.64
1621831395919000,1,4022.30000000,0.64
1621831398882000,0,7088.01630000,0.64
1621831410901000,0,1111.66810926,0.64
1621831417313000,0,59.08449100,0.64
1621831426728000,1,1020.00000000,0.63
1621831426731000,1,8.18432453,0.63
1621831441244000,1,72.53970000,0.63
1621831441246000,1,0.00004612,0.63
1621831442091000,0,6103.64126537,0.63
1621831442104000,0,4136.35873463,0.63
1621831450131000,0,2918.99009744,0.63
1621831452607000,0,18815.91260000,0.63
1621831452688000,0,9744.21747000,0.63
1621831452914000,0,0.00000254,0.63
1621831466475000,0,18737.55630000,0.63
1621831482147000,1,1190.20917000,0.63
1621831483444000,1,0.00000338,0.63
1621831493377000,0,3506.30507800,0.63
1621831494445000,1,3360.00000000,0.63
1621831498580000,1,6986.91155789,0.63
1621831502224000,1,3359.99999999,0.63
1621831502224000,1,0.00000001,0.63
1621831522928000,0,62.00000000,0.64
1621831532645000,0,5500.00000000,0.64
1621831532661000,0,2766.92765165,0.64
1621831532725000,0,13319.37910000,0.64
1621831532751000,0,1561.27391460,0.64
1621831532753000,0,622.68842982,0.64
1621831532855000,0,2358.30930000,0.64
1621831535344000,0,3092.84371996,0.64
1621831535344000,0,13337.18583230,0.64
1621831545221000,1,7500.00000000,0.64
1621831549094000,0,9687.52980000,0.64
1621831563206000,1,3360.00000000,0.64
1621831565089000,1,3360.00000000,0.64
1621831565089000,1,10560.00000000,0.64
1621831577323000,0,6722.35253373,0.64
1621831586744000,0,1643.73051900,0.64
1621831594845000,1,6640.00000000,0.64
1621831600731000,0,15000.00000000,0.64
1621831613405000,1,9663.91326891,0.64
1621831613405000,1,744.88293109,0.64
1621831633957000,0,20021.46815067,0.64
1621831633960000,0,5973.70974933,0.64
1621831659574000,0,8000.00000000,0.64
1621831659642000,0,6000.00000000,0.64
1621831661674000,0,793.55110943,0.64
1621831661903000,0,538.11042084,0.64
1621831672211000,0,12153.80601930,0.64
1621831672559000,0,2038.35123283,0.64
1621831672676000,0,611.36451650,0.64
1621831675335000,0,15000.00000000,0.64
1621831675373000,0,8223.19605067,0.64
1621831681572000,0,1555.01328100,0.64
1621831688223000,1,9651.44720000,0.64
1621831695956000,0,620.17919800,0.64
1621831718413000,1,12867.35072000,0.64
1621831719397000,1,0.00000043,0.64
1621831744221000,1,3000.00000000,0.64
1621831750709000,1,6500.00000000,0.64
1621831756915000,1,3360.00000000,0.64
1621831765089000,1,13720.00000000,0.64
1621831782900000,0,113.94162400,0.64
1621831784924000,1,12827.81766000,0.64
1621831785298000,1,0.00000113,0.64
1621831785298000,1,3359.99999887,0.64
1621831785774000,0,764.36023612,0.64
1621831789062000,1,7213.38442000,0.64
1621831790537000,0,17149.91290000,0.64
1621831800372000,0,171.99286300,0.64
1621831806109000,0,9648.82323000,0.64
1621831808045000,1,3360.00000000,0.64
1621831821464000,1,716.80396900,0.64
1621831832210000,0,25653.75930000,0.64
1621831832293000,1,1121.11600000,0.64
1621831832360000,1,22000.00000000,0.64
1621831833232000,1,3507.45814507,0.64
1621831833345000,0,1081.80665043,0.64
1621831833352000,0,979.86424242,0.64
1621831833411000,0,23540.11050715,0.64
1621831833516000,0,9627.15547000,0.64
1621831833871000,1,8500.00000000,0.64
1621831833946000,1,16106.00210000,0.64
1621831833981000,1,918.40736206,0.64
1621831839690000,0,9613.88937806,0.64
1621831839690000,0,9840.27238379,0.64
1621831851871000,0,632.45454942,0.64
1621831855654000,0,432.00000000,0.64
1621831877266000,1,48.63372000,0.64
1621831877379000,1,0.00000138,0.64
1621831881703000,0,459.50771302,0.64
1621831914624000,0,859.37871500,0.64
1621831954865000,0,172.05780200,0.64
1621831992572000,1,1035.60290000,0.64
1621831992587000,1,0.00004000,0.64
1621832035507000,0,17103.29920000,0.64
1621832035507000,0,2065.45364500,0.64
1621832045937000,0,9666.76951000,0.64
1621832061397000,0,1883.71216878,0.64
1621832064378000,0,3360.00000000,0.64
1621832064378000,0,6981.08024600,0.64
1621832091715000,1,4990.31270746,0.64
1621832092763000,1,4680.45947000,0.64
1621832108202000,1,5000.00000000,0.64
1621832116309000,1,4000.00000000,0.64
1621832139309000,0,3360.00000000,0.64
1621832139309000,0,44.27996681,0.64
1621832173369000,0,491.23655100,0.64
1621832178530000,1,1187.67556872,0.64
1621832178784000,1,1016.10653321,0.64
1621832178841000,1,1949.98684008,0.64
1621832179333000,1,466.32381944,0.64
1621832180062000,1,592.07017654,0.64
1621832180143000,1,1973.18256820,0.64
1621832180170000,1,527.95865790,0.64
1621832180256000,1,1197.93582846,0.64
1621832180642000,1,500.00000000,0.64
1621832185182000,1,623.00000000,0.64
1621832199614000,1,5150.00000000,0.64
1621832228241000,0,7104.64653605,0.64
1621832228334000,0,532.55893535,0.64
1621832228430000,0,2014.35662000,0.64
1621832238360000,1,157.50000000,0.64
1621832239193000,0,148.42955169,0.64
1621832242057000,1,148.42900000,0.64
1621832242057000,1,19333.60330000,0.64
1621832242057000,1,148.42900000,0.64
1621832242057000,1,3360.00000000,0.64
1621832242057000,1,148.42900000,0.64
1621832242057000,1,148.42900000,0.64
1621832242057000,1,9674.22898770,0.64
1621832242057000,1,12900.29082164,0.64
1621832242057000,1,628.16089066,0.64
1621832272071000,0,9275.80374900,0.64
1621832272762000,0,0.00000542,0.64
1621832289834000,1,3360.00000000,0.64
1621832303455000,0,3653.09089772,0.64
1621832326018000,1,5500.00000000,0.64
1621832326076000,1,3500.00000000,0.64
1621832333701000,0,9646.83400000,0.64
1621832411967000,0,3360.00000000,0.64
1621832423793000,0,9611.03026846,0.64
1621832423942000,0,1994.05767894,0.64
1621832423942000,0,7610.06446893,0.64
1621832423942000,0,1683.19994069,0.64
1621832424110000,0,6238.06916259,0.64
1621832424123000,0,298.30012748,0.64
1621832425218000,0,3360.00000000,0.64
1621832425218000,0,3360.00000000,0.64
1621832425218000,0,20.16272566,0.64
1621832436078000,1,2294.53294000,0.65
1621832440524000,0,3360.00000000,0.65
1621832442740000,0,72.53974000,0.65
1621832443131000,0,0.00000612,0.65
1621832446884000,0,406.53075400,0.65
1621832464511000,0,766.60134600,0.65
1621832469320000,0,5000.00000000,0.65
1621832494249000,0,5490.17051884,0.65
1621832504088000,1,298.30000000,0.65
1621832505040000,1,199.99998000,0.65
1621832506900000,1,0.00000734,0.65
1621832518787000,1,9508.90880000,0.65
1621832519815000,1,0.00001292,0.65
1621832519815000,1,9508.90881292,0.65
1621832519938000,0,114.29761600,0.65
1621832526910000,0,9523.05820000,0.65
1621832526910000,0,0.00001346,0.65
1621832526910000,0,12697.41088654,0.65
1621832533772000,0,3360.00000000,0.65
1621832534046000,0,184.73665600,0.65
1621832535812000,1,9516.90142241,0.65
1621832553111000,0,3360.00000000,0.65
1621832555353000,1,9519.26740000,0.65
1621832567886000,1,8087.02195737,0.65
1621832568079000,1,1309.91492926,0.65
1621832571915000,1,3360.00000000,0.65
1621832571915000,1,2130.17051893,0.65
1621832573924000,1,867.39700245,0.65
1621832575340000,0,3360.00000000,0.65
1621832575340000,0,2032.85389200,0.65
1621832577060000,1,3500.00000000,0.65
1621832579927000,1,3360.00000000,0.65
1621832579927000,1,939.90841813,0.65
1621832582606000,1,1483.35675806,0.65
1621832600655000,0,61.00000000,0.65
1621832602724000,0,3360.00000000,0.65
1621832602731000,1,1436.38105874,0.65
1621832610751000,0,76.83206000,0.65
1621832612142000,1,6000.00000000,0.65
1621832640504000,0,9874.55632585,0.65
1621832640731000,0,592.10317187,0.65
1621832640923000,0,742.81136162,0.65
1621832640953000,0,654.78855586,0.65
1621832640987000,0,1329.42810032,0.65
1621832641052000,0,1235.84461887,0.65
1621832664995000,0,163.82091300,0.65
1621832666793000,0,3360.00000000,0.65
1621832684229000,0,9495.58977594,0.65
1621832729489000,0,3360.00000000,0.65
1621832729489000,0,6597.36008100,0.65
1621832740713000,0,9450.86624000,0.65
1621832746675000,1,14920.00000000,0.65
1621832750047000,0,6080.31040000,0.65
1621832783528000,0,9453.31123000,0.65
