timestamp ms,type,amount,price
1627171289077000,1,3000.00000000,0.5168
1627171398444000,0,1655.34370167,0.5173
1627171423463000,1,4103.17721809,0.5170
1627171501819000,0,1655.34370000,0.5159
1627171517877000,1,1937.42129226,0.5158
1627171527225000,0,1485.65630000,0.5162
1627171580437000,1,335.66811000,0.5160
1627171593742000,1,335.66810000,0.5160
1627171684282000,1,87.02264000,0.5164
1627171781710000,1,283.83930000,0.5175
1627171912495000,1,370.86190000,0.5177
1627171996685000,0,338.88369556,0.5185
1627172213968000,1,42.28379500,0.5186
1627172360170000,1,1928.77422000,0.5181
1627172462607000,1,1927.81489892,0.5182
1627172462607000,1,4820.26060280,0.5182
1627172520253000,0,241.26578388,0.5181
1627172539902000,1,4095.33164983,0.5179
1627172540167000,1,1000.00000000,0.5177
1627172540213000,1,929.88347364,0.5177
1627172540325000,1,630.56310000,0.5176
1627172540333000,1,783.13350000,0.5176
1627172540377000,1,1000.00000000,0.5176
1627172540425000,1,500.00000000,0.5176
1627172540429000,1,1285.04650000,0.5176
1627172540466000,1,55.14330000,0.5176
1627172540498000,1,61.13260000,0.5176
1627172540538000,1,753.17750000,0.5176
1627172540568000,1,131.52790000,0.5176
1627172540611000,1,159.36510000,0.5176
1627172540616000,1,453.30980000,0.5176
1627172540625000,1,66.74830000,0.5176
1627172540715000,1,1347.96720000,0.5176
1627172540733000,1,182.87890000,0.5176
1627172540770000,1,134.59280000,0.5176
1627172540826000,1,1579.52660000,0.5176
1627172540835000,1,447.15350000,0.5176
1627172540842000,1,519.32960000,0.5176
1627172540847000,1,485.54080000,0.5176
1627172540852000,1,4843.86300000,0.5176
1627172601457000,0,3000.00000000,0.5179
1627172710008000,0,182.05130500,0.5177
1627172768753000,1,3000.00000000,0.5169
1627172783644000,1,423.31710000,0.5160
1627172783644000,1,1935.71865491,0.5160
1627172783644000,1,6164.28134508,0.5159
1627172848002000,0,1710.42115675,0.5156
1627172885476000,1,689.07300000,0.5150
1627172916472000,1,1938.01450000,0.5153
1627172916547000,1,0.00004286,0.5153
1627172924006000,1,1940.18035000,0.5151
1627172938997000,1,956.22092321,0.5143
1627173044870000,0,192.31726900,0.5162
1627173071216000,1,2558.12940000,0.5152
1627173071562000,1,2000.00000000,0.5152
1627173139555000,0,763.90360000,0.5143
1627173139555000,0,98.64661001,0.5144
1627173181866000,1,1337.59041246,0.5143
1627173181867000,1,605.15305215,0.5143
1627173183686000,1,396.19808300,0.5139
1627173215620000,1,1944.29970000,0.5137
1627173215643000,1,0.00000213,0.5137
1627173298299000,1,1942.28311496,0.5143
1627173298466000,1,1539.86325000,0.5141
1627173298509000,1,297.55140000,0.5141
1627173298517000,1,104.86846496,0.5141
1627173298748000,1,500.00000000,0.5141
1627173299089000,1,1142.58170000,0.5141
1627173424579000,1,1944.16362000,0.5140
1627173451263000,1,1945.32848000,0.5136
1627173531980000,1,1942.74346000,0.5143
1627173532027000,1,0.00000461,0.5143
1627173532027000,1,4857.12218539,0.5143
1627173544220000,1,2205.77379000,0.5141
1627173586231000,0,56.56000000,0.5137
1627173593351000,0,57.95909000,0.5137
1627173625713000,0,1714.50682876,0.5133
1627173782832000,1,1948.94542000,0.5124
1627173794617000,0,994.72493508,0.5121
1627173848801000,0,96.88513200,0.5121
1627173895016000,0,1051.28490000,0.5122
1627173961100000,1,88.26090000,0.5101
1627174018533000,1,1956.15097629,0.5107
1627174018533000,1,4890.64517390,0.5107
1627174018534000,1,0.00000001,0.5107
1627174018560000,1,2746.83620000,0.5105
1627174018569000,1,556.01310000,0.5105
1627174018572000,1,1374.36530000,0.5105
1627174018573000,1,705.81490000,0.5105
1627174018577000,1,1446.34810000,0.5105
1627174018580000,1,459.39690000,0.5105
1627174018583000,1,1428.07190000,0.5105
1627174018584000,1,376.67020000,0.5105
1627174018878000,1,3624.10720000,0.5105
1627174025849000,1,198.27810000,0.5097
1627174025874000,1,0.00005665,0.5097
1627174026270000,1,1059.90910000,0.5088
1627174026299000,1,78.01230000,0.5087
1627174026335000,1,0.00001150,0.5087
1627174026371000,1,620.00000000,0.5080
1627174026371000,1,1322.94461000,0.5077
1627174027299000,1,4017.33332034,0.5082
1627174106429000,0,4177.56720874,0.5083
1627174135462000,1,1963.35630000,0.5087
1627174159854000,0,132.63221550,0.5093
1627174169385000,1,1963.27157078,0.5086
1627174169385000,1,90.70542922,0.5086
1627174172487000,1,100.00000000,0.5081
1627174237474000,0,44.26801554,0.5096
1627174486368000,0,151.77000000,0.5104
1627174702421000,0,56.95000000,0.5101
1627174835965000,1,87.83562714,0.5077
1627174836024000,1,0.00000001,0.5077
1627174890548000,0,295.64362278,0.5082
1627174940093000,0,447.41350000,0.5093
1627175029317000,0,228.18000000,0.5093
1627175574091000,1,820.67086805,0.5115
1627175672734000,1,531.03377200,0.5115
1627175687524000,1,152.70814300,0.5114
1627175818353000,0,179.22000000,0.5112
1627175891677000,1,1960.11584000,0.5098
1627176034533000,1,1954.83548000,0.5111
1627176043563000,1,1956.45716000,0.5107
1627176254627000,0,56.98000000,0.5098
1627176345709000,1,1134.17908400,0.5105
1627176437319000,0,127.96066678,0.5104
1627177014172000,1,1000.00000000,0.5102
1627177036215000,1,223.02600000,0.5101
1627177532395000,1,1960.74617000,0.5097
1627177532484000,1,0.00000547,0.5097
1627177532587000,1,3218.89993000,0.5095
1627177532593000,1,1683.54148583,0.5095
1627177553926000,0,3000.00000000,0.5094
1627177553926000,0,1167.70131000,0.5095
1627177835470000,1,80.61000000,0.5091
1627177890113000,1,1962.63190000,0.5092
1627177909738000,0,250.00000001,0.5092
1627178051674000,1,290.85660000,0.5082
1627178490871000,1,294.93407809,0.5086
1627178667700000,0,222.23212000,0.5088
1627178909672000,1,1962.46242000,0.5091
1627179014971000,1,452.49476500,0.5094
1627179115565000,1,188.68750200,0.5094
1627179136753000,1,1962.28527000,0.5092
1627179334450000,1,2163.51051629,0.5095
1627179480218000,0,198.97492314,0.5110
1627179850010000,1,180.00000000,0.5107
1627179901780000,0,418.34088800,0.5114
1627180274371000,0,3004.62944876,0.5119
1627180431943000,0,194.13030500,0.5112
1627180954651000,1,99.50000000,0.5106
1627180985896000,0,94.75000000,0.5111
1627181284699000,0,82.08000000,0.5119
1627181502373000,0,75.65000000,0.5121
1627181541278000,0,12120.00000000,0.5128
1627181780401000,1,833.44963000,0.5131
1627181838562000,1,418.63610000,0.5131
1627181840247000,0,56.55000000,0.5135
1627182139508000,1,1702.00000000,0.5131
1627182503208000,1,76.99900000,0.5128
1627182560301000,0,56.68000000,0.5126
1627182597369000,1,118.55035000,0.5126
1627182615595000,0,3000.00000000,0.5130
1627182716414000,1,169.29082600,0.5125
1627182977618000,0,75.54000000,0.5128
1627183026951000,1,1228.61000000,0.5119
1627183655947000,0,245.33000000,0.5132
1627183982404000,0,66.12000000,0.5127
1627183999089000,0,2106.01761300,0.5127
1627184376584000,0,2368.37119500,0.5129
1627185590211000,0,4153.90060000,0.5112
1627185626027000,1,89.00000000,0.5115
1627185708687000,1,152.61564500,0.5115
1627185718250000,0,4149.30670000,0.5118
1627185718257000,0,0.00000994,0.5118
1627186389417000,1,1949.90308000,0.5125
1627186395180000,0,85.06000000,0.5124
1627186604253000,0,56.86000000,0.5109
1627186648562000,1,43.00150500,0.5108
1627186716682000,0,56.73000000,0.5120
1627186731880000,0,6730.71214606,0.5121
1627186746129000,0,161.69000000,0.5121
1627186819866000,1,242.00000000,0.5121
1627186893311000,0,3000.00000000,0.5133
1627187061246000,0,173.44000000,0.5140
1627187108771000,1,2099.72534000,0.5135
1627187392642000,1,319.75000000,0.5122
1627187405758000,0,56.67000000,0.5126
1627187743082000,0,112.12409800,0.5152
1627188239165000,1,299.75000000,0.5148
1627188369640000,1,549.75000000,0.5142
1627188400646000,0,4605.18837400,0.5146
1627188540962000,0,4126.83163000,0.5144
1627188635453000,0,56.49000000,0.5143
1627188814811000,0,4129.33089354,0.5142
1627188951426000,0,4128.85980974,0.5143
1627188979251000,0,0.00000303,0.5144
1627189172586000,1,339.47000000,0.5141
1627189183121000,1,42.76916000,0.5141
1627189205888000,0,640.12000000,0.5144
1627189560268000,0,386.21769389,0.5155
1627189577323000,0,125.18814900,0.5154
1627189577371000,1,1122.55773300,0.5150
1627189668131000,0,4122.72604044,0.5150
1627189779418000,1,3000.00000000,0.5146
1627189888539000,1,1872.73870000,0.5150
1627189888539000,1,7.53130000,0.5150
1627189895255000,0,69.92212502,0.5156
1627189908552000,1,1500.00000000,0.5152
1627190014423000,0,3000.00000000,0.5150
1627190119036000,1,5532.61409558,0.5140
1627190199525000,1,584.23000000,0.5143
1627190202296000,0,3000.00000000,0.5147
1627190248074000,1,170.80580200,0.5149
1627190280526000,0,88.10642266,0.5152
1627190404574000,0,1000.00000000,0.5148
1627190440302000,1,85.00000000,0.5143
1627190612666000,0,4122.20420000,0.5152
1627190613894000,0,10180.73990000,0.5156
1627190614259000,0,10579.26010000,0.5156
1627190653283000,1,11435.94290798,0.5140
1627190660478000,1,8165.90309825,0.5140
1627190661347000,1,1412.35975010,0.5140
1627190664435000,1,2391.04145983,0.5140
1627190667494000,1,1062.13868825,0.5140
1627190667499000,1,0.00000001,0.5140
1627190772791000,1,399.75000000,0.5128
1627190962634000,1,500.00000001,0.5131
1627191130125000,1,500.00000000,0.5127
1627191181937000,1,1918.74049700,0.5131
1627191201035000,0,8100.00000000,0.5141
1627191201035000,0,4129.20875629,0.5141
1627191201035000,0,8100.00000000,0.5142
1627191201035000,0,2024.58775240,0.5142
1627191250097000,1,4126.83163000,0.5136
1627191251700000,1,4132.18368476,0.5136
1627191408866000,0,4124.32890000,0.5146
1627191441767000,1,1913.91552800,0.5144
1627191664570000,0,4124.77426186,0.5146
1627191676165000,0,53.46908000,0.5149
1627191691494000,1,1912.92450000,0.5146
1627191720669000,1,4000.00000000,0.5147
1627191720775000,1,4124.77426186,0.5147
1627191762387000,0,122.56126600,0.5150
1627191773761000,0,1033.06472600,0.5149
1627191788421000,1,1530.18656700,0.5146
1627191910883000,1,4000.00000000,0.5145
1627192097171000,1,4135.82300679,0.5133
1627192449780000,1,145.00000000,0.5139
1627192580269000,1,4132.87017320,0.5137
1627192650299000,1,113.50000000,0.5136
1627192690726000,1,779.75000000,0.5136
1627192732385000,1,230.22740000,0.5138
1627192784545000,0,251.04000000,0.5142
1627192832272000,0,4135.87196443,0.5133
1627192832279000,0,3443.31145515,0.5134
1627192832368000,0,4135.87196000,0.5133
1627192906808000,1,4135.87196000,0.5144
1627192911234000,1,7579.18341958,0.5144
1627192959874000,0,3117.09391213,0.5146
1627193014614000,1,1325.47885582,0.5144
1627193040260000,0,101.80758067,0.5142
1627193090025000,0,4126.62010000,0.5143
1627193090194000,0,0.00001809,0.5143
1627193090194000,0,8253.25978191,0.5145
1627193152786000,1,63.00000000,0.5146
1627193213531000,0,319.81000000,0.5148
1627193249688000,0,57.40093240,0.5148
1627193255077000,0,471.38948700,0.5148
1627193381458000,0,135.00000000,0.5147
1627193640291000,0,452.55563183,0.5151
1627193675208000,0,331.86759800,0.5149
1627193745712000,1,77.30261700,0.5147
1627193750492000,1,1500.00000000,0.5147
1627193796157000,1,173.67947200,0.5147
1627194048756000,1,120.00000000,0.5155
1627194048838000,1,250.00000000,0.5155
1627194111005000,0,1000.00000000,0.5157
1627194249044000,0,412.03872000,0.5155
1627194279767000,1,174.00000000,0.5150
1627194313094000,1,1312.30000000,0.5147
1627194342345000,0,4124.54711000,0.5147
1627194350469000,1,140.80000000,0.5146
1627194645733000,1,1943.29466000,0.5142
1627194645828000,1,0.00000177,0.5142
1627194645828000,1,1859.28130000,0.5141
1627194645828000,1,2999.31348823,0.5141
1627194670046000,0,4126.31578108,0.5146
1627194670152000,0,4126.31578108,0.5146
1627194670152000,0,4127.05771892,0.5148
1627194670191000,0,14760.00000000,0.5148
1627194670293000,0,1595.38990000,0.5150
1627194670353000,0,1404.61010000,0.5150
1627194672447000,0,5818.47391160,0.5155
1627194675883000,0,1435.63482412,0.5152
1627194883152000,1,169.75000000,0.5144
1627194938796000,0,67.65678800,0.5151
1627194953496000,1,120.00000000,0.5147
1627194953573000,1,211.70000000,0.5147
1627194973344000,0,936.72571200,0.5151
1627195003893000,1,58.24564128,0.5148
1627195094499000,1,268.00000000,0.5145
1627195137341000,0,1927.39271700,0.5150
1627195169794000,0,108.11108798,0.5152
1627195173856000,0,753.28687500,0.5152
1627195174803000,0,1129.93031250,0.5153
1627195174803000,0,810.86239780,0.5154
1627195175303000,0,810.86239780,0.5154
1627195194619000,0,319.06791470,0.5154
1627195219775000,1,2230.55000000,0.5148
1627195219775000,1,1941.55153266,0.5148
1627195220015000,1,694.33210000,0.5145
1627195220060000,1,673.75850000,0.5145
1627195220070000,1,2322.65766000,0.5145
1627195220089000,1,140.40150000,0.5145
1627195220100000,1,158.26990000,0.5145
1627195220107000,1,186.90160000,0.5145
1627195220129000,1,54.77750000,0.5145
1627195220143000,1,622.79817575,0.5145
1627195236518000,1,161.16937500,0.5139
1627195268228000,0,230.75040300,0.5144
1627195335491000,0,878.04849900,0.5142
1627195392348000,0,226.01000000,0.5141
1627195420452000,1,170.18000000,0.5140
1627195573023000,0,3000.00000000,0.5145
1627195578741000,0,59.81223300,0.5148
1627195688231000,1,141.75000000,0.5144
1627195840249000,1,1944.27702059,0.5139
1627195840249000,1,19.01772953,0.5139
1627195840258000,1,259.23467876,0.5139
1627195840386000,1,1554.38170000,0.5137
1627195840394000,1,138.65940000,0.5137
1627195840448000,1,1859.35330000,0.5137
1627195840448000,1,524.22420000,0.5137
1627195840479000,1,1880.23320000,0.5137
1627195840490000,1,597.16483556,0.5137
1627195840490000,1,251.23586444,0.5137
1627195840542000,1,335.73740000,0.5137
1627195840555000,1,814.74790000,0.5137
1627195840574000,1,146.18510000,0.5137
1627195840591000,1,396.37070000,0.5137
1627195871480000,0,4133.77002218,0.5135
1627195871698000,0,3000.00000000,0.5136
1627196040297000,0,194.49991712,0.5139
1627196054903000,1,253.89000000,0.5134
1627196063230000,1,2216.56000000,0.5137
1627196126393000,1,41.43580005,0.5141
1627196135872000,1,69.44365500,0.5140
1627196142945000,0,139.12119700,0.5144
1627196152223000,0,742.83826200,0.5145
1627196153370000,1,98.91000000,0.5142
1627196213816000,1,206.86570000,0.5140
1627196243777000,0,232.54159200,0.5144
1627196430448000,1,1943.96709253,0.5140
1627196430448000,1,4126.84122413,0.5140
1627196437559000,1,1062.96170552,0.5136
1627196455042000,1,4800.00000000,0.5127
1627196490790000,0,4135.86480000,0.5132
1627196491094000,0,0.00005870,0.5132
1627196565671000,1,843.66240000,0.5137
1627196570169000,1,777.91790000,0.5136
1627196592998000,0,8100.00000000,0.5141
1627196592998000,0,12233.01712874,0.5143
1627196593590000,0,58.63563300,0.5142
1627196637857000,1,400.00000000,0.5137
1627196753022000,0,106.18023000,0.5145
1627196760296000,0,96.17813356,0.5146
1627196797503000,1,1943.15872109,0.5143
1627196797503000,1,2426.84880691,0.5143
1627196802122000,1,1306.80724100,0.5143
1627196875653000,1,1612.51610000,0.5142
1627196877952000,1,200.00000000,0.5142
1627196887458000,0,107.62172300,0.5146
1627196907681000,1,1881.29000000,0.5142
1627196910825000,1,1277.77000000,0.5143
1627197017529000,1,936.64263400,0.5145
1627197096281000,1,50.88396600,0.5148
1627197120305000,0,384.22727625,0.5152
1627197129134000,0,2000.00000000,0.5151
1627197148441000,0,100.16457200,0.5150
1627197236098000,0,4830.18465432,0.5156
1627197236598000,0,1955.14070000,0.5156
1627197260611000,0,190.15128007,0.5155
1627197260905000,1,1340.61182400,0.5151
1627197261152000,1,1940.07496450,0.5151
1627197261152000,1,4118.14753993,0.5150
1627197261152000,1,82.69356757,0.5150
1627197262477000,1,1519.99490000,0.5151
1627197262477000,1,777.10886300,0.5151
1627197274878000,0,3000.00000000,0.5156
1627197287830000,0,289.05632700,0.5163
1627197319334000,0,4100.00000000,0.5160
1627197410531000,0,96.08602600,0.5166
1627197411564000,0,96.08602600,0.5165
1627197412584000,0,96.08602600,0.5170
1627197414636000,0,96.08602600,0.5170
1627197415648000,0,96.08602500,0.5169
1627197416666000,0,96.08602600,0.5167
1627197417683000,0,96.08602500,0.5168
1627197418719000,0,96.08602600,0.5168
1627197419729000,0,96.08602500,0.5167
1627197491436000,1,145.90000000,0.5162
1627197508921000,0,361.60000000,0.5168
1627197594012000,0,1925.09698763,0.5169
1627197641156000,0,8100.00000000,0.5164
1627197641156000,0,8100.00000000,0.5166
1627197668756000,1,344.00000000,0.5163
1627197713757000,0,187.88438800,0.5166
1627197788095000,1,2000.00000000,0.5163
1627197793220000,0,1770.84738450,0.5165
1627197805329000,0,3000.00000000,0.5164
1627197864759000,0,4114.83828550,0.5160
1627197915231000,1,510.93000000,0.5157
1627197953100000,1,3280.89000000,0.5159
1627197960291000,0,124.59994959,0.5162
1627198073063000,0,193.23703871,0.5163
1627198080273000,0,8100.00000000,0.5163
1627198080273000,0,4112.15137531,0.5164
1627198080273000,0,3681.10000000,0.5164
1627198080273000,0,8225.28464173,0.5165
1627198080273000,0,5750.60305170,0.5166
1627198106590000,1,44.13348600,0.5154
1627198146055000,0,387.72309838,0.5161
1627198151467000,1,190.00000000,0.5156
1627198238066000,1,117.75000000,0.5161
1627198288529000,1,74.87378400,0.5163
1627198300710000,0,3931.49277325,0.5168
1627198337630000,0,3583.97671765,0.5171
1627198410685000,1,1000.00000000,0.5172
1627198468076000,1,956.62143800,0.5166
1627198511579000,0,56.17000000,0.5172
1627198660801000,1,765.44870000,0.5166
1627198706215000,0,2727.23379000,0.5172
1627198758345000,0,240.35129562,0.5171
1627198767333000,0,4104.91354629,0.5173
1627198832422000,1,119.95507600,0.5171
1627198839929000,0,364.99246100,0.5174
1627198891798000,1,954.56704400,0.5170
1627198913724000,1,133.00000000,0.5172
1627198965204000,0,4100.28465539,0.5179
1627199074540000,0,56.05000000,0.5183
1627199080289000,0,187.45994200,0.5184
1627199136092000,1,40.00000000,0.5179
1627199162261000,1,609.92000000,0.5179
1627199194161000,1,134.06742800,0.5172
1627199457958000,1,157.80364000,0.5173
1627199540747000,0,929.85995109,0.5180
1627199557618000,0,562.66229300,0.5180
1627199588830000,1,70.00000000,0.5176
1627199629337000,1,54.31316200,0.5176
1627199640338000,0,1171.68628156,0.5181
1627199654089000,0,422.66270852,0.5179
1627199720051000,0,2596.61626800,0.5180
1627200022471000,1,1000.00005000,0.5168
1627200058838000,0,562.30000000,0.5167
1627200111617000,0,59.71000000,0.5174
1627200156390000,0,697.53656700,0.5174
1627200257223000,1,204.99455000,0.5172
1627200329727000,0,235.97887529,0.5177
1627200406077000,1,1411.22769800,0.5173
1627200449503000,0,1100.22053000,0.5178
1627200488530000,1,65.00000000,0.5169
1627200571701000,0,629.26844200,0.5179
1627200602210000,1,250.00000000,0.5173
1627200693565000,1,171.60030200,0.5171
1627200807962000,0,53.34106953,0.5171
1627200895533000,0,374.52000000,0.5172
1627200914986000,1,826.16000000,0.5167
1627200960218000,0,71.81890644,0.5173
1627201109782000,0,961.17662200,0.5161
1627201122289000,0,96.15384600,0.5161
1627201162091000,1,667.03220000,0.5156
1627201179344000,1,1937.68407000,0.5157
1627201179359000,1,0.00000999,0.5157
1627201211754000,1,1939.66854944,0.5151
1627201276705000,0,1000.00221400,0.5159
1627201384491000,0,56.36000000,0.5155
1627201416448000,0,182.62790500,0.5156
1627201418219000,1,82.84475366,0.5154
1627201489828000,0,638.77831834,0.5160
1627201572442000,1,1937.06101000,0.5158
1627201643527000,0,4113.09996552,0.5161
1627201643527000,0,8100.00000000,0.5161
1627201643667000,0,4113.09996552,0.5161
1627201661683000,1,1675.63715800,0.5158
1627201674863000,0,100.00000000,0.5160
1627201676172000,1,261.42385555,0.5158
1627201730535000,1,111.12410800,0.5156
1627201767758000,1,1937.00098000,0.5157
1627201864173000,1,1937.02349000,0.5158
1627201922885000,1,2800.00000000,0.5158
1627202047609000,1,148.41920000,0.5154
1627202070142000,0,2382.17230700,0.5158
1627202167875000,1,1937.64653452,0.5157
1627202234369000,0,112.69000000,0.5154
1627202238870000,1,107.40228000,0.5150
1627202281115000,0,337.49560978,0.5154
1627202375727000,0,73.78276800,0.5160
1627202400420000,1,2798.91304348,0.5152
1627202580444000,1,148.00000000,0.5156
1627202590940000,1,40.70850000,0.5152
1627202719891000,1,568.25485000,0.5151
1627202734102000,1,1882.71000000,0.5152
1627202783301000,1,1942.78120787,0.5144
1627202783301000,1,4056.96879213,0.5144
1627202788262000,0,202.36726900,0.5147
1627202828386000,0,4130.47568960,0.5143
1627202828653000,1,246.82710000,0.5139
1627202946035000,0,4047.90000000,0.5136
1627202949611000,0,166.10089600,0.5139
1627203045565000,1,674.40000000,0.5136
1627203119684000,0,222.24413200,0.5143
1627203148401000,1,942.99701600,0.5141
1627203183578000,1,1944.29214000,0.5140
1627203207484000,1,776.68332700,0.5138
1627203240225000,0,187.92769682,0.5142
1627203263143000,0,141.59834700,0.5144
1627203267902000,1,148.99999000,0.5141
1627203359755000,0,280.81086500,0.5146
1627203369283000,1,120.00000000,0.5141
1627203375952000,1,1943.46839000,0.5141
1627203393428000,0,518.78031900,0.5143
1627203411681000,1,1424.18261700,0.5141
1627203480414000,0,436.65026199,0.5147
1627203480512000,1,74.74069300,0.5143
1627203482999000,1,1868.34251000,0.5143
1627203600396000,0,769.51477818,0.5145
1627203649499000,0,940.95152800,0.5149
1627203668135000,1,1942.82650171,0.5143
1627203668135000,1,4125.20338387,0.5143
1627203720289000,0,350.67127104,0.5145
1627203766431000,0,95.13236409,0.5145
1627203883072000,0,198.10670400,0.5148
1627203962969000,1,1941.58922961,0.5147
1627203962999000,1,0.00000001,0.5147
1627203964492000,1,409.85000000,0.5144
1627203974991000,1,206.00000000,0.5145
1627203982882000,1,1942.44911754,0.5145
1627203982884000,1,0.00000001,0.5145
1627203993601000,1,125.14396400,0.5139
1627204096056000,0,757.47876147,0.5142
1627204180947000,0,919.54477713,0.5140
1627204226766000,1,1946.40382429,0.5134
1627204226766000,1,8053.34617571,0.5134
1627204247243000,1,141.00000000,0.5134
1627204257744000,1,250.00000000,0.5134
1627204283920000,1,7046.38331288,0.5135
1627204284619000,1,1231.29353554,0.5134
1627204296177000,0,238.49181500,0.5137
1627204398652000,0,1785.49329200,0.5143
1627204528834000,0,128.88309800,0.5130
1627204534730000,0,34161.94090000,0.5125
1627204647706000,1,443.85199000,0.5130
1627204690160000,1,49.90000000,0.5123
1627204720567000,0,185.53575300,0.5127
1627204743365000,0,3868.20000000,0.5128
1627204781042000,0,999.93536500,0.5132
1627204799072000,0,56.60000000,0.5135
1627204825904000,0,174.00000000,0.5135
1627204826484000,0,50.38003154,0.5135
1627204907021000,1,1948.59603656,0.5129
1627204907477000,1,1948.59603000,0.5128
1627204952385000,1,50.00000000,0.5124
1627204958001000,0,4000.00000000,0.5129
1627204984414000,1,55.96637300,0.5126
1627205018094000,0,176.06780600,0.5133
1627205045421000,1,76.20000000,0.5126
1627205111293000,0,58.16546100,0.5132
1627205136282000,1,8100.00000000,0.5128
1627205136282000,1,1899.75000000,0.5128
1627205146677000,1,468.28100000,0.5126
1627205146797000,1,44.75000000,0.5126
1627205152401000,1,264.17302104,0.5125
1627205187641000,1,142.34931700,0.5130
1627205189608000,0,3000.00000000,0.5134
1627205189608000,0,3868.20000000,0.5134
1627205398506000,1,179.65851000,0.5124
1627205485783000,0,94.25000000,0.5138
1627205591834000,0,8968.49090000,0.5138
1627205653075000,0,212.00000000,0.5141
1627205673618000,1,3078.18753700,0.5131
1627205880462000,0,96.34848956,0.5138
1627205892184000,0,94.25000000,0.5138
1627205893915000,1,55.98639500,0.5133
1627205904299000,1,170.61762900,0.5132
1627205925397000,0,58.05794500,0.5139
1627205996373000,1,197.75000000,0.5136
1627206046949000,0,106.29000000,0.5136
1627206086301000,1,1881.79000000,0.5132
1627206270646000,0,1125.56956700,0.5137
1627206270793000,0,634.12369900,0.5137
1627206287748000,0,114.07436246,0.5137
1627206341634000,1,883.95000000,0.5132
1627206593571000,1,111.18332300,0.5132
1627206643977000,1,156.00000000,0.5131
1627206719886000,1,3000.00000000,0.5134
1627206896842000,0,94.19000000,0.5141
1627206934963000,1,450.00000000,0.5139
1627206945885000,0,1529.00000000,0.5144
1627206946167000,0,2339.00000000,0.5144
1627207035879000,1,1381.12710000,0.5140
1627207035879000,1,6593.57290000,0.5140
1627207096811000,1,85.00000000,0.5142
1627207227437000,0,3000.00000000,0.5149
1627207259519000,0,4126.00000000,0.5148
1627207259543000,0,0.13986786,0.5148
1627207296188000,0,2556.00000000,0.5147
1627207296256000,0,1570.16723968,0.5147
1627207297202000,0,347.00000000,0.5148
1627207297216000,0,2290.00000000,0.5148
1627207297859000,0,1488.00000000,0.5148
1627207301639000,0,0.40694199,0.5148
1627207301639000,0,827.59305801,0.5148
1627207303350000,0,289.89750412,0.5149
1627207315312000,0,4125.00000000,0.5148
1627207315314000,0,0.89936952,0.5148
1627207319338000,0,4125.89936952,0.5148
1627207319338000,0,8099.10063048,0.5148
1627207319545000,0,4125.89936952,0.5148
1627207320277000,1,57.80598041,0.5144
1627207320493000,0,1027.00000000,0.5148
1627207321394000,0,4125.89936952,0.5148
1627207321394000,0,7072.10063048,0.5148
1627207323409000,0,4125.00000000,0.5148
1627207324987000,0,0.89936952,0.5148
1627207324987000,0,506.10063048,0.5148
1627207325030000,0,3619.46378094,0.5148
1627207328398000,0,4125.00000000,0.5148
1627207328436000,0,0.97571066,0.5148
1627207339533000,1,76.62700000,0.5145
1627207339803000,0,303.00000000,0.5149
1627207339902000,0,303.00000000,0.5149
1627207339925000,0,857.13711450,0.5149
1627207349032000,0,421.00000000,0.5149
1627207372799000,1,194.50236800,0.5145
1627207407513000,1,1942.59250000,0.5144
1627207407526000,1,0.00000626,0.5144
1627207423016000,0,56.45000000,0.5147
1627207446382000,1,2000.00000000,0.5143
1627207468720000,0,4129.48294361,0.5145
1627207468918000,0,4343.50000000,0.5147
1627207469463000,0,12166.99513150,0.5147
1627207469463000,0,20760.00000000,0.5147
1627207469463000,0,4343.00486850,0.5148
1627207480210000,0,102.85550600,0.5147
1627207546016000,0,4343.00000000,0.5154
1627207642819000,0,550.14276291,0.5155
1627207853547000,1,350.00000000,0.5151
1627207872528000,0,93.93000000,0.5154
1627207938063000,0,261.51092567,0.5153
1627208075445000,1,10499.75000000,0.5154
1627208125546000,0,2483.87063567,0.5158
1627208238376000,0,2979.57913600,0.5157
1627208260249000,0,3000.00000000,0.5157
1627208260249000,0,2773.57647275,0.5157
1627208261222000,0,4343.50000000,0.5158
1627208273084000,0,15468.05550000,0.5159
1627208273791000,0,1571.00000000,0.5159
1627208297141000,1,110.79356200,0.5156
1627208332342000,1,3000.00000000,0.5156
1627208335746000,0,1923.84367200,0.5160
1627208566459000,0,93.85000000,0.5160
1627208566592000,0,560.09468272,0.5160
1627208568362000,0,57.71754700,0.5159
1627208578438000,1,141.47166200,0.5156
1627208581585000,0,3000.00000000,0.5160
1627208598608000,0,123.24254950,0.5159
1627208688476000,1,3000.00000000,0.5156
1627208688970000,0,4719.00000000,0.5156
1627208688978000,0,4719.00000000,0.5156
1627208689029000,0,2617.27660000,0.5156
1627208689671000,0,3886.76118000,0.5156
1627208700271000,1,78.99900000,0.5155
1627208708804000,0,0.00000167,0.5156
1627208739293000,0,604.54742276,0.5160
1627208741264000,0,92.78347800,0.5160
1627208741621000,1,93.97568000,0.5156
1627208770187000,1,12337.77900000,0.5158
1627208770187000,1,6547.99880079,0.5158
1627208772169000,1,400.00000000,0.5155
1627208894065000,0,3848.36371200,0.5157
1627208930519000,0,764.26120889,0.5158
1627209023506000,1,98.51000000,0.5155
1627209024738000,0,941.44423900,0.5159
1627209047659000,0,283.48539567,0.5159
1627209183998000,1,110.74364100,0.5143
1627209194433000,0,3000.00000000,0.5147
1627209194433000,0,17100.00000000,0.5147
1627209283933000,0,56.43000000,0.5149
1627209318095000,1,188.75759749,0.5140
1627209321846000,1,546.53657746,0.5140
1627209345936000,1,140.00000000,0.5140
1627209396774000,1,212.00000000,0.5139
1627209412334000,1,381.83241375,0.5135
1627209577457000,0,94.32000000,0.5134
1627209893527000,1,341.95604000,0.5114
1627209898822000,1,0.00000567,0.5114
1627209898822000,1,3000.00000000,0.5109
1627209898822000,1,1022.23609173,0.5109
1627209911784000,1,132.24000000,0.5107
1627209939178000,1,1128.18000000,0.5101
1627209942228000,1,835.09000000,0.5102
1627209943599000,1,1655.34370167,0.5102
1627209964746000,0,356.76820000,0.5103
1627209964769000,0,2643.23180000,0.5103
1627209964769000,0,170.48983828,0.5104
1627209973032000,1,142.40000000,0.5100
1627209978668000,1,261.51092567,0.5100
1627209979219000,1,3931.49277325,0.5101
1627210045171000,1,66.00000000,0.5094
1627210099272000,0,1978.53008300,0.5093
1627210164975000,0,9127.93590000,0.5092
1627210164975000,0,1117.24137500,0.5092
1627210198771000,1,1000.00000000,0.5091
1627210302488000,1,3000.00000000,0.5097
1627210322702000,0,114.02000000,0.5096
1627210325987000,0,4170.04540000,0.5095
1627210375822000,1,166.18934500,0.5094
1627210379165000,1,500.00000000,0.5094
1627210474130000,1,174.02518800,0.5097
1627210560226000,0,186.16662009,0.5102
1627210701959000,0,8100.00000000,0.5102
1627210701959000,0,4164.82543245,0.5102
1627210701959000,0,8100.00000000,0.5102
1627210702035000,1,4164.82543245,0.5102
1627210702218000,1,14906.00000000,0.5102
1627210702572000,1,8502.00000000,0.5102
1627210702615000,1,0.30970267,0.5102
1627210714181000,0,94.94000000,0.5101
1627210731464000,1,7553.39000000,0.5097
1627210735401000,0,194.63661600,0.5100
1627210742059000,1,8100.00000000,0.5097
1627210742059000,1,1899.75000000,0.5097
1627210753060000,0,56.82008700,0.5101
1627210785011000,0,5318.14809441,0.5101
1627210819768000,1,305.36510000,0.5091
1627210819768000,1,8100.00000000,0.5091
1627210819768000,1,488.50760000,0.5091
1627210989377000,0,214.03617500,0.5102
1627211013162000,1,1000.00000000,0.5098
1627211107308000,0,74.38144200,0.5100
1627211116015000,0,57.09343100,0.5098
1627211173809000,0,18480.00000000,0.5099
1627211210975000,0,4903.00000000,0.5104
1627211210998000,0,0.09576917,0.5104
1627211362497000,0,97.42790300,0.5105
1627211400231000,0,96.89163796,0.5107
1627211457246000,1,171.60103100,0.5108
1627211465967000,0,365.67000000,0.5112
1627211520259000,0,1925.40662992,0.5113
1627211521702000,1,330.79680000,0.5107
1627211672702000,1,535.44000000,0.5115
1627211694166000,0,291.55105190,0.5119
1627211754593000,1,120.00000000,0.5118
1627211774525000,0,106.98803500,0.5122
1627211885501000,1,74.99999000,0.5111
1627211945339000,0,1000.00000000,0.5116
1627211996483000,1,200.00000000,0.5118
1627211999010000,0,484.52025200,0.5122
1627212000266000,0,3000.00000000,0.5122
1627212000266000,0,434.92525063,0.5122
1627212040631000,1,451.99570000,0.5118
1627212058880000,1,85.39873000,0.5117
1627212077879000,1,54.99425500,0.5115
1627212202512000,0,284.25000000,0.5110
1627212248978000,1,504.00000000,0.5106
1627212334974000,0,8100.00000000,0.5110
1627212334974000,0,8739.28830000,0.5110
1627212334974000,0,8100.00000000,0.5110
1627212334974000,0,860.71170000,0.5111
1627212379544000,1,206.80000000,0.5107
1627212510392000,0,56.84000000,0.5111
1627212580649000,1,98.85034687,0.5102
1627212587199000,1,8317.34730000,0.5102
1627212587578000,1,1958.13310000,0.5102
1627212587590000,1,0.00003710,0.5102
1627212587590000,1,3972.79296290,0.5102
1627212587595000,1,123.65710000,0.5102
1627212587596000,1,798.91610000,0.5102
1627212587659000,1,1847.38970000,0.5102
1627212587710000,1,2758.73940000,0.5101
1627212587949000,1,2813.72163828,0.5101
1627212588192000,1,503.42010000,0.5101
1627212672788000,0,57.78373300,0.5099
1627212791609000,0,181.85000000,0.5113
1627212956936000,0,75.93000000,0.5102
1627212963461000,1,47.00000000,0.5098
1627213054445000,0,206.62592200,0.5106
1627213136420000,0,1168.89854136,0.5108
1627213344201000,0,94.77000000,0.5109
1627213367532000,1,999.02950000,0.5105
1627213368526000,1,999.02950100,0.5105
1627213369545000,1,999.02950000,0.5105
1627213370574000,1,999.02950100,0.5105
1627213396972000,0,291.50904400,0.5108
1627213416716000,1,101.20051600,0.5105
1627213440236000,0,195.73661171,0.5108
1627213517167000,0,3186.31919300,0.5112
1627213556164000,0,5002.81789912,0.5113
1627213557804000,1,55.09554400,0.5109
1627213562640000,1,1131.83380000,0.5109
1627213607359000,0,181.77000000,0.5115
1627213840380000,1,110.00000000,0.5115
1627213865600000,0,3000.00000000,0.5121
1627213874307000,0,364.95000000,0.5121
1627213875339000,0,94.55000000,0.5121
1627213913068000,1,704.00000000,0.5109
1627214014025000,1,174.75000000,0.5109
1627214045128000,1,2108.62901000,0.5110
1627214095274000,1,59.98000000,0.5113
1627214175712000,1,284.34000000,0.5115
1627214217213000,1,184.07887500,0.5115
1627214280272000,0,397.91106980,0.5111
1627214281825000,1,2000.00000000,0.5108
1627214344879000,1,84.28563000,0.5109
1627214417459000,0,56.86000000,0.5109
1627214457788000,0,1898.10724800,0.5105
1627214470716000,0,16674.27170000,0.5102
1627214471838000,0,0.00000560,0.5102
1627214551416000,1,3000.00000000,0.5094
1627214591463000,1,39.98000000,0.5095
1627214639920000,1,2311.89979123,0.5092
1627214689218000,0,541.53000000,0.5097
1627214725799000,1,197.39310000,0.5098
1627214734417000,0,56.96000000,0.5101
1627214752362000,1,119.98000000,0.5097
1627214825667000,1,1019.28360874,0.5095
1627214905626000,0,228.31762600,0.5098
1627214962388000,0,129.37613100,0.5091
1627214979321000,0,326.93241900,0.5092
1627214989542000,0,129.38907000,0.5092
1627215000886000,0,129.40201000,0.5091
1627215054585000,0,3000.00000000,0.5096
1627215266868000,0,474.33000000,0.5104
1627215351850000,0,3000.00000000,0.5102
1627215360599000,0,113.42671200,0.5104
1627215437720000,1,463.05507800,0.5103
1627215481589000,1,49.98000000,0.5104
1627215481667000,1,57.51300000,0.5104
1627215502197000,1,599.75000000,0.5102
1627215609239000,0,4165.22928249,0.5099
1627215609239000,0,12483.91950000,0.5100
1627215613231000,0,248.99583800,0.5100
1627215633657000,1,66.25782500,0.5099
1627215642487000,1,3749.40857380,0.5099
1627215745384000,1,42.61000000,0.5101
1627215874475000,0,541.00000000,0.5102
1627215935939000,1,1139.42000000,0.5096
1627215969538000,1,417.84000000,0.5101
1627216139884000,1,194.11878085,0.5098
1627216157597000,1,548.06664200,0.5099
1627216287505000,0,4943.10010000,0.5110
1627216293439000,0,0.00009662,0.5110
1627216306134000,1,141.41688700,0.5112
1627216435396000,1,3000.00000000,0.5107
1627216482575000,0,482.21908902,0.5113
1627216694357000,1,654.00000000,0.5103
1627216778954000,1,4982.71613900,0.5094
1627216814944000,0,63.52638100,0.5100
1627216869864000,1,1126.18000000,0.5098
1627217074877000,1,126.81602780,0.5089
1627217097877000,0,4174.01719958,0.5090
1627217097964000,0,4174.01719958,0.5090
1627217119786000,0,1717.00000000,0.5093
1627217170652000,0,95.33699100,0.5101
1627217173937000,0,1852.96904771,0.5101
1627217202124000,0,300.00000000,0.5102
1627217333347000,0,4168.10582506,0.5096
1627217379311000,1,481.48207000,0.5091
1627217543947000,1,3000.00000000,0.5093
1627217676490000,0,15500.00000000,0.5093
1627217676490000,0,3589.13881271,0.5093
1627217760281000,1,2914.42046121,0.5097
1627217821719000,1,72.63869400,0.5095
1627217963997000,1,180.00000000,0.5090
1627218074825000,0,79.56616700,0.5098
1627218254735000,0,2781.41639530,0.5098
1627218256795000,1,104.61295000,0.5093
1627218337243000,1,68.00000000,0.5095
1627218362654000,0,149.26000000,0.5101
1627218362654000,0,148.74000000,0.5101
1627218381184000,0,0.52000000,0.5101
1627218477819000,1,4160.31684686,0.5100
1627218477819000,1,131.19294314,0.5100
1627218678819000,1,156.50000000,0.5094
1627218739787000,1,2.58808220,0.5089
1627218739787000,1,911.38677780,0.5089
1627218790021000,1,700.00000000,0.5089
1627218873171000,1,61.73190000,0.5082
1627218873177000,1,586.71550000,0.5082
1627218873230000,1,594.88630000,0.5082
1627218873232000,1,874.99620000,0.5082
1627218873238000,1,1484.76610000,0.5082
1627218873361000,1,1666.93730000,0.5082
1627218873373000,1,797.26800000,0.5082
1627218873378000,1,1228.54860000,0.5082
1627218873383000,1,1582.74530000,0.5082
1627218873390000,1,153.41000000,0.5082
1627218873445000,1,53.95540000,0.5082
1627218873495000,1,3428.13050000,0.5082
1627218874545000,1,313.22790000,0.5080
1627218874550000,1,325.59720000,0.5080
1627218874685000,1,622.97480000,0.5080
1627218874732000,1,10018.95920000,0.5080
1627218874742000,1,8719.24090000,0.5080
1627218874742000,1,670.36010000,0.5079
1627218874831000,1,1018.50230000,0.5079
1627218874936000,1,189.37840000,0.5079
1627218874984000,1,3583.97671765,0.5079
1627218875028000,1,1298.26840000,0.5079
1627218875201000,1,923.70130000,0.5079
1627218875244000,1,446.74670000,0.5079
1627218875258000,1,12269.06608235,0.5079
1627218931104000,1,777.23820000,0.5083
1627218931104000,1,61.65180000,0.5083
1627219035419000,1,66.20845400,0.5086
1627219045076000,0,66.60000000,0.5090
1627219080239000,1,377.15558123,0.5083
1627219126268000,1,372.77000000,0.5085
1627219135023000,1,4232.80000000,0.5083
1627219135023000,1,1050.14076403,0.5083
1627219175569000,0,193.99339300,0.5075
1627219190913000,1,1310.64931800,0.5068
1627219191046000,1,661.17036906,0.5068
1627219191046000,1,838.82963094,0.5068
1627219191714000,0,244.98509999,0.5072
1627219191763000,0,0.00000001,0.5072
1627219194997000,0,2999.99999999,0.5075
1627219213858000,0,100.00000000,0.5073
1627219277534000,1,130.09083700,0.5067
1627219291770000,1,8100.00000000,0.5070
1627219291770000,1,4185.28751331,0.5068
1627219291770000,1,4232.80000000,0.5068
1627219291770000,1,5367.38705065,0.5068
1627219325045000,0,763.65000000,0.5076
1627219338475000,0,11000.00000000,0.5072
1627219343633000,0,95.74503300,0.5073
1627219466486000,1,4232.80000000,0.5062
1627219467471000,1,1913.11380000,0.5058
1627219474186000,1,3244.98509999,0.5057
1627219492875000,1,9487.66204986,0.5055
1627219501370000,1,100.00000000,0.5050
1627219501680000,1,1614.25303519,0.5049
1627219501680000,1,1999.74696481,0.5049
1627219501829000,1,0.25303519,0.5049
1627219501829000,1,99.74696481,0.5047
1627219501903000,1,50.00000000,0.5047
1627219502236000,1,4133.05303000,0.5047
1627219502944000,0,3000.00000000,0.5051
1627219557502000,1,1140.26000000,0.5062
1627219560243000,1,1974.88054593,0.5060
1627219560243000,1,10463.01915894,0.5060
1627219591631000,1,274.97000000,0.5055
1627219592669000,0,101.26572597,0.5060
1627219615858000,1,8383.25430000,0.5056
1627219615858000,1,1616.74570000,0.5056
1627219630493000,0,96.02753200,0.5058
1627219636561000,0,177.65701343,0.5055
1627219706842000,1,123.23128573,0.5042
1627219706842000,1,1085.60781002,0.5041
1627219706844000,1,582.32180851,0.5041
1627219706990000,1,8415.69310000,0.5040
1627219707270000,1,1293.96850000,0.5040
1627219716784000,1,0.00005645,0.5040
1627219725251000,1,1208.83909574,0.5036
1627219726526000,0,937.77146825,0.5040
1627219738643000,1,370.47280000,0.5033
1627219742821000,0,4218.33560000,0.5036
1627219742887000,0,0.00008181,0.5036
1627219742887000,0,8437.81461819,0.5037
1627219789999000,1,3000.00000000,0.5039
1627219789999000,1,7591.47633034,0.5039
1627219797312000,0,3000.00000000,0.5046
1627219810897000,1,505.00000000,0.5046
1627219812191000,1,55.00000000,0.5046
1627219895530000,1,618.56340000,0.5055
1627219895581000,1,0.00003099,0.5055
1627219905613000,1,3000.00000000,0.5050
1627219920280000,1,302.67487297,0.5047
1627219921391000,1,173.80551969,0.5047
1627219963073000,1,1760.57293200,0.5043
1627220160253000,1,822.38912146,0.5046
1627220191377000,1,596.57184200,0.5040
1627220207816000,1,99.20044442,0.5044
1627220280283000,1,638.95431556,0.5045
1627220282356000,1,161.22493400,0.5045
1627220291444000,1,506.53786000,0.5045
1627220313980000,1,40.00000000,0.5043
1627220351042000,1,906.56821700,0.5038
1627220388517000,1,341.50964400,0.5038
1627220422403000,0,252.53000000,0.5042
1627220443782000,0,4212.42506000,0.5040
1627220443786000,0,0.00000268,0.5040
1627220449793000,1,144.02000000,0.5041
1627220583803000,1,4202.73750000,0.5047
1627220583961000,1,0.00000796,0.5047
1627220584184000,1,499.62390000,0.5045
1627220643011000,0,238.46990800,0.5048
1627220652559000,1,33.48249100,0.5044
1627220661987000,1,104.15000000,0.5046
1627220679517000,1,830.00000000,0.5048
1627220748195000,0,888.25731811,0.5055
1627220783905000,1,4189.91050000,0.5054
1627220811241000,0,104.75342300,0.5056
1627220826743000,1,1144.79271200,0.5049
1627220853989000,1,700.00000000,0.5050
1627220908421000,1,1844.79270000,0.5053
1627221000258000,1,288.88574061,0.5050
1627221008997000,1,19604.00000000,0.5050
1627221036548000,1,113.75432500,0.5051
1627221046972000,1,87.67000000,0.5051
1627221068329000,1,85.94619400,0.5053
1627221079366000,1,6425.58191071,0.5055
1627221143772000,1,4106.98009274,0.5060
1627221148026000,0,3000.00000000,0.5060
1627221188302000,1,771.62258783,0.5061
1627221334803000,1,624.09000000,0.5062
1627221392193000,0,1727.16733500,0.5065
1627221446206000,1,1974.35803712,0.5062
1627221464149000,1,163.83745974,0.5061
1627221471716000,1,875.39069300,0.5060
1627221482145000,1,287.70000000,0.5059
1627221516264000,0,93.61907490,0.5061
1627221543942000,1,861.80450582,0.5055
1627221575402000,1,1000.00000000,0.5053
1627221580643000,0,1870.56957691,0.5053
1627221646840000,0,95.86000000,0.5051
1627221742890000,1,120.31117300,0.5050
1627221760432000,0,59.07954100,0.5052
1627221787351000,1,82.29736400,0.5044
1627221790030000,1,80.68372000,0.5044
1627221859836000,0,4207.11922367,0.5046
1627221859859000,0,0.00000001,0.5046
1627221908326000,0,236.81748800,0.5046
1627221914406000,1,4000.00000000,0.5042
1627221979517000,0,4210.44118597,0.5041
1627221998217000,1,2000.00000086,0.5038
1627222019588000,1,5318.14809441,0.5038
1627222080236000,1,245.60354214,0.5035
1627222131586000,0,3063.00000000,0.5036
1627222131654000,0,1151.78863331,0.5036
1627222133960000,0,4214.00000000,0.5036
1627222134099000,0,0.78863331,0.5036
1627222140299000,0,4215.00000000,0.5036
1627222142125000,0,0.49266763,0.5036
1627222142125000,0,4214.50733237,0.5036
1627222142781000,0,0.98533526,0.5036
1627222144789000,0,96.16000000,0.5036
1627222194649000,0,1510.00000000,0.5035
1627222194704000,0,2466.00000000,0.5036
1627222195864000,0,744.00000000,0.5036
1627222196416000,0,313.00000000,0.5036
1627222196889000,0,181.00000000,0.5036
1627222197488000,0,511.00000000,0.5036
1627222223066000,0,0.21801267,0.5036
1627222223066000,0,4215.21801266,0.5036
1627222223190000,0,0.00000001,0.5036
1627222244115000,0,4214.42487698,0.5037
1627222251549000,0,469.02532499,0.5039
1627222258761000,1,8100.00000000,0.5038
1627222258761000,1,1984.37585930,0.5036
1627222258761000,1,1066.94978170,0.5036
1627222260608000,1,146.00000000,0.5038
1627222271039000,1,485.69127300,0.5037
1627222289348000,1,533.43800000,0.5038
1627222311878000,1,102.51783900,0.5040
1627222344002000,0,107.97128579,0.5043
1627222361774000,0,98.00000000,0.5044
1627222362656000,0,426.39800000,0.5044
1627222363292000,0,358.09200000,0.5044
1627222363937000,0,88.56260000,0.5044
1627222365317000,0,659.49001181,0.5044
1627222367318000,0,524.30000000,0.5044
1627222374614000,1,71.61808000,0.5040
1627222376268000,0,1013.41800000,0.5044
1627222435439000,0,52.92000000,0.5041
1627222446000000,1,103.33843200,0.5037
1627222544586000,1,43.00000000,0.5045
1627222632850000,0,959.91000000,0.5050
1627222695434000,0,675.90600000,0.5053
1627222704387000,0,932.17600000,0.5054
1627222705056000,0,361.13000000,0.5054
1627222705430000,0,580.16000000,0.5054
1627222705917000,0,218.24600000,0.5054
1627222706346000,0,207.07400000,0.5054
1627222735490000,0,372.10600000,0.5054
1627222741644000,0,65.54480875,0.5054
1627222775766000,0,105.15400000,0.5049
1627222776062000,0,2171.71883000,0.5049
1627222776159000,0,0.00000892,0.5049
1627222872909000,1,938.82500000,0.5047
1627222881304000,1,11701.58380000,0.5045
1627222881955000,1,12607.56170000,0.5044
1627222911831000,1,1000.00000000,0.5041
1627222955863000,1,39.77651960,0.5028
1627222955863000,1,39.77651960,0.5028
1627222957606000,1,496.40515000,0.5025
1627222958171000,1,0.00000489,0.5025
1627222958171000,1,16739.99999511,0.5023
1627222958196000,1,0.00000489,0.5023
1627222959404000,1,198.27815664,0.5021
1627222959421000,1,0.00000001,0.5021
1627222961883000,1,79.06760305,0.5020
1627222962270000,1,70.00000000,0.5017
1627222971518000,1,6263.15689261,0.5019
1627222992400000,1,4219.04020000,0.5025
1627223032738000,1,118.20282600,0.5017
1627223038671000,1,622.21583307,0.5016
1627223038672000,1,0.00000001,0.5016
1627223052309000,0,92.94094966,0.5020
1627223073408000,1,12666.13440000,0.5022
1627223073408000,1,1509.59540000,0.5022
1627223073408000,1,60.15350400,0.5021
1627223086404000,0,53.22143200,0.5027
1627223096628000,1,123.00000000,0.5024
1627223100739000,1,8100.00000000,0.5025
1627223100739000,1,1461.65126439,0.5024
1627223113828000,0,50.00000000,0.5030
1627223115490000,0,1605.89515118,0.5030
1627223133424000,0,1987.00000000,0.5035
1627223217189000,1,12648.67960000,0.5026
1627223217189000,1,4219.47981669,0.5026
1627223217189000,1,1131.84058331,0.5026
1627223220378000,0,96.26000000,0.5030
1627223226525000,1,41.00000000,0.5027
1627223282237000,1,1315.01911107,0.5026
1627223314093000,1,352.46363700,0.5026
1627223335086000,1,1988.95827566,0.5024
1627223335086000,1,4220.65101834,0.5024
1627223337876000,1,10000.00000000,0.5025
1627223344849000,1,0.00000078,0.5024
1627223406709000,1,40.00000000,0.5020
1627223416104000,0,8442.57650000,0.5024
1627223422160000,1,145.50000000,0.5023
1627223430896000,1,884.19960700,0.5022
1627223463527000,1,87.00000000,0.5030
1627223567671000,1,50.87109600,0.5026
1627223600980000,0,53.38472548,0.5031
1627223662944000,1,4213.30222087,0.5033
1627223707713000,1,975.49201000,0.5030
1627223774852000,1,4210.14600000,0.5036
1627223774882000,1,0.00003489,0.5036
1627223835365000,1,88.09144600,0.5034
1627223944848000,1,3505.07469821,0.5027
1627223967356000,0,278.31622300,0.5029
1627223967512000,0,666.66444200,0.5029
1627224038466000,0,193.04352200,0.5033
1627224106352000,0,96.21000000,0.5033
1627224149657000,1,69.92212502,0.5027
1627224153542000,1,270.21217308,0.5027
1627224263763000,1,3000.00000000,0.5037
1627224279242000,0,320.29138500,0.5029
1627224292315000,0,1989.53086000,0.5031
1627224297365000,0,939.71055352,0.5030
1627224306017000,0,9000.00000000,0.5028
1627224319421000,1,851.00000000,0.5023
1627224319568000,1,149.00000000,0.5023
1627224338822000,0,12653.28469999,0.5026
1627224352376000,1,1159.88000000,0.5023
1627224353039000,1,3061.00000000,0.5023
1627224363029000,0,100.42056900,0.5026
1627224390531000,1,0.28300439,0.5023
1627224390531000,1,3000.00000000,0.5023
1627224420353000,0,60.35956600,0.5023
1627224420805000,0,100.00000000,0.5023
1627224499631000,1,4219.07030907,0.5026
1627224531035000,1,316.27524000,0.5022
1627224531985000,1,985.31000000,0.5022
1627224543159000,1,9446.00000000,0.5020
1627224554299000,0,2000.00000000,0.5020
1627224557429000,1,100.00000000,0.5018
1627224600237000,1,352.43206628,0.5018
1627224660474000,1,8100.00000000,0.5023
1627224660474000,1,8157.47839574,0.5022
1627224702047000,1,1452.92600000,0.5028
1627224750366000,1,4212.56560000,0.5033
1627224751986000,1,316.87791200,0.5032
1627224753052000,1,8108.52720000,0.5032
1627224849114000,1,890.81886000,0.5030
1627224899608000,0,1690.16366345,0.5033
1627224919558000,0,2000.00000000,0.5034
1627225001500000,0,494.36351600,0.5047
1627225117853000,0,2184.52710000,0.5047
1627225117893000,0,815.47290000,0.5047
1627225149257000,1,3003.10107043,0.5042
1627225200262000,1,567.77877085,0.5038
1627225231295000,0,12606.14430000,0.5046
1627225270451000,1,3848.64663600,0.5054
1627225277223000,0,402.36288920,0.5060
1627225321338000,1,165.41590000,0.5057
1627225447383000,1,2000.00000000,0.5057
1627225597764000,1,844.39210800,0.5056
1627225629445000,0,262.40948633,0.5058
1627225761141000,1,137.15719200,0.5056
1627225873321000,0,79.07530000,0.5058
1627225882470000,0,57.46000000,0.5057
1627225911088000,1,160.00000000,0.5054
1627225943558000,0,281.33277300,0.5060
1627226054015000,1,58.20000000,0.5056
1627226063420000,0,655.81472256,0.5059
1627226064807000,1,100.00000000,0.5056
1627226187823000,1,242.50000000,0.5050
1627226195644000,0,8386.48750000,0.5054
1627226218271000,0,4200.00000000,0.5053
1627226218382000,0,0.23314487,0.5053
1627226228275000,1,148.31786000,0.5050
1627226238662000,0,4203.11806000,0.5049
1627226245818000,1,876.76687330,0.5048
1627226267301000,0,75.26437400,0.5053
1627226269532000,0,4124.00000000,0.5053
1627226269542000,0,0.77618242,0.5053
1627226280286000,1,585.09713442,0.5051
1627226313880000,1,3353.11285926,0.5051
1627226357370000,0,4200.54011000,0.5052
1627226357391000,0,0.00000745,0.5052
1627226386167000,1,384.83255800,0.5043
1627226492889000,1,85.06294800,0.5039
1627226679327000,1,3000.00000000,0.5038
1627226701951000,0,96.11000000,0.5038
1627226716186000,1,1224.44000000,0.5038
1627226765528000,0,192.20000000,0.5039
1627226803599000,0,4219.93054597,0.5030
1627226803708000,0,4219.93054597,0.5030
1627226804226000,1,262.40948633,0.5029
1627226807713000,1,8428.59670000,0.5029
1627226903407000,1,1000.00000000,0.5033
1627226911013000,1,3000.00000000,0.5029
1627226911013000,1,2116.37419967,0.5029
1627226951822000,0,8417.63470000,0.5038
1627226996715000,0,76.94000000,0.5035
1627227034095000,0,185.89869600,0.5031
1627227057529000,1,12640.67540000,0.5030
1627227057529000,1,1394.87528234,0.5029
1627227131615000,0,667.22580700,0.5040
1627227172007000,0,768.78000000,0.5040
1627227246630000,0,4206.71008935,0.5045
1627227302210000,0,4634.00000000,0.5047
1627227302220000,0,110.00000000,0.5047
1627227302256000,0,1246.00000000,0.5047
1627227316343000,0,8100.00000000,0.5052
1627227316343000,0,4200.08333528,0.5054
1627227316343000,0,1616.81031559,0.5054
1627227349027000,1,187.80000000,0.5048
1627227359426000,0,290.02695900,0.5053
1627227359503000,1,81.26500000,0.5049
1627227359579000,1,40.00000000,0.5049
1627227400866000,0,4203.00000000,0.5049
1627227400946000,0,0.86678534,0.5049
1627227461527000,0,80.57749900,0.5053
1627227481546000,0,1798.00000000,0.5057
1627227491951000,0,1127.45936400,0.5058
1627227533337000,0,3302.00000000,0.5057
1627227533475000,0,301.00000000,0.5057
1627227533512000,0,311.64000000,0.5057
1627227559822000,1,1911.91792400,0.5052
1627227633772000,1,120.23734900,0.5048
1627227692559000,0,4202.41210000,0.5051
1627227720236000,1,73.83212032,0.5049
1627227779891000,1,1912.41291600,0.5050
1627227800220000,0,4200.00000000,0.5053
1627227800233000,0,0.77692637,0.5053
1627227809298000,1,8392.66230000,0.5050
1627227825398000,0,4200.96163000,0.5052
1627227825469000,0,0.00000273,0.5052
1627227833201000,0,8100.00000000,0.5054
1627227833201000,0,1360.71808468,0.5054
1627227931027000,0,191.48000000,0.5056
1627227957358000,0,144.82465000,0.5057
1627227992988000,0,1242.00000000,0.5061
1627227996516000,0,156.19998300,0.5065
1627228037815000,1,7008.41375500,0.5069
1627228058130000,1,12533.31780000,0.5072
1627228062991000,1,12544.36000000,0.5070
1627228068730000,1,1913.37277300,0.5066
1627228073528000,0,286.42000000,0.5073
1627228078131000,1,188.89152800,0.5072
1627228108043000,0,258.67637094,0.5077
1627228112783000,1,12537.42590000,0.5074
1627228124806000,0,3000.00000000,0.5075
1627228160492000,0,687.38000000,0.5072
1627228178390000,0,2787.00000000,0.5072
1627228178490000,0,0.26200000,0.5072
1627228179358000,1,1257.09140000,0.5069
1627228281513000,1,1908.49350000,0.5062
1627228460897000,1,213.81579500,0.5065
1627228488920000,1,2866.44898000,0.5065
1627228501307000,0,401.42456100,0.5069
1627228511727000,0,489.93082500,0.5065
1627228568308000,0,1908.49350000,0.5063
1627228568353000,0,4192.18743924,0.5064
1627228602797000,1,74.31158200,0.5056
1627228644943000,0,4196.00000000,0.5058
1627228704741000,0,1810.00000000,0.5059
1627228704741000,0,2386.32448032,0.5059
1627228824392000,0,68.88001100,0.5046
1627228845109000,1,215.40000000,0.5045
1627228955056000,0,4210.60950000,0.5042
1627228955149000,0,0.00008561,0.5042
1627228979646000,0,4208.34687000,0.5044
1627228979650000,0,0.00000125,0.5044
1627229194454000,0,382.76000000,0.5059
1627229294395000,0,3922.23860000,0.5047
1627229294433000,0,283.93486272,0.5047
1627229298802000,1,168.88311600,0.5045
1627229333274000,0,935.98863276,0.5050
1627229339830000,1,175.00000000,0.5046
1627229370529000,1,43.65000000,0.5047
1627229420966000,1,83.46145100,0.5049
1627229521837000,1,677.29475600,0.5049
1627229602322000,1,1492.88443900,0.5050
1627229697654000,0,59.17731500,0.5047
1627229718341000,0,4204.51871503,0.5050
1627229740124000,0,143.65310000,0.5052
1627229754600000,1,143.80000000,0.5049
1627229760223000,1,403.98070104,0.5048
1627229796688000,1,625.88740500,0.5050
1627229839326000,0,58.50905851,0.5056
1627229870847000,0,3982.65500600,0.5059
1627229872679000,1,3000.00000000,0.5055
1627229872686000,1,8385.04810000,0.5055
1627229872686000,1,4196.38739185,0.5055
1627229885630000,1,400.82314000,0.5050
1627229896801000,0,195.50000000,0.5052
1627229929298000,1,139.94000000,0.5047
1627230005697000,0,1383.00000000,0.5056
1627230005748000,0,1617.00000000,0.5056
1627230108734000,0,345.00000000,0.5065
1627230108754000,0,320.85200000,0.5065
1627230109740000,0,1800.00000000,0.5065
1627230125219000,0,0.41533921,0.5065
1627230125219000,0,4126.40000000,0.5068
1627230292010000,1,207.49000000,0.5065
1627230353930000,1,8386.84100000,0.5054
1627230362045000,1,1008.52445500,0.5052
1627230427709000,0,187.03474475,0.5054
1627230473906000,1,12589.61340000,0.5052
1627230477828000,0,360.85278300,0.5052
1627230503062000,0,115.86380100,0.5050
1627230522891000,0,187.21254852,0.5049
1627230545804000,1,360.85280000,0.5037
1627230545804000,1,55.14720000,0.5037
1627230552353000,0,4847.06920000,0.5042
1627230552436000,0,3000.00000000,0.5042
1627230622918000,1,200.00000000,0.5046
1627230668693000,0,98.23000000,0.5052
1627230725357000,1,129.84009000,0.5051
1627230778016000,1,66.32979500,0.5041
1627230786547000,0,1000.00000000,0.5044
1627230803844000,0,789.92145302,0.5046
1627230814716000,0,3000.00000000,0.5047
1627230814716000,0,4205.70947898,0.5048
1627230887528000,1,671.45762000,0.5047
1627230979796000,1,3000.00000000,0.5049
1627230979796000,1,12599.34250000,0.5048
1627231002764000,1,2128.54230000,0.5047
1627231006195000,0,187.27189159,0.5048
1627231200227000,0,82.31730599,0.5045
1627231203304000,0,57.59000000,0.5045
1627231225006000,0,61.18909812,0.5043
1627231269969000,0,63.16000000,0.5040
1627231320203000,0,78.98729565,0.5037
1627231352747000,1,594.94695100,0.5033
1627231426609000,0,487.80100000,0.5035
1627231426647000,0,2512.19900000,0.5035
1627231502874000,1,201.89547200,0.5034
1627231552581000,1,1148.00000000,0.5031
1627231756095000,1,85.50000000,0.5025
1627231762701000,0,4222.00000000,0.5028
1627231766504000,1,99.37380700,0.5026
1627231833123000,0,1233.71105000,0.5033
1627231942759000,0,384.49769512,0.5033
1627232008475000,0,485.17547100,0.5033
1627232040229000,1,2170.68681339,0.5029
1627232150439000,0,384.67000000,0.5035
1627232172272000,0,3000.00000000,0.5037
1627232185574000,1,12627.98490000,0.5036
1627232293991000,1,12626.07740000,0.5039
1627232299436000,0,1725.00000000,0.5040
1627232299465000,0,339.47200000,0.5040
1627232327317000,1,6000.00000000,0.5038
1627232357265000,0,184.00000000,0.5040
1627232357290000,0,267.63800000,0.5040
1627232357567000,0,807.00000000,0.5040
1627232357619000,0,1767.00000000,0.5040
1627232368793000,0,1185.00000000,0.5040
1627232391213000,0,565.00000000,0.5037
1627232392630000,0,4211.00000000,0.5038
1627232402243000,0,0.72828659,0.5038
1627232402243000,0,4211.27171341,0.5038
1627232402524000,0,0.36401409,0.5038
1627232408515000,0,0.21015704,0.5040
1627232408515000,0,4209.37216232,0.5041
1627232408515000,0,1290.41768064,0.5042
1627232489459000,0,4220.00000000,0.5028
1627232489513000,0,0.66463259,0.5028
1627232494937000,0,4219.00000000,0.5029
1627232495387000,0,0.66791462,0.5029
1627232495726000,0,4218.91153000,0.5030
1627232507977000,0,0.00000554,0.5030
1627232696975000,1,172.20679600,0.5035
1627232856008000,1,2000.00000000,0.5036
1627232902283000,0,75.77000000,0.5042
1627232992286000,1,1372.81960000,0.5038
1627233032623000,1,12069.94430604,0.5040
1627233032664000,1,554.98479396,0.5040
1627233032664000,1,8415.28750000,0.5040
1627233036542000,0,1757.84491500,0.5041
1627233194323000,1,337.71916700,0.5052
1627233217110000,0,383.26000000,0.5054
1627233235419000,0,805.21580600,0.5055
1627233294647000,1,75.87424500,0.5047
1627233295701000,1,75.87424500,0.5047
1627233298756000,1,75.87424600,0.5047
1627233299772000,1,75.87424500,0.5048
1627233300792000,1,75.87424600,0.5048
1627233301814000,1,75.87424500,0.5048
1627233302836000,1,75.87424600,0.5048
1627233303861000,1,75.87424500,0.5048
1627233318194000,1,3000.00000000,0.5045
1627233357950000,0,1824.24863800,0.5049
1627233396647000,0,280.66318289,0.5052
1627233425103000,0,777.00000000,0.5054
1627233425283000,0,292.00000000,0.5054
1627233425384000,0,413.00000000,0.5054
1627233425504000,0,497.86180000,0.5054
1627233429689000,0,0.00001038,0.5054
1627233602385000,0,287.48000000,0.5053
1627233630570000,1,603.05000000,0.5045
1627233696917000,0,4197.93418970,0.5055
1627233719034000,1,12573.79330000,0.5057
1627233779817000,0,160.01931966,0.5062
1627233792431000,1,3000.00000000,0.5061
1627234025618000,1,843.13049900,0.5069
1627234028610000,1,593.56063800,0.5069
1627234160953000,0,195.63406400,0.5075
1627234187208000,1,345.89376000,0.5073
1627234194992000,0,4178.68239826,0.5080
1627234195009000,0,3000.00000000,0.5079
1627234267821000,1,3000.00000000,0.5074
1627234269115000,0,4183.58093966,0.5074
1627234269121000,0,12953.52980000,0.5072
1627234346505000,0,566.36330000,0.5077
1627234523220000,1,1138.45000000,0.5075
1627234627883000,0,57.24000000,0.5076
1627234638992000,1,59.78705700,0.5073
1627234867263000,0,163.74619500,0.5072
1627234920595000,1,85.12245000,0.5069
1627234989070000,0,258.20449700,0.5073
1627235049636000,1,185.00000000,0.5069
1627235106033000,0,100.00000000,0.5076
1627235273753000,0,78.04417800,0.5073
1627235279626000,1,95.08000000,0.5070
1627235280233000,1,1247.89830374,0.5070
1627235280233000,1,388.22020299,0.5069
1627235289417000,0,62.73342007,0.5072
1627235471908000,1,69.75000000,0.5065
1627235582782000,1,296.00000000,0.5062
1627235588618000,0,92.55148700,0.5068
1627235602665000,1,113.35029300,0.5064
1627235603656000,1,113.35029300,0.5064
1627235604661000,1,113.35029300,0.5064
1627235605715000,1,113.35029300,0.5064
1627235606717000,1,113.35029300,0.5064
1627235607897000,1,113.35029300,0.5064
1627235608781000,1,113.35029400,0.5064
1627235609802000,1,113.35029300,0.5064
1627235610813000,1,113.35029400,0.5065
1627235611885000,1,113.35029300,0.5065
1627235880267000,1,141.13943356,0.5067
1627235954015000,1,7491.68179619,0.5068
1627235997224000,0,174.40865700,0.5076
1627236043913000,1,4180.40077000,0.5072
1627236044328000,1,60.00000000,0.5068
1627236224116000,0,195.80583900,0.5083
1627236240270000,1,100.17206784,0.5077
1627236323747000,1,399.14658600,0.5079
1627236349147000,1,3000.00000000,0.5078
1627236349155000,1,12518.04430000,0.5077
1627236509995000,0,186.13977118,0.5078
1627236720230000,1,1711.21270929,0.5074
1627236857062000,0,5437.74980300,0.5079
1627236909261000,1,4173.98492518,0.5080
1627236982778000,0,96.94500217,0.5083
1627237025090000,1,342.37448900,0.5081
1627237067572000,0,4171.83081547,0.5087
1627237107546000,0,57.10000000,0.5088
1627237197097000,1,86.70036700,0.5084
1627237215519000,0,250.00000000,0.5088
1627237249661000,0,155.33418400,0.5086
1627237388925000,1,209.18233300,0.5080
1627237525900000,0,1167.40888801,0.5085
1627237607841000,1,61.25926663,0.5081
1627237607977000,1,398.21947100,0.5081
1627237781229000,0,3925.83786442,0.5083
1627237826119000,1,804.06319424,0.5080
1627237833262000,1,40.38146100,0.5080
1627238025054000,1,113.16049400,0.5077
1627238037460000,1,129.26219000,0.5077
1627238111699000,1,622.04333100,0.5083
1627238207083000,1,548.61911900,0.5085
1627238238475000,0,95.17000000,0.5088
1627238311918000,0,217.00000000,0.5085
1627238344029000,1,5039.00000000,0.5082
1627238523775000,1,500.00000000,0.5076
1627238550087000,1,9993.52891791,0.5073
1627238598780000,0,95.37000000,0.5077
1627238631553000,1,44.49826200,0.5074
1627238718444000,0,775.00000000,0.5084
1627238728672000,1,1139.13000000,0.5081
1627238760250000,1,3305.10420461,0.5079
1627238761746000,0,8100.00000000,0.5082
1627238761746000,0,4175.95405600,0.5082
1627238761746000,0,7724.04594400,0.5082
1627238771287000,0,116.51363368,0.5083
1627238923470000,0,95.33000000,0.5079
1627238976634000,1,590.64419594,0.5077
1627239018903000,0,4178.39631372,0.5080
1627239018903000,0,4054.40000000,0.5080
1627239018921000,0,8358.30774428,0.5080
1627239019140000,0,1355.61733604,0.5080
1627239019140000,0,3000.00000000,0.5080
1627239077147000,0,4175.62432125,0.5082
1627239179307000,1,3000.00000000,0.5080
1627239216510000,1,95.26942200,0.5080
1627239240222000,1,150.62041433,0.5078
1627239257369000,0,400.67485300,0.5079
1627239346611000,1,172.95249500,0.5076
1627239349812000,0,362.80774400,0.5080
1627239601197000,1,96.13870900,0.5077
1627239694676000,0,4172.15606197,0.5087
1627239731832000,1,52.75000000,0.5083
1627239900868000,0,4173.27727000,0.5085
1627239900876000,0,0.00000021,0.5085
1627239904812000,1,470.75000000,0.5084
1627239906756000,1,413.76498865,0.5083
1627239958541000,0,4913.57980584,0.5089
1627240012340000,0,464.74544238,0.5085
1627240121407000,1,398.15677100,0.5070
1627240134816000,0,100.00000000,0.5069
1627240141444000,0,3000.00000000,0.5065
1627240141444000,0,2000.00000000,0.5065
1627240155553000,0,93.20324000,0.5064
1627240171603000,0,24160.23280000,0.5056
1627240185670000,1,9999.99999999,0.5055
1627240185682000,1,0.00000001,0.5055
1627240195359000,1,11938.88444143,0.5050
1627240196139000,0,57.45000000,0.5055
1627240368732000,1,4184.61898000,0.5067
1627240385741000,1,229.63265300,0.5067
1627240425547000,1,129.62492600,0.5069
1627240440257000,1,94.57755360,0.5070
1627240536327000,0,202.66866100,0.5080
1627240583541000,0,57.19000000,0.5080
1627240589172000,1,4177.49990000,0.5076
1627240601293000,0,112.84000000,0.5079
1627240694055000,0,1792.49579368,0.5082
1627240790085000,1,4170.48696000,0.5084
1627240839969000,0,433.44911721,0.5086
1627240927156000,0,80.57430600,0.5086
1627240989298000,0,3000.00000000,0.5088
1627240989502000,0,25844.61904065,0.5089
1627241107783000,1,14280.00000000,0.5080
1627241164548000,1,407.39853300,0.5079
1627241165573000,1,407.39853300,0.5079
1627241166590000,1,407.39853300,0.5079
1627241167633000,1,407.39853300,0.5079
1627241168625000,1,407.39853300,0.5080
1627241169646000,1,407.39853300,0.5080
1627241172738000,1,407.39853400,0.5078
1627241322804000,1,44.50272400,0.5082
1627241465718000,1,288.32560000,0.5089
1627241467517000,0,122.79524138,0.5095
1627241467517000,0,369.16194149,0.5095
1627241467517000,0,494.03254651,0.5095
1627241467517000,0,619.24190244,0.5095
1627241467531000,0,0.00000001,0.5095
1627241480707000,0,4528.06972900,0.5094
1627241505139000,1,59.98000000,0.5090
1627241555605000,1,67.66942200,0.5093
1627241587265000,1,3000.00000000,0.5097
1627241592889000,0,4901.93347971,0.5101
1627241757681000,1,71.30000000,0.5092
1627242082337000,1,99.65600971,0.5091
1627242133868000,1,8100.00000000,0.5083
1627242133868000,1,11900.00000000,0.5083
1627242181256000,1,42.38000000,0.5083
1627242372130000,0,369.57653500,0.5079
1627242390990000,0,190.61000000,0.5081
1627242534123000,0,4181.99473626,0.5074
1627242534139000,0,0.00000001,0.5074
1627242546135000,1,66.65891200,0.5074
1627242613992000,0,95.27000000,0.5083
1627242751380000,0,4178.52220276,0.5079
1627242883226000,0,322.88846932,0.5085
1627243107853000,0,57.27756300,0.5083
1627243202964000,0,87.00000000,0.5083
1627243203686000,0,8100.00000000,0.5082
1627243203686000,0,3000.00000000,0.5082
1627243205050000,1,1966.05084498,0.5079
1627243205050000,1,4915.39619502,0.5079
1627243205210000,1,0.00000558,0.5079
1627243205210000,1,12514.06519442,0.5079
1627243207653000,0,8100.00000000,0.5082
1627243207653000,0,4177.00000000,0.5082
1627243208292000,0,8100.00000000,0.5082
1627243208292000,0,0.50589808,0.5082
1627243208292000,0,1887.16410192,0.5083
1627243211037000,0,8100.00000000,0.5083
1627243219948000,0,6409.00000000,0.5082
1627243219983000,0,1691.00000000,0.5082
1627243222293000,0,8100.00000000,0.5082
1627243222293000,0,2437.00000000,0.5082
1627243222356000,0,1740.06506889,0.5082
1627243225659000,1,1966.49935311,0.5080
1627243225659000,1,4917.40722819,0.5080
1627243225756000,1,0.00000001,0.5080
1627243245106000,1,1968.41167000,0.5077
1627243254283000,0,516.00000000,0.5079
1627243254752000,0,146.00000000,0.5079
1627243254801000,0,1992.00000000,0.5079
1627243254855000,0,1525.00642910,0.5079
1627243306707000,0,93.10105188,0.5077
1627243337135000,0,4088.93843000,0.5077
1627243348388000,0,966.08400000,0.5076
1627243353108000,0,3215.00000000,0.5076
1627243354564000,0,0.55020289,0.5076
1627243354564000,0,4181.44979711,0.5076
1627243354606000,0,0.18440578,0.5076
1627243356398000,0,0.00000043,0.5077
1627243356398000,0,4179.99999957,0.5077
1627243385084000,0,370.00000000,0.5075
1627243435887000,1,204.97327400,0.5067
1627243490641000,0,4188.79523000,0.5068
1627243505039000,0,0.00000542,0.5068
1627243710378000,0,4183.53480000,0.5074
1627243710384000,0,0.00002947,0.5074
1627243726196000,1,654.00000000,0.5074
1627243800233000,1,100.00000000,0.5073
1627243810105000,1,66.56000000,0.5072
1627243854340000,1,258.67637094,0.5076
1627243960245000,1,807.77726400,0.5080
1627244062309000,0,654.00000000,0.5086
1627244102875000,0,581.76187600,0.5085
1627244201039000,0,195.33655941,0.5094
1627244221529000,0,8100.00000000,0.5097
1627244221529000,0,4166.35447282,0.5097
1627244221529000,0,4272.30000000,0.5097
1627244221529000,0,44040.00000000,0.5099
1627244221529000,0,12074.33630000,0.5099
1627244221529000,0,8332.20915376,0.5099
1627244221529000,0,11535.95355753,0.5099
1627244273719000,1,3000.00000000,0.5097
1627244273719000,1,6086.81450000,0.5096
1627244294106000,1,341.98742000,0.5096
1627244297627000,0,1402.78540000,0.5101
1627244387584000,1,100.00000000,0.5095
1627244413990000,1,1165.37646100,0.5090
1627244535938000,1,44.75824500,0.5092
1627244543504000,0,342.07000000,0.5096
1627244729166000,0,4166.93010000,0.5097
1627244729566000,0,16260.00000000,0.5097
1627244929389000,0,8100.00000000,0.5095
1627244929389000,0,4168.11453057,0.5095
1627244929389000,0,4272.30000000,0.5096
1627244929389000,0,6086.81450000,0.5097
1627244929389000,0,8337.18556135,0.5097
1627244929389000,0,16200.00000000,0.5097
1627244929389000,0,5936.48972567,0.5097
1627244982628000,1,1078.35750000,0.5089
1627244982628000,1,527.53765118,0.5089
1627244983049000,0,195.38258683,0.5093
1627245132012000,0,95.26963400,0.5094
1627245154795000,0,3488.63257092,0.5091
1627245169162000,0,97.50000000,0.5090
1627245176422000,1,1270.68230000,0.5090
1627245176689000,1,0.00000486,0.5090
1627245187359000,0,2999.99999999,0.5088
1627245236361000,0,1555.37615700,0.5090
1627245250620000,0,4371.50000000,0.5091
1627245351792000,0,95.15000000,0.5089
1627245396017000,1,3000.00000000,0.5087
1627245396017000,1,6327.96570000,0.5087
1627245622055000,1,197.84000000,0.5091
1627245823282000,0,76.00000000,0.5097
1627245827678000,1,160.00000000,0.5093
1627246006176000,1,791.54761400,0.5088
1627246395723000,0,237.92974200,0.5101
1627246404061000,0,160.00000000,0.5099
1627246404061000,0,67.80000000,0.5099
1627246442706000,0,843.59030900,0.5101
1627246454065000,1,50.11245200,0.5099
1627246538928000,0,3858.22288147,0.5098
1627246590594000,0,4166.56396193,0.5097
1627246590594000,0,4371.50000000,0.5098
1627246590594000,0,6057.26310103,0.5099
1627246604409000,0,3000.00000000,0.5098
1627246614547000,1,166.24334000,0.5094
1627246656071000,1,150.23899418,0.5099
1627246694923000,0,70.25761100,0.5100
1627246701018000,1,398.00000000,0.5096
1627246826811000,1,40.00000000,0.5098
1627246955810000,0,72.14824000,0.5101
1627246978685000,0,350.00000000,0.5100
1627246997109000,0,341.95604000,0.5099
1627247068138000,0,151.82000000,0.5103
1627247086694000,1,530.49900000,0.5099
1627247112259000,0,228.42745400,0.5102
1627247355660000,0,4164.99076918,0.5099
1627247355925000,0,173.00000000,0.5100
1627247410696000,1,54.70000000,0.5102
1627247546470000,0,40.17343400,0.5101
1627247566038000,1,327.37048000,0.5098
1627247601872000,0,0.81986600,0.5101
1627247601872000,0,120.82997000,0.5102
1627247657161000,1,40.06401800,0.5098
1627247759595000,0,94.89000000,0.5103
1627247791615000,0,2653.00000000,0.5104
1627247791764000,0,2197.00000000,0.5104
1627247791790000,0,329.08400000,0.5104
1627247792152000,0,740.00000000,0.5104
1627247796049000,0,5046.00000000,0.5104
1627247796088000,0,4274.91600000,0.5104
1627247812837000,0,2129.00000000,0.5106
1627247812842000,0,2363.00000000,0.5106
1627247812850000,0,3263.00000000,0.5106
1627247814240000,0,12585.00000000,0.5106
1627247818464000,1,7791.59606933,0.5105
1627247880280000,1,106.84683129,0.5109
1627247991038000,0,13378.05656251,0.5108
1627248058216000,1,70.00000000,0.5111
1627248085132000,0,3407.56000000,0.5116
1627248124434000,0,183.34000000,0.5116
1627248138441000,0,5556.37470000,0.5119
1627248138546000,0,8603.62530000,0.5119
1627248140040000,0,7049.23060282,0.5122
1627248140879000,0,6330.76930000,0.5122
1627248151773000,1,1090.00000000,0.5120
1627248216857000,0,755.07161549,0.5120
1627248217017000,1,4523.75000000,0.5116
1627248325439000,0,1362.74299430,0.5124
1627248411000000,1,540.04750000,0.5112
1627248562857000,0,38.87803543,0.5119
1627248651137000,1,410.00000000,0.5114
1627248688687000,1,167.07251000,0.5110
1627248702113000,0,189.32000000,0.5113
1627248877379000,1,464.09927500,0.5107
1627248893826000,0,200.00000000,0.5113
1627248914144000,0,486.40024900,0.5115
1627248962883000,1,1132.60343400,0.5110
1627249030641000,1,800.00000000,0.5110
1627249042298000,0,63.66417900,0.5113
1627249052047000,1,2340.20941000,0.5110
1627249058018000,1,3180.28881000,0.5110
1627249058040000,1,0.00000458,0.5110
1627249058040000,1,0.00000383,0.5110
1627249062840000,0,859.20356891,0.5111
1627249078683000,0,56.86000000,0.5109
1627249140264000,0,1732.85464400,0.5111
1627249144990000,0,63.34525500,0.5111
1627249298645000,1,77.00000000,0.5106
1627249313833000,1,200.00000000,0.5100
1627249646431000,1,3000.00000000,0.5103
1627249646431000,1,1933.28153000,0.5103
1627249690554000,1,395.15742000,0.5097
1627249815733000,1,286.01914800,0.5103
1627249966559000,1,2991.03147741,0.5106
1627249996776000,1,127.93060000,0.5102
1627249996776000,1,729.71940000,0.5102
1627250160287000,1,231.60854148,0.5104
1627250187132000,1,74.41500000,0.5105
1627250190948000,0,1049.00000000,0.5110
1627250191203000,0,1951.00000000,0.5110
1627250240105000,0,3000.00000000,0.5117
1627250305184000,0,1040.03148582,0.5113
1627250528511000,1,50.18000000,0.5103
1627250609181000,0,200.00000000,0.5112
1627250649936000,0,100.34833400,0.5112
1627250808927000,1,836.08000000,0.5104
1627250908545000,0,204.03196300,0.5109
1627251031080000,0,300.88724800,0.5111
1627251430531000,1,85.87141200,0.5101
1627251583250000,1,181.00000000,0.5099
1627251583466000,1,1962.91893221,0.5099
1627251667813000,0,800.90604408,0.5099
1627251692478000,0,4646.00000000,0.5099
1627251692501000,0,4376.00000000,0.5099
1627251692530000,0,8318.00000000,0.5099
1627251733531000,1,5004.95390600,0.5095
1627252166036000,0,17280.00000000,0.5108
1627252237918000,1,709.41716600,0.5110
1627252248444000,1,40.44441200,0.5110
1627252292497000,1,229.62000000,0.5113
1627252358353000,0,472.87000000,0.5120
1627252494850000,1,498.79437700,0.5115
1627252588068000,1,3540.83861000,0.5118
1627252679816000,1,144.38390611,0.5111
1627252684587000,1,2726.73741000,0.5111
1627252838616000,0,520.32308200,0.5112
1627252851914000,1,85.20000000,0.5107
1627252856986000,1,70.00000000,0.5106
1627252889785000,1,3212.26531000,0.5110
1627253075447000,0,947.47000000,0.5111
1627253156254000,1,1377.82220400,0.5108
1627253282081000,1,5082.08301000,0.5111
1627253289169000,1,0.00000460,0.5111
1627253332325000,1,25000.00000000,0.5110
1627253337407000,0,208.41000000,0.5112
1627253427957000,1,8295.03530000,0.5109
1627253427957000,1,12452.13120000,0.5109
1627253428144000,0,9561.97143103,0.5109
1627253451123000,0,947.04000000,0.5113
1627253786442000,0,181.93000000,0.5110
1627253835025000,0,3000.00000000,0.5112
1627253988234000,1,5197.57744000,0.5116
1627253988280000,1,3695.58784000,0.5116
1627254016191000,1,5547.95098000,0.5116
1627254047622000,1,150.00000000,0.5114
1627254074828000,1,332.82375900,0.5114
1627254098018000,1,3683.56855000,0.5116
1627254328942000,1,3942.20853973,0.5119
1627254409274000,0,389.29314900,0.5121
1627254530372000,0,413.89462176,0.5122
1627254729197000,0,41.28221636,0.5125
1627254730204000,0,1091.44665153,0.5125
1627254730435000,0,543.31263211,0.5125
1627255071599000,1,78.78888000,0.5109
1627255133028000,1,56.37673800,0.5112
1627255212531000,1,39.36537190,0.5117
1627255555142000,0,3942.20853973,0.5127
1627255575367000,0,544.02128200,0.5129
1627255886277000,1,115.80000000,0.5132
1627255911223000,1,2000.00000000,0.5134
1627255980845000,1,64.00000000,0.5135
1627256029206000,0,79.06760305,0.5138
1627256029206000,0,598.85303295,0.5138
1627256120706000,0,64.00000000,0.5147
1627256120714000,0,134.27815665,0.5147
1627256266264000,0,38.76117720,0.5144
1627256368084000,0,2078.78796900,0.5147
1627256581786000,1,4020.50000000,0.5146
1627256605102000,1,3813.75338000,0.5148
1627256676827000,1,4907.30068878,0.5148
1627256679434000,1,691.38452000,0.5146
1627256685104000,1,2836.09611095,0.5148
1627256724490000,0,524.45302098,0.5152
1627256741196000,0,3014.14141000,0.5152
1627257021205000,1,41.00000000,0.5143
1627257059437000,1,1942.61514000,0.5144
1627257074606000,0,7743.39679973,0.5147
1627257214160000,0,1000.00000000,0.5148
1627257304202000,0,100.00000000,0.5147
1627257341706000,0,191.37361570,0.5146
1627257457034000,1,3937.51874929,0.5148
1627257480845000,1,8200.00000000,0.5144
1627257480845000,1,3000.00000000,0.5144
1627257480845000,1,1942.44911755,0.5143
1627257480845000,1,12166.99513150,0.5142
1627257480845000,1,11660.46419569,0.5142
1627257480845000,1,8239.83760000,0.5142
1627257480845000,1,12363.04640000,0.5142
1627257480845000,1,4858.06602148,0.5142
1627257480845000,1,4123.40173067,0.5142
1627257480845000,1,18960.00000000,0.5141
1627257480845000,1,7006.89328722,0.5141
1627257541471000,0,110.94186342,0.5150
1627257595831000,0,3000.00000000,0.5155
1627257595831000,0,4117.10755753,0.5156
1627257595831000,0,29.74203266,0.5157
1627257608702000,1,2999.99999999,0.5152
