timestamp ms,type,amount,price
1627344134875000,1,1890.84528347,0.5284
1627344163119000,0,2999.99999999,0.5285
1627344163132000,0,0.00000001,0.5285
1627344164329000,1,1892.12610641,0.5282
1627344164484000,1,0.00000001,0.5282
1627344164484000,1,3000.00000000,0.5280
1627344164484000,1,4730.58021471,0.5280
1627344164487000,1,0.00000002,0.5280
1627344191308000,1,4211.89929579,0.5270
1627344193644000,1,1892.12610642,0.5270
1627344224963000,0,38.00000000,0.5273
1627344273130000,1,499.99999999,0.5261
1627344273141000,1,0.00000001,0.5261
1627344274255000,1,84.59783000,0.5258
1627344345928000,1,82.19200500,0.5288
1627344365327000,0,267.18827100,0.5300
1627344365997000,0,730.18900000,0.5300
1627344465604000,0,165.27296400,0.5324
1627344491243000,0,2784.20520000,0.5325
1627344504606000,0,0.00003528,0.5325
1627344581424000,0,985.22750000,0.5323
1627344729490000,0,175.57323900,0.5294
1627344730604000,1,235.77870000,0.5290
1627344730604000,1,1889.28773851,0.5290
1627344730620000,1,0.00000001,0.5290
1627344763394000,1,3000.00000000,0.5268
1627344776559000,1,84.28659000,0.5260
1627344791882000,0,2817.72355033,0.5262
1627344812152000,1,1903.65234739,0.5241
1627344812152000,1,6220.27721576,0.5241
1627344813501000,0,3000.00000000,0.5245
1627344896733000,0,86.26781600,0.5234
1627344945868000,1,85.80340000,0.5249
1627344948385000,1,1817.23308000,0.5249
1627344965803000,1,0.00000502,0.5249
1627345008840000,0,3000.00000000,0.5260
1627345016840000,1,3000.00000000,0.5263
1627345094755000,1,324.39865011,0.5254
1627345095985000,1,1576.40957000,0.5254
1627345144826000,0,898.99345684,0.5257
1627345172993000,0,4833.46704399,0.5257
1627345172993000,0,7052.03925601,0.5258
1627345173328000,0,3838.30000000,0.5258
1627345175830000,0,3838.30000000,0.5262
1627345183073000,0,3000.00000000,0.5267
1627345184565000,0,3000.00000000,0.5265
1627345194834000,0,2410.59040000,0.5270
1627345194850000,0,589.40960000,0.5270
1627345195733000,0,3898.10000000,0.5270
1627345196272000,1,2999.99999999,0.5269
1627345284330000,1,819.86044400,0.5305
1627345284568000,1,819.86044400,0.5305
1627345328834000,1,3986.38989000,0.5306
1627345396455000,1,3000.00000000,0.5293
1627345396455000,1,4984.78289999,0.5292
1627345407889000,0,3000.00000000,0.5293
1627345443407000,0,32400.00000000,0.5310
1627345443410000,0,10225.00000000,0.5310
1627345443410000,0,3852.40000000,0.5310
1627345550100000,1,819.86040000,0.5317
1627345585901000,0,819.86050000,0.5320
1627345597828000,0,8071.39402361,0.5336
1627345598277000,0,8100.00000000,0.5339
1627345598277000,0,3000.00000000,0.5339
1627345598277000,0,8100.00000000,0.5339
1627345598277000,0,3966.80824318,0.5340
1627345598277000,0,29597.70000000,0.5341
1627345598277000,0,850.15362553,0.5341
1627345598277000,0,1874.31602928,0.5341
1627345598277000,0,1874.51965434,0.5341
1627345598277000,0,7934.30430969,0.5341
1627345598277000,0,11806.56762113,0.5342
1627345598277000,0,11904.08719384,0.5342
1627345598277000,0,12178.29003706,0.5343
1627345598277000,0,19544.63000000,0.5343
1627345598277000,0,500.00000000,0.5346
1627345598277000,0,3793.00000000,0.5346
1627345598277000,0,2734.57143704,0.5347
1627345598626000,0,8423.44474200,0.5339
1627345629727000,1,3000.00000000,0.5332
1627345708593000,0,75.94470000,0.5349
1627345708679000,0,0.00008148,0.5349
1627345709089000,0,38.13540000,0.5349
1627345711744000,0,0.00000739,0.5349
1627345711744000,0,2999.99999261,0.5351
1627345712654000,0,1868.88198495,0.5358
1627345712654000,0,498.74380875,0.5358
1627345712676000,0,1938.77070000,0.5358
1627345712677000,0,428.85500000,0.5358
1627345712702000,0,1868.88190000,0.5358
1627345713427000,0,7510.77850000,0.5360
1627345714273000,0,3000.00000000,0.5364
1627345714273000,0,8100.00000000,0.5364
1627345714273000,0,3950.49596808,0.5365
1627345714934000,0,1868.88198495,0.5370
1627345714934000,0,1036.28286916,0.5371
1627345715458000,1,187.00000000,0.5365
1627345715964000,1,2999.99999999,0.5365
1627345715979000,1,0.00000001,0.5365
1627345716936000,0,3000.00000000,0.5375
1627345718212000,1,2813.00000000,0.5367
1627345718329000,0,3000.00000000,0.5379
1627345737722000,1,3000.00000000,0.5367
1627345759477000,1,3000.00000000,0.5362
1627345759671000,1,3000.00000000,0.5360
1627345759671000,1,732.20000000,0.5360
1627345769515000,0,3000.00000000,0.5361
1627345769516000,0,3949.87160000,0.5362
1627345769526000,0,0.00000345,0.5362
1627345776302000,0,3000.00000000,0.5358
1627345795475000,0,3947.53883000,0.5364
1627345814809000,1,3000.00000000,0.5359
1627345853689000,0,3000.00000000,0.5355
1627345854205000,0,2999.99999999,0.5357
1627345969938000,0,3972.69865288,0.5331
1627345969949000,0,0.00000001,0.5331
1627345997526000,0,3972.82329306,0.5331
1627345997541000,0,0.00000001,0.5331
1627345997657000,0,1474.94960419,0.5333
1627346047876000,1,3000.00000000,0.5335
1627346154650000,1,3000.00000000,0.5323
1627346163858000,1,3000.00000000,0.5318
1627346171516000,0,3000.00000000,0.5319
1627346171516000,0,3982.40507338,0.5319
1627346171536000,0,0.00000001,0.5319
1627346188562000,0,2999.99999999,0.5321
1627346199960000,0,47.76990000,0.5326
1627346203282000,0,93.26017800,0.5326
1627346307927000,0,3997.13734000,0.5301
1627346308779000,0,2952.23010000,0.5303
1627346328951000,1,2999.99999999,0.5303
1627346328965000,1,0.00000001,0.5303
1627346412435000,1,3000.00000000,0.5301
1627346425900000,1,473.22574194,0.5300
1627346645831000,1,9477.18927000,0.5321
1627346645889000,1,3500.00000000,0.5321
1627346645947000,1,7500.00000000,0.5321
1627346646011000,1,4000.00000000,0.5321
1627346646061000,1,3965.71073000,0.5321
1627346666881000,1,3978.49871903,0.5318
1627346667028000,1,1879.51553000,0.5317
1627346667081000,1,0.00000608,0.5317
1627346674825000,1,397.97508375,0.5314
1627346690722000,1,4702.49650000,0.5311
1627346690734000,1,0.00000865,0.5311
1627346724251000,0,281.48000000,0.5297
1627346758901000,0,3000.00000000,0.5287
1627346758901000,0,1004.48790000,0.5288
1627346764393000,0,3000.00000000,0.5291
1627346770520000,1,68.56829400,0.5289
1627346875032000,0,376.10437240,0.5306
1627346916498000,1,2999.99999999,0.5287
1627346928009000,0,3000.00000000,0.5291
1627347010600000,1,3000.00000000,0.5293
1627347029662000,1,3000.00000000,0.5286
1627347035281000,1,399.83363616,0.5284
1627347049345000,0,3000.00000000,0.5291
1627347053003000,0,2999.99999999,0.5293
1627347053004000,0,0.00000001,0.5293
1627347077525000,0,473.22570000,0.5295
1627347080547000,0,2999.99999999,0.5298
1627347119037000,0,91.39000000,0.5299
1627347227409000,1,3000.00000000,0.5274
1627347269772000,0,75.63896900,0.5279
1627347275425000,1,400.99444382,0.5273
1627347309378000,0,1760.59675371,0.5284
1627347309533000,0,4009.30460000,0.5284
1627347314673000,0,880.29830000,0.5286
1627347314694000,0,0.00007685,0.5286
1627347326339000,0,657.04399200,0.5291
1627347359791000,0,4000.29760000,0.5295
1627347384584000,1,516.49533500,0.5292
1627347473564000,0,3990.11290000,0.5308
1627347473606000,0,0.00008025,0.5308
1627347473606000,0,79.24401975,0.5310
1627347473854000,0,440.85640000,0.5310
1627347515701000,1,399.76971271,0.5315
1627347588478000,0,3978.14285000,0.5324
1627347641354000,1,830.03148000,0.5328
1627347690627000,1,270.61582541,0.5328
1627347733301000,1,1875.77141099,0.5326
1627347733301000,1,1875.37038565,0.5326
1627347733301000,1,16337.48676763,0.5326
1627347733302000,1,20491.51323237,0.5326
1627347733679000,1,440.85630000,0.5326
1627347734110000,1,1434.91511099,0.5326
1627347734110000,1,1875.37037901,0.5326
1627347736140000,1,57.72151300,0.5327
1627347796019000,1,1514.83420000,0.5325
1627347807818000,1,3974.32627875,0.5324
1627347811378000,1,1514.73075781,0.5319
1627347833934000,1,1878.17411000,0.5320
1627347948990000,1,1879.23290000,0.5317
1627347995980000,1,398.19693143,0.5305
1627348114383000,1,3000.00000000,0.5287
1627348118648000,0,2999.99999999,0.5291
1627348118759000,0,0.00000001,0.5291
1627348169134000,1,241.73824000,0.5281
1627348189633000,1,101.27365000,0.5280
1627348244730000,0,96.69847100,0.5287
1627348320318000,1,184.50834531,0.5271
1627348381071000,0,1750.00000000,0.5268
1627348396930000,0,942.12680100,0.5265
1627348464349000,1,285.78190000,0.5266
1627348673894000,0,4019.77168023,0.5270
1627348673951000,0,8040.12060365,0.5271
1627348694190000,1,4280.00000000,0.5260
1627348700621000,1,499.99999999,0.5257
1627348700648000,1,0.00000001,0.5257
1627348703037000,1,38.09625400,0.5250
1627348775039000,1,2069.43983093,0.5239
1627348775057000,1,6030.56016907,0.5239
1627348775057000,1,3000.00000000,0.5239
1627348785612000,1,1593.54620000,0.5231
1627348787164000,1,0.00009045,0.5231
1627348787217000,1,75.94470000,0.5226
1627348787580000,1,0.00008148,0.5226
1627348787580000,1,3000.00000000,0.5223
1627348787580000,1,650.22352531,0.5223
1627348790576000,0,3000.00000000,0.5229
1627348791675000,0,3000.00000000,0.5231
1627348800353000,0,593.85280000,0.5238
1627348800353000,0,1175.40258700,0.5238
1627348802634000,0,45.36549400,0.5238
1627348813012000,1,524.45302098,0.5236
1627348848882000,0,524.45300000,0.5233
1627348848882000,0,4048.61022060,0.5233
1627348857521000,0,834.78948400,0.5232
1627348859465000,1,8100.00000000,0.5224
1627348859706000,1,3974.30000000,0.5223
1627348859706000,1,56.21500000,0.5221
1627348860316000,1,8100.00000000,0.5223
1627348860569000,1,4047.47890000,0.5224
1627348860661000,0,18263.64000000,0.5224
1627348861157000,1,4052.52110000,0.5224
1627348867061000,1,8100.00000000,0.5227
1627348870684000,1,8000.00000000,0.5224
1627348878770000,1,3000.00000000,0.5232
1627348879023000,1,1911.00817000,0.5229
1627348882286000,1,300.61070000,0.5221
1627348882345000,1,3386.08930000,0.5221
1627348882434000,1,3000.00000000,0.5222
1627348883742000,0,3000.00000000,0.5224
1627348892331000,0,3000.00000000,0.5236
1627348894243000,1,12136.27760000,0.5229
1627348894243000,1,1910.54083590,0.5229
1627348894244000,1,871.59796920,0.5227
1627348897704000,1,3000.00000000,0.5228
1627348898964000,0,3000.00000000,0.5233
1627348900981000,1,3000.00000000,0.5231
1627348902385000,0,2999.99999999,0.5233
1627348907386000,0,1967.22320000,0.5238
1627348907386000,0,261.31936700,0.5238
1627348908101000,0,261.31930000,0.5238
1627348913004000,0,3000.00000000,0.5237
1627348933442000,0,12416.15221706,0.5240
1627348945436000,1,2999.99999999,0.5241
1627348971747000,1,1905.93087000,0.5240
1627348971764000,1,0.00000570,0.5240
1627349034171000,1,3000.00000000,0.5231
1627349034974000,1,1910.85480000,0.5228
1627349036527000,0,3000.00000000,0.5228
1627349041717000,0,835.27628500,0.5227
1627349068955000,0,3000.00000000,0.5231
1627349080466000,0,4046.00000000,0.5233
1627349087104000,1,3000.00000000,0.5222
1627349181440000,0,3000.00000000,0.5232
1627349181976000,0,3000.00000000,0.5234
1627349202939000,1,3000.00000000,0.5240
1627349241033000,1,3000.00000000,0.5237
1627349385728000,0,4037.00000000,0.5245
1627349387704000,0,0.08028792,0.5245
1627349387704000,0,4036.91971208,0.5245
1627349387712000,0,0.16057584,0.5245
1627349392350000,1,12109.66470000,0.5242
1627349436688000,1,80.55067300,0.5245
1627349497822000,1,1902.52230000,0.5252
1627349503873000,0,4028.19434000,0.5257
1627349710601000,0,4037.95713000,0.5244
1627349723463000,1,289.00497637,0.5243
1627349773521000,1,9000.00000000,0.5250
1627349773567000,1,3086.85740000,0.5250
1627349800715000,1,3214.53260000,0.5239
1627349853817000,1,3000.00000000,0.5235
1627349853925000,1,7333.52800901,0.5233
1627349854147000,1,1909.31510000,0.5234
1627349857560000,1,8100.00000000,0.5228
1627349863966000,1,1913.94880000,0.5221
1627349863985000,1,0.00005929,0.5221
1627349863985000,1,3829.09994071,0.5220
1627349869595000,0,2940.00000000,0.5233
1627349877941000,1,4230.20000000,0.5235
1627349896149000,1,3000.00000000,0.5224
1627349915413000,1,4000.00000000,0.5224
1627349917267000,0,835.36105600,0.5226
1627349924398000,0,3000.00000000,0.5228
1627349986946000,1,510.12367747,0.5215
1627349987435000,1,0.00000001,0.5215
1627349988483000,1,475.58560000,0.5212
1627350006363000,0,857.37115000,0.5219
1627350068617000,0,3500.00000000,0.5230
1627350085944000,0,3000.00000000,0.5225
1627350085944000,0,1222.90061900,0.5225
1627350177027000,1,2356.95130000,0.5232
1627350195295000,1,583.04870000,0.5235
1627350380721000,1,67.76752000,0.5253
1627350391077000,1,67.76750000,0.5254
1627350396305000,0,221.64060000,0.5261
1627350396305000,0,92.15510000,0.5261
1627350396325000,0,97.49390000,0.5261
1627350396326000,0,567.60240000,0.5261
1627350401142000,1,50.00000000,0.5262
1627350421600000,1,60.00000000,0.5257
1627350423693000,1,12066.61710000,0.5259
1627350506756000,1,1902.31960000,0.5253
1627350506824000,1,0.00008863,0.5253
1627350527043000,0,56.25035692,0.5253
1627350539452000,0,147.88915000,0.5251
1627350603029000,1,4033.53765014,0.5248
1627350603277000,1,1904.57320000,0.5247
1627350603278000,1,0.00006132,0.5247
1627350632147000,1,370.00000000,0.5232
1627350645696000,0,4044.73886000,0.5237
1627350649515000,0,0.00000219,0.5237
1627350679329000,0,3000.00000000,0.5229
1627350691370000,1,1911.89966351,0.5227
1627350720872000,0,4051.68015000,0.5228
1627350726967000,0,4049.12438000,0.5231
1627350738736000,0,4053.33241000,0.5226
1627350787347000,1,38.33000000,0.5220
1627350800769000,0,4061.12287000,0.5216
1627350816128000,1,3000.00000000,0.5213
1627350816128000,1,9889.76803247,0.5213
1627350843335000,0,4058.91897000,0.5219
1627350850559000,1,83.57000000,0.5219
1627350863027000,1,1914.11005000,0.5220
1627350863039000,1,0.00000367,0.5220
1627350886500000,1,51.81000000,0.5223
1627350960661000,1,1909.16935000,0.5234
1627350963193000,1,49.63786000,0.5233
1627350969026000,0,4044.31066000,0.5237
1627351003746000,1,596.55155800,0.5225
1627351008066000,1,3000.00000000,0.5225
1627351032834000,1,1016.18930000,0.5215
1627351032958000,1,1916.19330000,0.5214
1627351034475000,1,0.00005645,0.5212
1627351034475000,1,85.57867747,0.5211
1627351034475000,1,17219.99986608,0.5211
1627351034746000,1,0.00013392,0.5211
1627351034917000,1,40.00000000,0.5211
1627351037272000,1,1919.42263000,0.5206
1627351037397000,1,3117.40711378,0.5205
1627351037397000,1,3194.75060622,0.5205
1627351037556000,1,1919.90170103,0.5205
1627351058225000,0,3000.00000000,0.5210
1627351066189000,0,836.45201700,0.5211
1627351073779000,0,4065.42474812,0.5210
1627351082154000,1,1918.83334000,0.5205
1627351083130000,1,0.00000710,0.5205
1627351094195000,1,227.13199300,0.5205
1627351098518000,0,4067.46746000,0.5208
1627351098536000,0,0.00000881,0.5208
1627351103122000,0,4068.12687000,0.5207
1627351108708000,0,4069.32338000,0.5206
1627351109411000,0,0.00000677,0.5206
1627351131376000,1,38.43662118,0.5203
1627351131376000,1,38.43662118,0.5203
1627351131376000,1,499.99995764,0.5203
1627351131428000,1,0.00004236,0.5203
1627351131428000,1,551.71055764,0.5203
1627351131432000,1,91.98810000,0.5203
1627351131433000,1,61.77030000,0.5203
1627351131456000,1,151.68630000,0.5203
1627351131458000,1,53.86920000,0.5203
1627351131461000,1,165.05660000,0.5203
1627351131486000,1,50.44050000,0.5203
1627351131487000,1,192.04630000,0.5203
1627351131562000,1,1604.38600000,0.5203
1627351131582000,1,238.31780000,0.5203
1627351131593000,1,135.87430000,0.5203
1627351131601000,1,80.12320000,0.5203
1627351131610000,1,103.64150000,0.5203
1627351131615000,1,79.03020000,0.5203
1627351131626000,1,4071.87427082,0.5203
1627351131648000,1,53.45070000,0.5203
1627351131652000,1,403.79030000,0.5203
1627351131689000,1,55.02040000,0.5203
1627351131714000,1,353.62010000,0.5203
1627351131734000,1,12733.35793514,0.5203
1627351132321000,1,90.66020000,0.5201
1627351132326000,1,3159.41346000,0.5201
1627351132351000,1,53.82360000,0.5201
1627351132359000,1,89.53950000,0.5201
1627351132364000,1,63.21230000,0.5201
1627351132378000,1,47.87510000,0.5201
1627351132382000,1,72.84580000,0.5201
1627351132382000,1,93.98290000,0.5201
1627351132395000,1,60.91710000,0.5201
1627351132405000,1,55.18090000,0.5201
1627351132429000,1,71.34970000,0.5201
1627351132470000,1,266.03120000,0.5201
1627351132632000,1,454.52950439,0.5201
1627351132632000,1,100.00000000,0.5200
1627351132632000,1,1440.00000000,0.5200
1627351132632000,1,1164.88395561,0.5200
1627351132761000,1,4074.47978189,0.5200
1627351132850000,1,1172.78352715,0.5200
1627351133108000,1,454.52950000,0.5200
1627351133346000,1,3133.32323535,0.5200
1627351133346000,1,1405.78846153,0.5200
1627351133346000,1,200.00000000,0.5200
1627351133346000,1,1841.75000000,0.5200
1627351133346000,1,2000.00000000,0.5200
1627351133346000,1,3159.41346153,0.5200
1627351136437000,1,3403.44378000,0.5196
1627351144275000,0,11188.10310000,0.5200
1627351156269000,0,836.99847600,0.5200
1627351177897000,1,3000.00000000,0.5201
1627351203292000,1,1922.38929000,0.5198
1627351214667000,1,0.00000669,0.5196
1627351225749000,1,138.00000000,0.5199
1627351242205000,0,3000.00000000,0.5208
1627351262698000,0,3000.00000000,0.5216
1627351263641000,0,3000.00000000,0.5217
1627351263708000,0,7075.18335000,0.5217
1627351263772000,0,5000.00000000,0.5217
1627351263837000,0,884.81665000,0.5217
1627351289902000,0,4056.17061000,0.5223
1627351290260000,0,3837.50000000,0.5224
1627351296197000,1,100.00000000,0.5221
1627351379699000,1,3000.00000000,0.5221
1627351433045000,0,379.08886700,0.5238
1627351441734000,1,1909.21309000,0.5233
1627351506104000,0,10000.00000000,0.5224
1627351506165000,0,3920.00000000,0.5224
1627351536338000,1,1909.35162000,0.5233
1627351536398000,1,0.00000238,0.5233
1627351607509000,0,4123.60000000,0.5239
1627351631615000,1,2917.05960000,0.5233
1627351646208000,0,3000.00000000,0.5235
1627351707249000,1,368.75000000,0.5238
1627351721893000,1,1907.13037000,0.5240
1627351724726000,0,200.63739900,0.5241
1627351750093000,1,1907.90176000,0.5238
1627351778179000,1,47.30190000,0.5232
1627351849123000,1,120.00000000,0.5236
1627351951040000,1,485.95331000,0.5245
1627351969409000,1,157.36270000,0.5247
1627351969566000,1,1746.69560988,0.5247
1627351973880000,1,1904.77641000,0.5246
1627351985062000,1,1904.69660000,0.5244
1627351985362000,0,109.07000000,0.5247
1627351998699000,0,109.07000000,0.5247
1627352000999000,1,1400.87656500,0.5242
1627352026149000,1,1905.83643349,0.5242
1627352026149000,1,4764.86068651,0.5242
1627352089014000,0,3963.59716599,0.5237
1627352141536000,1,837.54137000,0.5245
1627352141983000,1,1102.85000000,0.5245
1627352156708000,0,3000.00000000,0.5253
1627352243556000,1,1940.39130000,0.5242
1627352243996000,1,1905.80011000,0.5242
1627352244112000,1,0.00000206,0.5242
1627352286613000,1,83.38473500,0.5246
1627352292936000,0,73.76000000,0.5252
1627352326556000,1,1902.08087000,0.5254
1627352364463000,1,1901.06840000,0.5253
1627352367419000,1,0.00000044,0.5253
1627352397845000,1,1901.04671000,0.5256
1627352424331000,1,1899.31358000,0.5260
1627352426257000,1,660.69693900,0.5258
1627352427935000,1,1238.61664000,0.5258
1627352460350000,1,1900.30975000,0.5259
1627352602166000,1,45.10410000,0.5251
1627352674421000,0,322.17947300,0.5255
1627352732055000,1,1901.92893000,0.5254
1627352734386000,1,2172.77880000,0.5252
1627352734386000,1,1901.92893633,0.5252
1627352740871000,0,119.38297100,0.5253
1627352746109000,1,500.00000000,0.5249
1627352809898000,0,1439.92328344,0.5252
1627352809902000,0,882.49098100,0.5252
1627352834871000,0,84.76000000,0.5251
1627352858117000,0,945.71749700,0.5250
1627352876972000,0,720.68817500,0.5250
1627352887393000,0,284.53866400,0.5249
1627352897888000,1,836.94263500,0.5244
1627353039159000,1,403.89676249,0.5235
1627353055627000,0,4045.63215807,0.5238
1627353060906000,0,140.45763900,0.5240
1627353205214000,1,2550.57210000,0.5225
1627353310768000,0,55.69000000,0.5220
1627353317102000,1,257.52280000,0.5218
1627353344800000,1,56.55012000,0.5217
1627353406363000,0,257.52280000,0.5234
1627353406363000,0,3936.00000000,0.5235
1627353410560000,0,143.89958800,0.5239
1627353411503000,1,143.89960000,0.5232
1627353411503000,1,672.38040000,0.5232
1627353438973000,1,8000.00000000,0.5232
1627353485322000,1,42.00000000,0.5236
1627353520167000,1,770.93050000,0.5233
1627353520382000,1,1909.21309873,0.5233
1627353639010000,1,3000.00000000,0.5213
1627353656610000,0,836.42362400,0.5213
1627353669521000,0,1915.38958000,0.5216
1627353687178000,1,41.85489300,0.5206
1627353687492000,1,500.00000000,0.5204
1627353693755000,0,3000.00000000,0.5205
1627353699607000,0,836.97043300,0.5206
1627353706518000,0,3000.00000000,0.5208
1627353710127000,0,3000.00000000,0.5210
1627353737616000,1,235.00000000,0.5216
1627353750592000,1,403.14570000,0.5220
1627353750595000,1,0.00007466,0.5220
1627353756703000,0,4058.81786741,0.5220
1627353773437000,1,96.85430000,0.5215
1627353781580000,1,1917.11910678,0.5212
1627353788042000,1,462.57100000,0.5205
1627353832035000,1,1497.20020000,0.5197
1627353832142000,1,0.00005399,0.5197
1627353840310000,0,13088.98521000,0.5194
1627353848075000,1,3000.00000000,0.5198
1627353877782000,0,837.53157500,0.5196
1627353907153000,0,4072.91886000,0.5203
1627353921998000,1,608.31296000,0.5206
1627353927742000,0,4066.16858000,0.5211
1627353941213000,1,2163.71980000,0.5212
1627353941993000,1,608.31290000,0.5211
1627353942079000,1,1308.44609000,0.5211
1627353943589000,1,8100.00000000,0.5210
1627353943589000,1,1916.75899056,0.5209
1627353943589000,1,8100.00000000,0.5209
1627353943589000,1,4030.51500000,0.5209
1627353943589000,1,8117.76880000,0.5208
1627353943589000,1,28548.89000000,0.5207
1627353943589000,1,11134.50374134,0.5206
1627353943589000,1,8127.95834532,0.5206
1627353943589000,1,4792.17083244,0.5206
1627353943589000,1,500.00000000,0.5205
1627353943589000,1,12465.45716484,0.5205
1627353943589000,1,4160.00000000,0.5205
1627353943589000,1,12191.10726880,0.5205
1627353943589000,1,16255.07535985,0.5203
1627353943589000,1,19079.50000000,0.5203
1627353943589000,1,500.00000000,0.5202
1627353943622000,0,12166.99510000,0.5200
1627353943660000,0,19500.00000000,0.5200
1627353943671000,0,3000.00000000,0.5200
1627353943684000,0,17313.29939685,0.5200
1627353970055000,1,1365.47097000,0.5212
1627353972467000,1,1916.92065000,0.5210
1627353972467000,1,0.00000865,0.5210
1627353976188000,1,1916.92060000,0.5206
1627353976201000,1,0.00005865,0.5206
1627353976201000,1,1918.20014135,0.5205
1627353976406000,1,0.00012643,0.5205
1627353976406000,1,4066.41347357,0.5204
1627353976530000,0,1916.92065865,0.5205
1627353976719000,1,3000.00000000,0.5203
1627353976798000,1,1916.92065865,0.5205
1627353976798000,1,4799.31006140,0.5205
1627353976798000,1,4566.84867995,0.5203
1627353998725000,0,3000.00000000,0.5206
1627354006222000,0,3000.00000000,0.5211
1627354023288000,1,1915.29786712,0.5215
1627354023288000,1,3584.70213288,0.5215
1627354023481000,1,1203.79719000,0.5215
1627354072541000,1,1916.20071000,0.5215
1627354090396000,1,1915.93637000,0.5215
1627354090555000,1,1916.34025004,0.5214
1627354090555000,1,2143.09276996,0.5214
1627354093378000,1,1915.92169000,0.5213
1627354093441000,1,0.00000245,0.5213
1627354093441000,1,4061.00136755,0.5212
1627354130756000,0,4060.79320000,0.5216
1627354130787000,0,0.00008081,0.5216
1627354130789000,0,3840.74080000,0.5217
1627354167041000,1,4051.15692688,0.5224
1627354187189000,0,193.70346300,0.5232
1627354198791000,1,1910.33644000,0.5230
1627354200268000,0,297.64087734,0.5232
1627354230332000,1,140.00000000,0.5234
1627354270491000,1,1903.52914000,0.5249
1627354270498000,1,0.00000303,0.5249
1627354281166000,1,4033.00440000,0.5248
1627354287031000,1,4030.51500000,0.5247
1627354287031000,1,3000.00000000,0.5247
1627354287031000,1,1904.12350000,0.5247
1627354287035000,1,0.00007000,0.5247
1627354287035000,1,1904.12343000,0.5247
1627354287041000,1,0.00014000,0.5247
1627354287041000,1,4282.79986000,0.5247
1627354287238000,1,3000.00000000,0.5245
1627354287238000,1,822.05508842,0.5245
1627354287238000,1,12380.78106741,0.5245
1627354287238000,1,14399.99984417,0.5245
1627354287266000,1,3000.00015583,0.5245
1627354287266000,1,9101.66194417,0.5244
1627354287279000,1,3000.00024126,0.5244
1627354287279000,1,8874.45755874,0.5244
1627354287331000,1,3000.00030884,0.5244
1627354287331000,1,500.00000000,0.5243
1627354287331000,1,22641.62969116,0.5242
1627354287615000,1,3000.00000000,0.5244
1627354287672000,1,3500.00030000,0.5242
1627354287716000,1,0.00000884,0.5242
1627354287716000,1,499.99999116,0.5240
1627354289408000,1,0.00000884,0.5240
1627354293656000,1,500.00000000,0.5235
1627354293656000,1,300.00000000,0.5233
1627354295635000,0,2999.99999999,0.5237
1627354295663000,0,0.00000001,0.5237
1627354296927000,1,500.00000000,0.5230
1627354299332000,0,3000.00000000,0.5235
1627354299872000,1,16501.15000000,0.5237
1627354300332000,0,3000.00000000,0.5241
1627354301335000,0,8100.00000000,0.5242
1627354301955000,1,11770.60000000,0.5244
1627354302339000,0,8100.00000000,0.5241
1627354304851000,1,19455.07000000,0.5240
1627354317980000,1,1905.69115000,0.5240
1627354318182000,1,0.00000607,0.5240
1627354323596000,1,1906.90490000,0.5239
1627354334312000,1,12101.99570000,0.5246
1627354335205000,1,12098.58210000,0.5246
1627354362795000,0,3000.00000000,0.5242
1627354364905000,1,1906.23606000,0.5242
1627354370874000,0,4040.51500000,0.5244
1627354382288000,0,1906.45410000,0.5249
1627354382289000,0,0.00002137,0.5249
1627354382612000,1,180.03552700,0.5246
1627354440276000,0,113.25935248,0.5256
1627354580105000,0,114.98799916,0.5241
1627354591756000,1,50.00000000,0.5236
1627354625469000,1,114.82209700,0.5234
1627354642521000,0,9000.00000000,0.5239
1627354642578000,0,7200.00000000,0.5239
1627354647001000,1,1907.80712833,0.5238
1627354647091000,1,565.27048561,0.5237
1627354695715000,0,4052.82325000,0.5228
1627354699545000,0,33748.63000000,0.5234
1627354711245000,0,1221.48419606,0.5236
1627354768467000,0,18900.00000000,0.5228
1627354797982000,0,4056.30243000,0.5224
1627354808530000,0,0.00000321,0.5224
1627354808530000,0,3855.59999679,0.5226
1627354810830000,0,3855.60000000,0.5229
1627354841127000,0,4058.36030000,0.5221
1627354855694000,0,4061.15422821,0.5217
1627354869629000,0,3902.17433000,0.5215
1627354873808000,1,3000.00000000,0.5211
1627354874678000,1,1041.44860000,0.5209
1627354877595000,0,310.71668200,0.5210
1627354891003000,0,4067.26755000,0.5210
1627354893128000,0,0.00000687,0.5210
1627354893128000,0,4065.95557313,0.5212
1627354893414000,0,0.00001068,0.5212
1627354908822000,0,4065.30494553,0.5214
1627354964518000,1,1914.85776437,0.5213
1627354964518000,1,905.29733896,0.5212
1627355020316000,0,95.17023600,0.5213
1627355023277000,0,6500.00000000,0.5212
1627355025824000,0,3000.00000000,0.5214
1627355030063000,0,3000.00000000,0.5215
1627355059347000,1,167.34562000,0.5203
1627355087127000,0,4000.00000000,0.5212
1627355114702000,0,2127.14420000,0.5215
1627355149091000,1,1096.09000000,0.5211
1627355219638000,1,1918.55356409,0.5209
1627355219647000,1,0.00000001,0.5209
1627355305812000,0,38.12429356,0.5220
1627355340993000,1,3000.00000000,0.5219
1627355340993000,1,10678.80743462,0.5219
1627355341042000,1,1486.62146538,0.5219
1627355407998000,0,3000.00000000,0.5226
1627355432741000,1,110.04000000,0.5220
1627355452897000,0,56.60594219,0.5231
1627355484918000,0,4052.55344197,0.5230
1627355612999000,0,2197.64930000,0.5239
1627355782581000,1,249.85000000,0.5241
1627355801997000,1,1220.81000000,0.5240
1627355828954000,0,777.67887920,0.5246
1627355876281000,0,677.40370000,0.5248
1627355876281000,0,8100.00000000,0.5248
1627355876281000,0,8658.23930000,0.5248
1627355876281000,0,4326.00000000,0.5248
1627355876281000,0,3238.35700000,0.5249
1627355945670000,1,83.36000000,0.5233
1627356015904000,1,100.00000000,0.5242
1627356021075000,0,254.41000000,0.5249
1627356044491000,1,1965.80000000,0.5247
1627356046735000,1,49.90000000,0.5247
1627356112172000,0,488.21714500,0.5248
1627356127447000,0,2789.97637150,0.5248
1627356141561000,0,220.00000000,0.5249
1627356227637000,1,561.61000000,0.5248
1627356227716000,1,1695.24281000,0.5248
1627356288278000,1,144.40470000,0.5249
1627356319800000,1,3000.00000000,0.5246
1627356348543000,0,94.59338000,0.5250
1627356368717000,0,60.57000000,0.5249
1627356395535000,0,200.00000000,0.5245
1627356500057000,0,80.00000000,0.5253
1627356524732000,0,2910.07099499,0.5255
1627356712097000,1,1062.02470000,0.5245
1627356712581000,1,1904.92881000,0.5244
1627356712948000,1,0.00000281,0.5244
1627356712948000,1,4037.30778719,0.5244
1627356713022000,1,0.00000373,0.5244
1627356787147000,0,83.00000000,0.5248
1627356787658000,0,8017.00000000,0.5248
1627356787658000,0,1091.03791776,0.5248
1627356808378000,0,10128.66817700,0.5246
1627356897437000,0,3000.00000000,0.5256
1627356897614000,0,8378.34400000,0.5257
1627356897643000,0,4188.70460000,0.5257
1627356905872000,1,2990.52874197,0.5253
1627356907319000,1,8466.45064218,0.5253
1627356907504000,1,631.46201000,0.5253
1627356962654000,1,576.75000000,0.5244
1627356975218000,1,3000.00000000,0.5243
1627357020420000,0,94.60961100,0.5250
1627357031955000,0,378.20051300,0.5248
1627357207292000,0,100.00000000,0.5241
1627357385214000,0,8282.23000000,0.5232
1627357409502000,0,157.26262100,0.5241
1627357440289000,0,302.49789932,0.5243
1627357639093000,0,946.69168200,0.5246
1627357703613000,0,4035.84840000,0.5252
1627357703802000,0,0.00008988,0.5252
1627357853465000,1,935.53285600,0.5246
1627357872417000,0,4035.21000000,0.5253
1627357904777000,0,85.58287200,0.5253
1627357920256000,0,551.36584912,0.5252
1627357966169000,0,204.81898200,0.5254
1627358099518000,1,150.00000000,0.5252
1627358125008000,0,377.91970800,0.5252
1627358160245000,0,188.42786449,0.5252
1627358160360000,0,100.00000000,0.5252
1627358162488000,0,3368.53606632,0.5252
1627358185367000,1,1099.57000000,0.5251
1627358209699000,0,1900.01615867,0.5254
1627358215241000,0,258.07684734,0.5254
1627358221716000,0,1874.62551162,0.5254
1627358221716000,0,25.71295634,0.5255
1627358230419000,0,4032.71850000,0.5254
1627358247394000,1,949.00000000,0.5251
1627358268774000,0,110.52059900,0.5254
1627358280464000,1,146.00310000,0.5251
1627358388037000,0,4037.00000000,0.5248
1627358400281000,0,94.83794326,0.5249
1627358439432000,0,94.59698700,0.5246
1627358466855000,1,255.36270000,0.5244
1627358481141000,0,480.79283800,0.5247
1627358512059000,0,190.08398485,0.5247
1627358542424000,0,3092.97416500,0.5250
1627358569031000,0,325.04385446,0.5247
1627358732565000,0,56.62809300,0.5255
1627358743036000,1,42.00000000,0.5254
1627358753455000,1,117.25047600,0.5254
1627358814293000,1,810.12363400,0.5257
1627358832979000,0,272.52892100,0.5267
1627358834430000,1,313.83432700,0.5263
1627358871835000,1,1687.65000000,0.5259
1627358921302000,0,73.59000000,0.5264
1627358952054000,0,56.72028197,0.5263
1627358996284000,0,2940.00000000,0.5264
1627359000280000,0,459.96942825,0.5266
1627359079660000,0,56.60678300,0.5256
1627359145914000,1,500.00000000,0.5261
1627359168821000,0,1916.20164738,0.5269
1627359194240000,1,1078.14432800,0.5266
1627359207410000,0,3000.00000000,0.5272
1627359207497000,0,4019.27538408,0.5273
1627359207497000,0,25.82461592,0.5273
1627359207878000,0,4045.10000000,0.5276
1627359207878000,0,6177.14220000,0.5276
1627359208055000,0,5880.68940000,0.5276
1627359209414000,0,12322.54327713,0.5280
1627359209414000,0,1895.05972287,0.5280
1627359210398000,0,7604.86386267,0.5280
1627359211546000,1,2999.99999999,0.5276
1627359216458000,0,8358.89060000,0.5278
1627359271501000,1,2398.00000000,0.5282
1627359272740000,1,10121.25310000,0.5283
1627359453291000,0,3000.00000000,0.5278
1627359485731000,0,8100.00000000,0.5279
1627359485731000,0,3000.00000000,0.5279
1627359485731000,0,3831.30000000,0.5280
1627359527229000,0,402.68599079,0.5280
1627359533210000,1,3000.00000000,0.5278
1627359533266000,1,3254.61901298,0.5278
1627359533278000,1,8777.28618702,0.5278
1627359533400000,1,1893.91060000,0.5276
1627359533401000,1,0.00009832,0.5276
1627359534863000,0,1897.08344758,0.5275
1627359534882000,0,3831.30000000,0.5275
1627359552429000,0,13740.00000000,0.5274
1627359581520000,0,47.18538111,0.5274
1627359667368000,1,500.00000000,0.5265
1627359720721000,0,4024.82780000,0.5265
1627359720817000,0,0.00001817,0.5265
1627359768666000,0,48.22877100,0.5260
1627359774687000,0,566.09282900,0.5260
1627359799125000,0,3977.85810000,0.5258
1627359815346000,0,464.11012068,0.5262
1627359903528000,1,478.05000000,0.5259
1627359917045000,0,961.01331700,0.5263
1627359955508000,0,207.54369500,0.5259
1627360036453000,0,4031.84777282,0.5258
1627360036657000,0,0.00000001,0.5258
1627360051921000,1,2789.97637150,0.5256
1627360080278000,0,2692.88526689,0.5261
1627360144706000,1,254.00000000,0.5260
1627360201940000,0,188.47545200,0.5264
1627360266041000,0,2436.18078035,0.5262
1627360268626000,0,193.51396750,0.5261
1627360291749000,0,2081.18185100,0.5257
1627360377801000,1,7098.06694879,0.5250
1627360394511000,0,3000.00000000,0.5251
1627360394511000,0,4036.73227659,0.5252
1627360394511000,0,2525.61944852,0.5252
1627360416349000,0,160.68948900,0.5253
1627360475401000,0,8100.00000000,0.5259
1627360475401000,0,12747.38930000,0.5259
1627360475401000,0,4031.07382111,0.5259
1627360475401000,0,8100.00000000,0.5259
1627360475401000,0,8494.48060000,0.5260
1627360475401000,0,3541.58672189,0.5260
1627360517776000,0,4032.71550000,0.5257
1627360550044000,0,94.32907800,0.5261
1627360561310000,0,188.66891400,0.5261
1627360716555000,0,480.12218844,0.5264
1627360723165000,1,660.87848000,0.5264
1627360728446000,0,94.51223404,0.5264
1627360730211000,1,0.00000620,0.5264
1627360732236000,0,294.68277200,0.5263
1627360758328000,0,196.00126300,0.5267
1627360767074000,0,169.44534900,0.5262
1627360778600000,0,250.55155000,0.5262
1627360778747000,0,0.00000139,0.5262
1627360846285000,0,93.59559103,0.5263
1627360877308000,1,1138.43641946,0.5271
1627360910781000,0,376.22220700,0.5276
1627360922154000,0,940.55551800,0.5276
1627360926161000,0,100.00000000,0.5274
1627360954216000,0,188.40390000,0.5267
1627360973161000,0,563.49266589,0.5265
1627360989196000,0,4026.76490000,0.5264
1627360989214000,0,0.00009669,0.5264
1627361013747000,0,70.06418918,0.5269
1627361121290000,0,2255.95808771,0.5274
1627361121300000,0,1501.44191229,0.5274
1627361153793000,1,708.88843600,0.5286
1627361154083000,1,708.88843600,0.5286
1627361204365000,1,1094.76586800,0.5292
1627361232379000,1,3000.00000000,0.5293
1627361250114000,1,1889.43766000,0.5290
1627361285368000,0,93.76028100,0.5295
1627361314319000,0,300.00000000,0.5300
1627361314401000,0,8284.50050000,0.5302
1627361314666000,0,1886.46440000,0.5305
1627361316279000,0,8100.00000000,0.5305
1627361321437000,0,3000.00000000,0.5308
1627361321635000,0,10848.17700000,0.5308
1627361323498000,0,6588.69534651,0.5310
1627361323499000,0,6400.35485349,0.5310
1627361324342000,0,2380.82420593,0.5312
1627361324516000,1,1881.74369898,0.5311
1627361325759000,1,831.53687100,0.5302
1627361329079000,0,374.17597600,0.5312
1627361334226000,0,187.07399300,0.5306
1627361335336000,0,187.07399400,0.5306
1627361336341000,0,187.07399300,0.5306
1627361337762000,0,187.07399400,0.5306
1627361338624000,0,187.07399300,0.5306
1627361340843000,1,3000.00000000,0.5300
1627361340843000,1,12243.00000000,0.5300
1627361345007000,1,3000.00000000,0.5301
1627361350417000,0,193.19284300,0.5305
1627361359443000,0,1350.00000000,0.5302
1627361386916000,1,280.00000000,0.5303
1627361386923000,1,0.24288596,0.5303
1627361407416000,0,187.06523400,0.5303
1627361415100000,1,0.33504317,0.5300
1627361415100000,1,429.46495756,0.5293
1627361418660000,1,3000.00000000,0.5296
1627361450683000,0,376.03173700,0.5292
1627361488243000,0,4006.85780000,0.5290
1627361520290000,0,191.87802571,0.5291
1627361523703000,0,187.63103700,0.5290
1627361575126000,0,1717.25905118,0.5287
1627361600419000,0,187.71265300,0.5288
1627361661710000,0,190.46947900,0.5281
1627361730698000,1,158.18000000,0.5275
1627361734922000,0,1880.11332700,0.5279
1627361737767000,0,831.55086300,0.5278
1627361770671000,1,706.25000000,0.5276
1627361816433000,0,3819.90000000,0.5280
1627361924276000,1,12020.96870000,0.5283
1627361968996000,0,140.93641800,0.5283
1627362080399000,0,4017.43119000,0.5277
1627362086662000,0,0.00000422,0.5277
1627362086662000,0,76.85566378,0.5279
1627362097168000,0,461.13400900,0.5281
1627362102762000,0,656.32090000,0.5281
1627362120261000,0,374.77995874,0.5280
1627362130036000,1,1098.00000000,0.5278
1627362314135000,0,187.70555300,0.5288
1627362385731000,1,533.44912255,0.5280
1627362436826000,0,551.11094800,0.5287
1627362439074000,0,56.73866172,0.5287
1627362480576000,0,61.72888700,0.5284
1627362493537000,0,7270.73673851,0.5284
1627362507013000,0,3114.59037500,0.5285
1627362535254000,0,959.50942600,0.5286
1627362538202000,1,950.00000000,0.5282
1627362542276000,0,187.79789300,0.5286
1627362660352000,0,47.08972854,0.5283
1627362677737000,0,8477.11461567,0.5282
1627362720281000,0,413.32324994,0.5278
1627362808083000,1,12038.96879999,0.5277
1627362820549000,1,2999.99999999,0.5272
1627362823148000,0,1710.70351000,0.5275
1627362824174000,0,939.87862900,0.5276
1627362900567000,1,200.00000000,0.5279
1627362970485000,1,2385.00000000,0.5279
1627362972559000,1,1815.00000000,0.5279
1627363068763000,0,2003.38270000,0.5286
1627363112593000,0,141.32923600,0.5297
1627363197228000,0,96.28006900,0.5301
1627363237404000,0,1796.04720976,0.5306
1627363262072000,1,476.61118500,0.5309
1627363292309000,1,80.62060000,0.5305
1627363333544000,1,1487.99436700,0.5306
1627363384906000,0,267.54884300,0.5313
1627363388931000,0,56.04457500,0.5313
1627363389950000,0,56.04457500,0.5313
1627363390962000,0,56.04457500,0.5313
1627363391988000,0,56.04457500,0.5314
1627363393008000,0,56.04457500,0.5313
1627363394053000,0,56.04457500,0.5313
1627363395035000,0,56.04457600,0.5312
1627363396062000,0,56.04457500,0.5310
1627363397093000,0,56.04457600,0.5310
1627363398097000,0,56.04457500,0.5311
1627363427678000,1,94.68800300,0.5312
1627363440150000,0,4001.86875000,0.5314
1627363457191000,0,106.26369721,0.5319
1627363464488000,0,466.77456100,0.5319
1627363488138000,0,1493.34149900,0.5319
1627363545683000,0,467.62783200,0.5306
1627363551482000,0,3000.00000000,0.5306
1627363551482000,0,3995.67772654,0.5306
1627363551482000,0,1004.32227346,0.5306
1627363636255000,0,2751.96676338,0.5307
1627363689016000,0,846.22550600,0.5314
1627363696876000,1,3000.00000000,0.5309
1627363746618000,0,3000.00000000,0.5311
1627363746618000,0,6709.38768139,0.5311
1627363746618000,0,1264.79011861,0.5311
1627363746618000,0,3992.56706742,0.5311
1627363746618000,0,3272.29457787,0.5311
1627363746618000,0,8694.53222213,0.5311
1627363928113000,1,193.00000000,0.5295
1627363968549000,0,134.31901000,0.5299
1627364003165000,0,300.00000000,0.5296
1627364009410000,1,95.48418000,0.5294
1627364108112000,1,3000.00000000,0.5306
1627364134452000,0,3999.77865065,0.5302
1627364134452000,0,3257.20489935,0.5302
1627364143699000,1,49.05079465,0.5297
1627364145224000,0,4000.43430160,0.5301
1627364145224000,0,5999.56569840,0.5301
1627364283154000,0,187.31942300,0.5299
1627364307503000,0,936.45572900,0.5300
1627364316210000,0,187.21849800,0.5298
1627364323086000,0,500.00000000,0.5298
1627364385458000,0,93.87379600,0.5300
1627364514126000,0,93.71807800,0.5295
1627364520337000,0,93.10803844,0.5295
1627364530773000,0,2756.27501397,0.5294
1627364600541000,1,87.87370000,0.5296
1627364644315000,1,25365.00000000,0.5294
1627364649860000,0,93.95713017,0.5295
1627364667244000,1,2639.51700000,0.5289
1627364674179000,0,4007.15130000,0.5292
1627364833767000,1,734.28340000,0.5287
1627364833767000,1,356.70660000,0.5287
1627364836049000,1,567.53000000,0.5287
1627364849114000,0,754.14941562,0.5291
1627364867363000,0,8006.44120000,0.5292
1627364867363000,0,8100.00000000,0.5292
1627364867363000,0,7003.29830000,0.5293
1627364951259000,1,436.53003415,0.5294
1627365034296000,1,56.97000000,0.5297
1627365063583000,0,46.92627806,0.5301
1627365228813000,1,2902.02334630,0.5299
1627365255282000,1,416.80000000,0.5297
1627365308996000,1,82.44573200,0.5300
1627365388000000,0,869.31267200,0.5306
1627365452724000,0,2925.30154249,0.5309
1627365461705000,0,58.50603085,0.5309
1627365462103000,0,1.19400063,0.5309
1627365483793000,0,72.95000000,0.5309
1627365507583000,1,500.00000000,0.5306
1627365598036000,0,78.46356600,0.5307
1627365675902000,0,93.59829928,0.5315
1627365685004000,0,186.74846700,0.5314
1627365689883000,0,325.28522800,0.5315
1627365702401000,1,266.14730000,0.5309
1627365803996000,0,1870.40558400,0.5305
1627365952390000,1,232.68980600,0.5302
1627366012879000,1,831.66000000,0.5311
1627366026977000,0,242.66000000,0.5316
1627366029875000,0,5703.06049919,0.5315
1627366032310000,0,278.00252131,0.5314
1627366074395000,0,1876.98032047,0.5315
1627366107481000,0,938.24658000,0.5316
1627366202027000,0,638.14176336,0.5315
1627366259599000,0,140.85273743,0.5309
1627366285109000,0,210.88992600,0.5305
1627366296630000,0,751.96380532,0.5304
1627366331172000,0,938.17167640,0.5303
1627366333032000,1,104.03000000,0.5299
1627366373716000,0,637.53130962,0.5305
1627366415289000,0,486.48809800,0.5303
1627366431826000,1,400.06401024,0.5301
1627366440250000,0,459.05105787,0.5305
1627366499648000,0,84.04039300,0.5305
1627366504342000,0,2918.81812605,0.5305
1627366514017000,1,61.11554200,0.5300
1627366551413000,0,3000.00000000,0.5300
1627366558232000,0,59.90880300,0.5303
1627366559255000,0,93.63673800,0.5303
1627366560271000,0,139.93592160,0.5303
1627366636742000,0,8100.00000000,0.5303
1627366636742000,0,7998.96037350,0.5306
1627366636742000,0,782.76388841,0.5307
1627366683841000,0,58.26836445,0.5301
1627366706078000,0,920.99424036,0.5303
1627366715677000,0,8100.00000000,0.5304
1627366746215000,0,8100.00000000,0.5304
1627366791035000,0,112.24728900,0.5308
1627366792001000,1,400.11523318,0.5302
1627366802074000,0,57.86365100,0.5308
1627366838297000,1,86.23020000,0.5309
1627366838302000,1,2913.76980000,0.5309
1627366920306000,0,111.94560126,0.5307
1627366986603000,0,4223.30000000,0.5304
1627367014292000,0,1001.10583597,0.5302
1627367040299000,0,943.84232365,0.5302
1627367090182000,0,2258.54729334,0.5300
1627367154564000,0,3991.28160000,0.5314
1627367164731000,1,2999.99999999,0.5311
1627367164737000,1,0.00000001,0.5311
1627367192481000,1,260.66350000,0.5315
1627367205966000,0,3000.00000000,0.5320
1627367223497000,1,1274.32780800,0.5317
1627367224987000,1,1879.49434084,0.5316
1627367224987000,1,1879.16234458,0.5316
1627367285543000,1,134.40000000,0.5319
1627367290260000,0,90.96000000,0.5324
1627367303653000,0,3443.33633836,0.5323
1627367383067000,0,1320.15535875,0.5328
1627367385956000,1,3000.00000000,0.5322
1627367385956000,1,443.33633836,0.5319
1627367391116000,0,65.12079500,0.5325
1627367397731000,0,93.18487900,0.5325
1627367400787000,0,335.48481400,0.5325
1627367406220000,0,3000.00000000,0.5324
1627367406220000,0,426.54873903,0.5324
1627367512494000,1,398.57784173,0.5317
1627367530825000,0,3984.84303156,0.5325
1627367530825000,0,1017.46985694,0.5325
1627367533211000,0,474.42913400,0.5325
1627367538190000,1,3000.00000000,0.5319
1627367595310000,0,93.16913400,0.5324
1627367639486000,1,1878.42107438,0.5319
1627367639486000,1,2324.50368476,0.5319
1627367660628000,0,494.03703900,0.5322
1627367679084000,0,1076.64368982,0.5325
1627367679086000,0,627.54325550,0.5325
1627367679086000,0,1295.81305468,0.5325
1627367679086000,0,7970.40480871,0.5325
1627367679086000,0,2269.92104085,0.5325
1627367679099000,0,1998.37895915,0.5325
1627367679132000,0,3984.93047814,0.5324
1627367679210000,0,2183.95081165,0.5327
1627367679211000,0,694.23898236,0.5327
1627367679230000,0,694.23898236,0.5327
1627367679233000,0,695.87122363,0.5327
1627367679249000,0,1877.91311272,0.5329
1627367679268000,0,694.23893540,0.5328
1627367679358000,0,1489.71182974,0.5328
1627367679358000,0,85.57867747,0.5331
1627367679586000,0,177.18098724,0.5328
1627367680525000,1,3000.00000000,0.5333
1627367680672000,1,3000.00000000,0.5329
1627367680672000,1,545.15294000,0.5329
1627367684359000,0,8100.00000000,0.5334
1627367688121000,0,139.86600800,0.5333
1627367689158000,0,139.86600800,0.5333
1627367690161000,0,139.86600800,0.5333
1627367691197000,0,139.86600900,0.5333
1627367692191000,0,139.86600800,0.5333
1627367693714000,1,973.01930000,0.5326
1627367693714000,1,881.61620000,0.5326
1627367694238000,0,139.86600800,0.5332
1627367695567000,0,139.86600900,0.5332
1627367707198000,1,1875.27894000,0.5328
1627367725700000,1,593.73298500,0.5324
1627367732947000,0,113.80706900,0.5327
1627367760320000,0,464.73636774,0.5324
1627367761988000,0,93.18487900,0.5324
1627367763590000,1,1666.18998600,0.5320
1627367825760000,0,111.88943800,0.5322
1627367936672000,0,590.27515800,0.5320
1627367964994000,0,55.96452000,0.5321
1627367998791000,0,55.96136500,0.5324
1627368000255000,0,316.24465848,0.5324
1627368053272000,1,184.40000000,0.5321
1627368063684000,1,55.80000000,0.5319
1627368094282000,0,200.00000000,0.5326
1627368104181000,1,258.21028000,0.5321
1627368172647000,0,187.31484228,0.5325
1627368189782000,0,65.00000000,0.5325
1627368217974000,0,1094.39443900,0.5327
1627368252971000,0,364.21086300,0.5324
1627368255156000,1,64.68500000,0.5319
1627368326517000,1,348.60000000,0.5321
1627368350352000,0,568.37772900,0.5325
1627368400755000,0,93.20063000,0.5323
1627368401756000,0,93.20063000,0.5322
1627368402774000,0,93.20063000,0.5322
1627368412793000,0,398.53970000,0.5316
1627368412819000,0,0.00002047,0.5316
1627368553427000,0,365.73509370,0.5317
1627368553427000,0,149.85538015,0.5317
1627368630032000,1,3000.00000000,0.5306
1627368660108000,0,245.71364300,0.5310
1627368663194000,0,3751.60730000,0.5310
1627368663539000,0,0.00008761,0.5310
1627368767836000,1,5000.00000000,0.5310
1627368774967000,1,6973.89870000,0.5310
1627368775014000,1,7977.08840000,0.5310
1627368792814000,0,3998.51675288,0.5308
1627368908118000,0,103.73940100,0.5296
1627368939766000,1,56.49741000,0.5298
1627368994707000,0,3999.38978727,0.5307
1627368994707000,0,2966.11964573,0.5307
1627369002076000,0,93.50618200,0.5306
1627369133621000,1,180.36000000,0.5298
1627369148284000,0,74.86560100,0.5303
1627369157191000,1,467.62560000,0.5297
1627369229834000,0,105.76274300,0.5305
1627369289887000,1,1289.66190000,0.5305
1627369312184000,0,91.21000000,0.5310
1627369337859000,0,941.72892700,0.5312
1627369340388000,0,2058.27107300,0.5312
1627369342007000,0,934.25209700,0.5313
1627369353553000,0,186.81525000,0.5315
1627369369530000,0,442.69279700,0.5319
1627369402563000,0,2718.65660800,0.5313
1627369429816000,0,471.53100700,0.5316
1627369436962000,1,50.55640000,0.5313
1627369440280000,0,204.40910631,0.5317
1627369457143000,0,177.73181600,0.5319
1627369461840000,1,472.93846100,0.5314
1627369551370000,0,3985.89945223,0.5326
1627369551370000,0,3488.88883277,0.5326
1627369580973000,0,2550.74353400,0.5326
1627369581481000,0,560.39848311,0.5327
1627369607375000,1,801.80804000,0.5321
1627369629535000,1,67.94174000,0.5321
1627369639951000,1,279.06000000,0.5323
1627369648191000,0,842.55612609,0.5328
1627369649686000,0,187.32540992,0.5328
1627369652711000,0,931.93507994,0.5328
1627369669753000,0,140.40466634,0.5329
1627369679490000,1,7000.00000000,0.5325
1627369686478000,1,6175.40107000,0.5324
1627369686532000,1,5500.00000000,0.5324
1627369687185000,1,3000.00000000,0.5323
1627369701238000,0,232.27914900,0.5323
1627369777222000,0,457.02109100,0.5320
1627369920269000,0,2734.84092660,0.5326
1627369967072000,0,100.25545100,0.5326
1627369984017000,1,106.65324000,0.5324
1627370018517000,0,3986.00040555,0.5328
1627370018517000,0,576.39633545,0.5330
1627370053043000,1,60.06584000,0.5328
1627370074882000,1,4500.00000000,0.5327
1627370075047000,1,3000.00000000,0.5327
1627370075047000,1,2314.72602136,0.5326
1627370083200000,0,202.00000000,0.5329
1627370094639000,0,465.80195000,0.5327
1627370123990000,1,414.95000000,0.5325
1627370261599000,1,2843.91366500,0.5331
1627370277020000,0,93.03813400,0.5333
1627370300210000,1,1875.63068000,0.5327
1627370345466000,1,67.99169000,0.5329
1627370347865000,0,739.59822000,0.5333
1627370352673000,0,746.27332045,0.5333
1627370370625000,0,186.10185800,0.5336
1627370384135000,1,7124.36932000,0.5331
1627370384381000,1,1874.79377269,0.5331
1627370413950000,0,965.73583700,0.5329
1627370527150000,0,3985.80673783,0.5328
1627370527150000,0,7964.79610000,0.5328
1627370527150000,0,9136.54056217,0.5328
1627370556712000,0,467.69097100,0.5324
1627370699601000,1,4706.15054400,0.5318
1627370752531000,0,3915.93287300,0.5315
1627370753425000,1,1118.05818300,0.5310
1627370760257000,0,2835.98531128,0.5312
1627370763481000,0,1891.57838330,0.5314
1627370774161000,0,120.27724000,0.5311
1627370798547000,0,115.00000000,0.5309
1627370798688000,0,184.00000000,0.5309
1627370811372000,0,4001.50661142,0.5308
1627370811372000,0,5107.09362958,0.5310
1627370856064000,1,1308.72710000,0.5305
1627370856073000,1,1209.12020000,0.5305
1627370856085000,1,351.87770000,0.5305
1627370856689000,0,100.00000000,0.5309
1627370864640000,0,182.54000000,0.5304
1627370881838000,0,4004.59140000,0.5303
1627370881976000,0,3000.00000000,0.5304
1627370881976000,0,5009.69370000,0.5304
1627370917804000,1,7000.00000000,0.5300
1627370917994000,1,1100.00000000,0.5300
1627370920890000,1,12014.29640000,0.5298
1627370949028000,0,4009.89750000,0.5297
1627370953653000,0,0.00007294,0.5297
1627370953653000,0,4008.61132706,0.5298
1627370993455000,1,80.59757236,0.5295
1627370999411000,0,4010.45140000,0.5296
1627371003404000,0,0.00008476,0.5296
1627371027892000,0,187.21695800,0.5303
1627371078006000,0,187.57420777,0.5305
1627371145540000,0,4011.23780000,0.5294
1627371145667000,0,0.00008149,0.5294
1627371185969000,0,94.10214800,0.5301
1627371190039000,1,1717.96470000,0.5300
1627371195679000,0,93.78002299,0.5305
1627371252052000,0,4005.00000000,0.5300
1627371252128000,0,0.90986082,0.5300
1627371269503000,0,1000.00000000,0.5301
1627371287694000,0,4005.56196000,0.5301
1627371287697000,0,0.00000558,0.5301
1627371287734000,0,8011.12390000,0.5303
1627371287737000,0,0.00003116,0.5303
1627371287917000,0,1886.02380000,0.5306
1627371384874000,1,804.06455500,0.5319
1627371429548000,1,1876.63736609,0.5324
1627371501584000,0,113.71357400,0.5329
1627371576037000,0,186.42926800,0.5325
1627371579545000,0,253.91800000,0.5325
1627371579853000,0,213.54200000,0.5325
1627371581101000,0,2481.88920000,0.5325
1627371640542000,1,585.00000000,0.5325
1627371676543000,0,1983.57675214,0.5328
1627371699045000,0,92.64815000,0.5328
1627371763239000,0,317.45187200,0.5329
1627371771418000,1,550.23360000,0.5324
1627371793648000,0,999.92869261,0.5328
1627371825736000,0,893.24850319,0.5333
1627371825736000,0,977.37763352,0.5333
1627371891569000,0,88.75975135,0.5325
1627371910897000,0,7938.00000000,0.5324
1627371987793000,0,335.44926200,0.5320
1627371992836000,1,67.68200000,0.5316
1627372013913000,0,603.40869000,0.5313
1627372021320000,1,237.30601826,0.5308
1627372044679000,0,91.12000000,0.5314
1627372069020000,0,2054.92908100,0.5313
1627372077345000,1,2999.99999999,0.5305
1627372077346000,1,0.00000001,0.5305
1627372089429000,0,345.67933000,0.5315
1627372104005000,0,56.05301500,0.5310
1627372143352000,0,373.77305800,0.5310
1627372159400000,0,186.91023600,0.5310
1627372178776000,0,68.54149700,0.5309
1627372200261000,1,2683.44402876,0.5307
1627372240916000,0,2940.00000000,0.5312
1627372244791000,0,15523.20000000,0.5313
1627372246141000,0,310.46400000,0.5313
1627372257097000,0,1871.43801839,0.5317
1627372320262000,0,690.45336545,0.5317
1627372356386000,1,50.00000000,0.5317
1627372366853000,0,551.85974100,0.5325
1627372395139000,0,399.82880414,0.5328
1627372469063000,0,109.00000000,0.5331
1627372532442000,0,93.09922200,0.5331
1627372557011000,0,54.51000000,0.5330
1627372589646000,1,76.14000000,0.5327
1627372591307000,1,2999.99999999,0.5327
1627372627737000,1,230.00000000,0.5325
1627372671138000,0,93.11144900,0.5329
1627372680253000,0,822.26351732,0.5329
1627372729161000,1,12056.43095136,0.5329
1627372729193000,1,942.56904864,0.5329
1627372751699000,1,831.04787000,0.5322
1627372771043000,0,1073.77932000,0.5326
1627372821850000,1,149.00000000,0.5319
1627372859622000,0,600.51062600,0.5325
1627372860617000,0,933.05431400,0.5325
1627372861622000,0,933.05431300,0.5325
1627372862721000,0,933.05431400,0.5325
1627372863684000,0,200.83705900,0.5325
1627372921057000,1,1356.50730000,0.5316
1627372921068000,1,138.63070000,0.5316
1627372921073000,1,306.49330000,0.5316
1627372921133000,1,780.00000000,0.5316
1627372933983000,0,1665.91586600,0.5317
1627372958784000,1,1881.65871000,0.5310
1627372961706000,0,347.31947400,0.5315
1627373015330000,0,50.42160400,0.5315
1627373038192000,0,300.00000000,0.5312
1627373040593000,0,4000.60450000,0.5309
1627373042081000,0,192.35510200,0.5313
1627373101142000,0,2999.99999999,0.5308
1627373134643000,0,205.95487591,0.5323
1627373146353000,0,1094.26710500,0.5326
1627373153847000,1,1089.58000000,0.5322
1627373159325000,1,3000.00000000,0.5324
1627373168230000,1,4509.60693000,0.5327
1627373170504000,1,1196.13700000,0.5327
1627373171971000,1,8100.00000000,0.5326
1627373172107000,1,1876.86983000,0.5324
1627373176056000,1,3826.99317000,0.5325
1627373176099000,1,3000.00000000,0.5325
1627373176297000,1,1273.00683000,0.5325
1627373176880000,1,7226.99317000,0.5325
1627373176936000,1,873.00683000,0.5325
1627373180120000,1,4500.00000000,0.5325
1627373180169000,1,3000.00000000,0.5325
1627373196762000,1,159.34461500,0.5325
1627373198014000,1,5126.99317000,0.5325
1627373204949000,0,3984.56883037,0.5329
1627373208336000,1,3981.79801000,0.5328
1627373208798000,1,0.00000033,0.5328
1627373208904000,1,3000.00000000,0.5327
1627373209087000,1,1875.89808621,0.5326
1627373209087000,1,2571.30191379,0.5326
1627373209446000,1,1875.89808621,0.5325
1627373209624000,1,3984.26078000,0.5324
1627373215226000,1,3982.48113000,0.5326
1627373216341000,1,1876.15852000,0.5327
1627373228026000,1,0.00000438,0.5326
1627373228105000,1,3982.72635000,0.5326
1627373231591000,1,0.00000351,0.5326
1627373231655000,1,0.00000685,0.5324
1627373231655000,1,3983.40324315,0.5324
1627373231744000,1,3000.00000000,0.5324
1627373231794000,1,1116.59675000,0.5324
1627373231862000,1,2866.80650000,0.5324
1627373231987000,1,1116.59675000,0.5324
1627373232259000,0,278.34828720,0.5325
1627373233407000,0,5.68057729,0.5325
1627373233407000,0,1875.89804923,0.5326
1627373233415000,0,0.00000001,0.5326
1627373237882000,1,1249.13996200,0.5325
1627373252153000,1,0.00001373,0.5324
1627373252153000,1,1015.86198627,0.5323
1627373252277000,1,1335.00000000,0.5323
1627373252324000,1,3984.51196000,0.5323
1627373252424000,1,3000.00000000,0.5322
1627373252424000,1,2500.00000000,0.5321
1627373252471000,1,2468.47644000,0.5322
1627373253046000,1,3000.00000000,0.5323
1627373253517000,1,984.51291966,0.5323
1627373253608000,1,1335.00000000,0.5322
1627373257141000,1,1335.00000000,0.5322
1627373258541000,1,1335.00000000,0.5321
1627373279301000,1,2508.57257000,0.5318
1627373279353000,1,1478.87927000,0.5318
1627373284222000,1,1335.00000000,0.5320
1627373284663000,1,2686.12073000,0.5320
1627373284708000,1,1300.22506000,0.5320
1627373287800000,1,0.00000862,0.5320
1627373287800000,1,3986.34578138,0.5320
1627373292609000,1,3000.00000000,0.5321
1627373292667000,1,986.12506000,0.5321
1627373292800000,1,0.00000069,0.5321
1627373298734000,1,3986.39826000,0.5320
1627373300673000,1,0.00000061,0.5320
1627373300673000,1,3986.39825939,0.5320
1627373302291000,1,0.00000122,0.5320
1627373302291000,1,2754.50756878,0.5320
1627373303113000,1,1231.89069000,0.5320
1627373305232000,1,1878.45635970,0.5320
1627373305232000,1,0.00000183,0.5320
1627373305232000,1,1889.65294847,0.5320
1627373305325000,1,218.28895000,0.5320
1627373305422000,1,1660.16741000,0.5320
1627373305486000,1,218.28895000,0.5320
1627373305532000,1,0.00000214,0.5320
1627373305532000,1,7971.81739786,0.5319
1627373309520000,1,3431.43729000,0.5320
1627373309569000,1,555.01445000,0.5320
1627373310684000,0,3000.00000000,0.5323
1627373310684000,0,7878.00000000,0.5323
1627373313670000,0,1333.82813048,0.5323
1627373313684000,0,0.00000001,0.5323
1627373316452000,1,3000.00000000,0.5322
1627373317686000,1,985.53144000,0.5322
1627373318150000,1,0.00000548,0.5320
1627373318207000,1,1878.45635000,0.5319
1627373318263000,1,0.00000970,0.5319
1627373318352000,1,0.00001116,0.5319
1627373318352000,1,1175.09578884,0.5319
1627373318427000,1,1878.45635970,0.5319
1627373318478000,1,1030.51500000,0.5319
1627373318512000,0,1878.45632854,0.5319
1627373318512000,0,6093.23233445,0.5319
1627373318515000,0,3985.84433150,0.5319
1627373318528000,1,5100.00000000,0.5319
1627373318571000,0,11920.92333405,0.5319
1627373322487000,1,2572.02642000,0.5320
1627373322530000,1,1414.34012000,0.5320
1627373335913000,1,1877.68744000,0.5322
1627373343115000,1,2154.84689000,0.5321
1627373343931000,1,627.10999400,0.5321
1627373346043000,1,1203.37553000,0.5321
1627373346303000,1,0.00000678,0.5321
1627373346484000,1,0.00000215,0.5320
1627373347502000,0,845.15306564,0.5321
1627373347502000,0,1250.99354891,0.5321
1627373349669000,1,3985.54386000,0.5321
1627373351667000,1,0.00000217,0.5321
1627373351667000,1,3985.54385783,0.5321
1627373353346000,1,0.00000434,0.5321
1627373353391000,1,1335.00000000,0.5320
1627373353437000,1,1878.55516000,0.5320
1627373353539000,1,1878.55516000,0.5320
1627373354440000,1,0.00000550,0.5318
1627373354440000,1,1334.99999450,0.5318
1627373359387000,1,1879.16234000,0.5317
1627373366431000,1,3987.76490000,0.5317
1627373376272000,1,1335.00000000,0.5316
1627373381701000,1,3988.86420000,0.5316
1627373381715000,1,0.00004369,0.5316
1627373381715000,1,1334.99995631,0.5316
1627373381846000,1,0.00004369,0.5316
1627373383452000,0,184.12849200,0.5317
1627373415193000,1,3991.40116000,0.5313
1627373415349000,1,1880.95085000,0.5313
1627373419992000,1,0.00000472,0.5313
1627373419992000,1,1881.38965528,0.5312
1627373421089000,1,1881.14900000,0.5311
1627373439276000,1,1881.25517000,0.5312
1627373447151000,0,3000.00000000,0.5316
1627373456044000,1,399.34826363,0.5313
1627373460869000,1,1879.64271000,0.5313
1627373461104000,1,0.00000751,0.5313
1627373461250000,1,4700.79904000,0.5312
1627373462228000,1,1880.63249000,0.5312
1627373484964000,0,70.95408800,0.5317
1627373497161000,1,1879.57912464,0.5316
1627373497161000,1,1120.42087536,0.5316
1627373497211000,1,3000.00000000,0.5316
1627373497266000,1,465.00010000,0.5316
1627373497345000,1,113.78755155,0.5316
1627373511678000,1,1880.49810000,0.5314
1627373512546000,1,0.00000634,0.5314
1627373512546000,1,3046.75344366,0.5314
1627373512644000,1,944.59721000,0.5314
1627373515492000,1,0.00000675,0.5314
1627373515492000,1,3991.70748325,0.5314
1627373520273000,0,65.22157063,0.5316
1627373525107000,1,3500.00000000,0.5314
1627373527218000,1,491.66281000,0.5314
1627373531428000,1,0.00000074,0.5314
1627373531428000,1,3499.99999926,0.5314
1627373531615000,1,491.66281000,0.5314
1627373538324000,1,0.00000148,0.5314
1627373538324000,1,3991.66308852,0.5314
1627373570438000,0,2406.17750000,0.5318
1627373570438000,0,21710.75783253,0.5318
1627373576076000,1,399.50780638,0.5316
1627373579994000,0,8100.00000000,0.5320
1627373580936000,1,3591.10789423,0.5316
1627373623835000,0,101.68260100,0.5323
1627373628379000,0,205.09884500,0.5323
1627373663902000,0,56.06219200,0.5327
1627373701935000,1,3984.43385000,0.5325
1627373771234000,1,54.80000000,0.5331
1627373804979000,0,186.41104949,0.5338
1627373812357000,1,945.64240000,0.5335
1627373816185000,1,398.73680181,0.5332
1627373835493000,0,191.40677700,0.5336
1627373848028000,0,992.62383600,0.5335
1627373858237000,0,186.02047100,0.5336
1627373936247000,1,398.12086949,0.5335
1627373963820000,0,780.00000000,0.5339
1627373968154000,1,780.00000000,0.5333
1627373968154000,1,1278.24000000,0.5333
1627374006444000,0,964.00000000,0.5347
1627374006481000,0,75.94470000,0.5349
1627374035966000,1,3974.57446021,0.5342
1627374037355000,0,73.95109900,0.5345
1627374039962000,1,0.00000001,0.5342
1627374039962000,1,3975.96626999,0.5340
1627374040006000,1,0.00000276,0.5340
1627374056278000,1,397.99410968,0.5338
1627374096093000,1,143.05943600,0.5339
1627374110640000,0,93.11160400,0.5342
1627374113368000,0,8100.00000000,0.5342
1627374113368000,0,1316.99001143,0.5342
1627374113866000,0,1316.99001143,0.5342
1627374154143000,1,38.07031000,0.5339
1627374168370000,0,92.86056400,0.5345
1627374169372000,0,92.86056400,0.5343
1627374170072000,0,1528.92978735,0.5343
1627374170387000,0,92.86056400,0.5343
1627374171409000,0,92.86056400,0.5343
1627374172444000,0,92.86056400,0.5343
1627374173462000,0,92.86056500,0.5343
1627374174491000,0,92.86056400,0.5343
1627374175513000,0,92.86056500,0.5343
1627374176546000,0,92.86056400,0.5343
1627374177601000,0,92.86056500,0.5343
1627374208499000,0,1025.49227124,0.5341
1627374225606000,0,217.40000000,0.5343
1627374225711000,0,92.90576200,0.5345
1627374240266000,0,206.83746608,0.5341
1627374243535000,0,3066.79534501,0.5343
1627374250779000,0,213.71282900,0.5343
1627374253553000,0,1870.57155186,0.5343
1627374264522000,0,145.46730138,0.5341
1627374316587000,0,5550.56107010,0.5342
1627374337605000,0,1869.64932213,0.5339
1627374357631000,0,579.34034119,0.5338
1627374386181000,0,3000.00000000,0.5341
1627374386181000,0,14000.00000000,0.5343
1627374387196000,0,8100.00000000,0.5342
1627374442289000,0,92.91272000,0.5342
1627374532504000,0,1000.00000000,0.5346
1627374548753000,1,674.78429000,0.5345
1627374617782000,0,0.00008148,0.5349
1627374617782000,0,116.77735241,0.5351
1627374617782000,0,351.07023410,0.5351
1627374617782000,0,469.82124174,0.5351
1627374617782000,0,588.89439896,0.5351
1627374617782000,0,708.40127925,0.5351
1627374617782000,0,828.38115811,0.5351
1627374617782000,0,948.85272663,0.5351
1627374617782000,0,1069.82697184,0.5351
1627374617782000,0,1191.31146718,0.5351
1627374617782000,0,1313.31208917,0.5351
1627374617782000,0,1435.83379817,0.5351
1627374617782000,0,1558.88102913,0.5351
1627374617782000,0,1682.45790207,0.5351
1627374617782000,0,1806.56834266,0.5351
1627374617782000,0,1931.21615453,0.5351
1627374617782000,0,2056.40506465,0.5351
1627374617782000,0,2182.13875269,0.5351
1627374617782000,0,2308.42087070,0.5351
1627374617782000,0,2435.25505661,0.5351
1627374617782000,0,2562.64494374,0.5351
1627374617782000,0,2690.59416766,0.5351
1627374617782000,0,2819.10637115,0.5351
1627374617782000,0,430.56134537,0.5351
1627374617912000,0,2517.62386262,0.5351
1627374617912000,0,3077.83434584,0.5351
1627374617912000,0,3208.05746839,0.5351
1627374617912000,0,3338.85827714,0.5351
1627374617912000,0,3470.24049276,0.5351
1627374617912000,0,256.35885325,0.5351
1627374617928000,0,273.43855361,0.5351
1627374618154000,0,13140.00000000,0.5355
1627374630941000,0,5534.95793107,0.5354
1627374639969000,0,931.82753157,0.5353
1627374655971000,0,223.61477028,0.5351
1627374656457000,0,894.69129300,0.5351
1627374657943000,1,1868.88640534,0.5347
1627374676817000,0,164.04566099,0.5350
1627374784766000,0,180.95000000,0.5352
1627374839778000,1,135.55459500,0.5352
1627374874579000,0,38.09625400,0.5355
1627374925048000,1,6112.99999999,0.5350
1627374971056000,1,0.00000001,0.5350
1627374971056000,1,483.02274199,0.5347
1627374997183000,1,10000.00000000,0.5350
1627375008793000,0,797.36216200,0.5349
1627375030016000,1,1079.91000000,0.5346
1627375071511000,1,708.63089600,0.5346
1627375147918000,1,100.00000000,0.5344
1627375251979000,0,129.88137200,0.5345
1627375272029000,1,121.00000000,0.5341
1627375289570000,0,1226.83590328,0.5344
1627375322819000,0,228.44994700,0.5339
1627375347480000,1,8100.00000000,0.5336
1627375347480000,1,1872.25246950,0.5336
1627375347480000,1,8100.00000000,0.5336
1627375347480000,1,1872.49787471,0.5335
1627375347480000,1,3979.17917852,0.5335
1627375347480000,1,7942.70144727,0.5334
1627375389315000,0,148.72718000,0.5339
1627375400337000,0,139.42389600,0.5339
1627375575990000,0,93.03464600,0.5338
1627375616580000,1,398.25405422,0.5330
1627375634097000,0,186.41104949,0.5338
1627375658167000,0,148.82753400,0.5334
1627375736630000,1,398.08917197,0.5332
1627375737512000,0,73.98569900,0.5336
1627375766161000,0,1524.55556000,0.5337
1627375817931000,0,478.23509800,0.5334
1627375847397000,1,345.77000000,0.5329
1627375854371000,1,1500.00000000,0.5330
1627375856718000,1,398.41907311,0.5330
1627375866920000,1,82.19000000,0.5330
1627375871665000,0,139.37347800,0.5334
1627375877834000,0,305.04919300,0.5333
1627375888209000,1,38.33000000,0.5331
1627375969119000,0,152.40740800,0.5339
1627375999484000,0,186.41921282,0.5338
1627376000811000,1,310.91890500,0.5334
1627376024160000,0,54.43000000,0.5339
1627376036659000,0,39.20000000,0.5334
1627376070902000,0,0.80000000,0.5334
1627376070902000,0,71.15815300,0.5337
1627376096795000,1,398.01945519,0.5336
1627376129748000,0,244.84000000,0.5340
1627376175528000,1,800.63000000,0.5335
1627376193510000,0,2808.85140900,0.5339
1627376257674000,0,1859.29870500,0.5339
1627376259478000,0,74.54906441,0.5339
1627376324010000,1,200.00000000,0.5334
1627376456562000,1,287.00000000,0.5339
1627376456872000,1,398.04480392,0.5339
1627376477117000,0,1523.13294100,0.5344
1627376477135000,1,54.55454400,0.5339
1627376520337000,0,982.47019717,0.5344
1627376608634000,1,174.42520000,0.5341
1627376661478000,0,106.79286900,0.5344
1627376679563000,0,3510.26069500,0.5344
1627376714883000,0,744.60236300,0.5343
1627376731274000,0,894.10299898,0.5342
1627376771040000,0,55.31843199,0.5341
1627376779365000,0,8100.00000000,0.5341
1627376779365000,0,763.49703244,0.5341
1627376790770000,0,74.33487200,0.5343
1627376806129000,0,5573.48430100,0.5342
1627376844223000,0,1862.40080857,0.5343
1627376900694000,1,359.75000000,0.5340
1627376931552000,0,753.10038300,0.5345
1627376967569000,0,139.01291500,0.5346
1627377041973000,0,66.08739300,0.5343
1627377092371000,1,165.93094600,0.5333
1627377094258000,0,90.15298172,0.5339
1627377216517000,0,186.41789000,0.5341
1627377237289000,1,208.07810000,0.5340
1627377240342000,0,926.41113939,0.5342
1627377269721000,0,185.79761200,0.5342
1627377308827000,0,176.94131741,0.5342
1627377321033000,0,208.44000000,0.5341
1627377461666000,1,1560.02000000,0.5331
1627377491251000,0,200.76754800,0.5335
1627377493300000,0,1337.21292000,0.5335
1627377529702000,0,3761.40000000,0.5336
1627377556224000,0,92.98757900,0.5338
1627377573416000,1,3733.65853000,0.5330
1627377633786000,0,92.98609800,0.5336
1627377638881000,1,0.00000658,0.5330
1627377638881000,1,1875.08203484,0.5330
1627377641001000,0,827.70808900,0.5327
1627377642911000,1,853.84960000,0.5315
1627377642922000,1,133.08050000,0.5315
1627377642938000,1,378.49790000,0.5315
1627377645276000,0,1881.40266726,0.5319
1627377645323000,0,0.00000001,0.5319
1627377655499000,0,186.50633700,0.5324
1627377655784000,1,900.00000000,0.5320
1627377672407000,0,3560.00000000,0.5330
1627377767130000,1,260.78870000,0.5327
1627377816290000,1,2751.96676338,0.5331
1627377952295000,1,200.00000000,0.5330
1627377964914000,0,190.61856300,0.5334
1627378000024000,0,3000.00000000,0.5337
1627378019473000,0,50.00000000,0.5340
1627378062607000,1,3000.00000000,0.5336
1627378062607000,1,3976.45994336,0.5335
1627378062607000,1,7952.00919261,0.5334
1627378062607000,1,1100.92286403,0.5334
1627378198857000,0,57.57307100,0.5346
1627378201895000,0,464.19859100,0.5346
1627378315570000,0,226.42000000,0.5346
1627378318263000,0,908.20747100,0.5347
1627378320286000,0,77.00383005,0.5348
1627378355706000,0,54.48429300,0.5344
1627378463217000,0,163.55384300,0.5338
1627378552494000,0,530.08970596,0.5350
1627378553713000,1,314.98547600,0.5346
1627378598901000,1,1082.28969200,0.5350
1627378633692000,1,350.00000000,0.5349
1627378665737000,0,38.43662118,0.5360
1627378665737000,0,38.43657882,0.5360
1627378665984000,0,0.00004236,0.5360
1627378703606000,0,962.55900000,0.5362
1627378706147000,1,3000.00000000,0.5356
1627378734581000,1,43.02655600,0.5355
1627378815778000,1,103.72000000,0.5359
1627378846254000,1,79.67000000,0.5358
1627378855892000,0,3247.57734631,0.5362
1627378966303000,1,68.00000000,0.5365
1627379023886000,0,18000.00000000,0.5377
1627379036340000,1,485.29220000,0.5375
1627379045177000,0,251.58179100,0.5375
1627379088955000,1,251.58170000,0.5370
1627379088955000,1,348.41830000,0.5370
1627379149364000,0,98.34919900,0.5373
1627379152402000,0,277.74336596,0.5374
1627379224624000,1,3951.92990000,0.5369
1627379226790000,0,858.61436600,0.5370
1627379410885000,0,194.31259352,0.5383
1627379430300000,0,3.96556313,0.5383
1627379430300000,0,562.65890687,0.5386
1627379487184000,1,953.07000000,0.5382
1627379498796000,1,40.00000000,0.5381
1627379548899000,0,64.68000000,0.5391
1627379578057000,1,5712.20951815,0.5388
1627379589291000,1,360.00000000,0.5383
1627379598854000,0,269.78000000,0.5384
1627379611119000,0,106.30000000,0.5381
1627379624720000,0,349.68481615,0.5379
1627379672092000,0,6760.72632839,0.5386
1627379673151000,1,254.35970000,0.5382
1627379677594000,0,3395.19818837,0.5386
1627379706369000,0,263.44439076,0.5382
1627379726508000,0,184.90440400,0.5382
1627379745351000,1,50.00000000,0.5378
1627379760339000,0,525.78738854,0.5380
1627379817193000,1,580.00000000,0.5366
1627379827608000,1,131.89140700,0.5367
1627379911895000,0,500.00000000,0.5370
1627379913503000,1,393.12172466,0.5366
1627379998429000,1,118.01162000,0.5369
1627380010984000,0,3000.00000000,0.5375
1627380010984000,0,1973.21297741,0.5375
1627380011444000,0,1973.21297000,0.5375
1627380016519000,1,1850.00000000,0.5374
1627380027712000,1,1500.00000000,0.5369
1627380063562000,1,384.10000000,0.5367
1627380079807000,1,56.00000000,0.5370
1627380089254000,1,45.41174100,0.5367
1627380092869000,0,200.53000000,0.5372
1627380113300000,1,2999.99999999,0.5362
1627380130670000,1,408.00000000,0.5357
1627380170997000,0,185.05629300,0.5365
1627380332497000,1,590.21193400,0.5360
1627380341523000,1,200.00000000,0.5360
1627380521594000,0,4095.00000000,0.5363
1627380521594000,0,3962.19340797,0.5363
1627380521594000,0,14100.00000000,0.5364
1627380521594000,0,11875.66540000,0.5364
1627380521594000,0,10725.22935442,0.5364
1627380521594000,0,5615.63100282,0.5364
1627380545439000,1,95.36794100,0.5356
1627380632983000,0,1857.25595893,0.5357
1627380649587000,1,163.32000000,0.5354
1627380772369000,0,1864.62640360,0.5352
1627380779168000,0,598.14796000,0.5352
1627380904093000,0,371.79818776,0.5353
1627380905487000,0,1863.82547715,0.5355
1627380960911000,1,562.03509600,0.5352
1627380964975000,0,4204.63560000,0.5357
1627381057887000,1,991.19492600,0.5353
1627381127701000,0,316.57924748,0.5356
1627381204780000,0,197.35953949,0.5359
1627381223759000,1,122.76860048,0.5355
1627381246517000,1,900.00000000,0.5355
1627381272091000,1,164.79479000,0.5355
1627381284755000,0,500.00000000,0.5355
1627381297842000,0,325.30000000,0.5359
1627381336921000,0,928.40270209,0.5359
1627381367941000,1,59.54755800,0.5354
1627381372650000,0,212.03256386,0.5359
1627381382632000,1,349.00000000,0.5355
1627381445789000,1,347.25000000,0.5357
1627381463898000,1,71.98000000,0.5361
1627381473948000,0,392.31335900,0.5366
1627381566077000,0,152.23599600,0.5367
1627381569363000,0,736.10554300,0.5366
1627381602550000,0,100.65621200,0.5367
1627381608313000,0,3535.45334103,0.5367
1627381703968000,0,3957.37820580,0.5367
1627381703968000,0,381.96493720,0.5367
1627381767243000,1,125.90000000,0.5366
1627381769174000,0,109.26785600,0.5370
1627381807659000,0,514.34330800,0.5373
1627381807737000,1,700.00000000,0.5369
1627381854016000,0,43.89406424,0.5376
1627381907046000,0,70.87000000,0.5380
1627381927571000,0,149.38510500,0.5380
1627382003745000,0,5812.52738341,0.5384
1627382009551000,1,97.72600000,0.5380
1627382072430000,0,2999.99999999,0.5386
1627382072443000,0,0.00000001,0.5386
1627382094300000,0,90.06918800,0.5392
1627382171032000,1,69.00000000,0.5387
1627382223863000,0,1623.46412400,0.5385
1627382232005000,1,242.79486300,0.5381
1627382335428000,1,1200.00000079,0.5380
1627382336156000,0,738.31342286,0.5384
1627382380437000,1,38.00000000,0.5384
1627382392363000,0,340.46152900,0.5389
1627382454893000,1,309.00000000,0.5382
1627382493218000,0,369.15862000,0.5389
1627382495614000,1,935.63701600,0.5385
1627382503228000,0,180.13837500,0.5389
1627382565536000,1,367.06550000,0.5383
1627382635446000,1,197.56939300,0.5384
1627382647626000,0,441.57678500,0.5387
1627382673833000,1,100.00000000,0.5387
1627382680265000,1,3000.00000000,0.5382
1627382680265000,1,10794.10920199,0.5382
1627382680265000,1,3941.38811017,0.5381
1627382680265000,1,18801.95000000,0.5381
1627382680265000,1,4320.70000000,0.5380
1627382680265000,1,1857.51382919,0.5380
1627382680265000,1,7882.39954587,0.5380
1627382680265000,1,12989.05021992,0.5379
1627382680265000,1,4030.51500000,0.5379
1627382680265000,1,41636.00000000,0.5379
1627382680265000,1,4643.76151132,0.5378
1627382680265000,1,11824.66744377,0.5378
1627382680265000,1,4277.44785134,0.5377
1627382696293000,1,86.39327000,0.5384
1627382761974000,1,81.22187700,0.5383
1627382819073000,1,1074.19000000,0.5376
1627382837751000,1,142.20740000,0.5376
1627383077108000,0,939.92987500,0.5384
1627383170490000,1,500.00000000,0.5384
1627383217099000,1,49.07000000,0.5386
1627383263151000,1,50.00000000,0.5391
1627383276197000,0,2710.18225321,0.5391
1627383352236000,1,183.67379600,0.5387
1627383393147000,1,44.33978000,0.5385
1627383438578000,0,920.90316100,0.5387
1627383480294000,0,457.36820619,0.5390
1627383595861000,1,104.83178000,0.5388
1627383611141000,0,1305.26923594,0.5397
1627383646732000,1,136.00000000,0.5388
1627383692079000,1,378.07780000,0.5389
1627383698135000,1,508.00000000,0.5389
1627383766718000,0,269.91209000,0.5396
1627383834627000,0,103.43371100,0.5395
1627383851962000,1,83.00000000,0.5393
1627383920345000,1,194.34369300,0.5397
1627384021462000,1,49.98000000,0.5396
1627384091031000,0,84.47153900,0.5401
1627384139753000,0,0.00000060,0.5401
1627384139753000,0,100.41999940,0.5403
1627384151000000,0,92.11835400,0.5403
1627384181425000,0,351.83463600,0.5403
1627384274172000,1,100.00000000,0.5391
1627384282808000,0,57.78695144,0.5398
1627384316431000,0,322.98000000,0.5396
1627384440256000,1,175.59675825,0.5398
1627384455832000,0,184.13990931,0.5403
1627384477884000,0,91.84829600,0.5401
1627384478327000,0,232.07220483,0.5401
1627384480531000,0,1842.23131100,0.5401
1627384566596000,1,197.16290000,0.5397
1627384605880000,0,153.69319200,0.5404
1627384690561000,0,89.67000000,0.5400
1627384705780000,1,2566.92335900,0.5400
1627384728307000,1,42.21464600,0.5396
1627384769383000,0,55.46393400,0.5400
1627384809648000,1,480.66579500,0.5396
1627384844552000,0,916.75296600,0.5404
1627384948482000,0,110.30710200,0.5399
1627384949499000,0,91.92655800,0.5399
1627384950538000,0,91.92655800,0.5399
1627384951559000,0,91.92655700,0.5399
1627384952588000,0,91.92655800,0.5399
1627384953614000,0,91.92655700,0.5399
1627384954655000,0,91.92655800,0.5399
1627384955687000,0,91.92655700,0.5399
1627384956714000,0,91.92655800,0.5399
1627384957735000,0,91.92655700,0.5399
1627384997952000,0,5023.54235028,0.5400
1627385002590000,0,200.71145300,0.5400
1627385042180000,0,178.93822900,0.5402
1627385071017000,1,385.44935100,0.5398
1627385127258000,0,183.96407705,0.5409
1627385181576000,1,1900.45332593,0.5404
1627385280302000,0,6912.13643927,0.5404
1627385288089000,0,920.00000000,0.5403
1627385293448000,1,780.00000000,0.5404
1627385295757000,1,1000.00000000,0.5404
1627385297227000,1,26566.35486408,0.5404
1627385302116000,1,5876.43955644,0.5404
1627385302447000,1,9070.59074452,0.5404
1627385307366000,1,10345.00000000,0.5404
1627385307471000,1,21516.00000000,0.5404
1627385307493000,1,94.96200000,0.5404
1627385313235000,1,8249.00000000,0.5404
1627385313252000,1,272.04800000,0.5404
1627385313271000,1,11062.27397133,0.5404
1627385433743000,0,143.34000000,0.5405
1627385441596000,1,250.00000000,0.5397
1627385457018000,0,136.18932600,0.5402
1627385463840000,1,2413.66900000,0.5398
1627385494903000,1,50.00000000,0.5393
1627385530492000,0,921.78022344,0.5397
1627385554951000,1,306.13668500,0.5394
1627385671878000,0,1001.00000000,0.5405
1627385673112000,0,70.49000000,0.5406
1627385677208000,1,199.98000000,0.5401
1627385677436000,0,246.38870081,0.5406
1627385694727000,0,3000.00000000,0.5405
1627385694727000,0,11894.44861766,0.5407
1627385707611000,1,800.00000000,0.5401
1627385789010000,0,3000.00000000,0.5404
1627385809194000,0,200.12848200,0.5406
1627385838930000,1,63.32150700,0.5401
1627385865990000,0,38.08448014,0.5409
1627385865990000,0,38.08441986,0.5409
1627385873302000,0,0.00006026,0.5409
1627385873302000,0,0.00000002,0.5409
1627385873302000,0,55.05253872,0.5410
1627385942668000,0,1500.00000000,0.5411
1627385956244000,0,70.22971724,0.5413
1627385989772000,1,1500.00000000,0.5415
1627385989794000,1,13128.19381118,0.5415
1627385990843000,1,391.52990899,0.5415
1627386000260000,0,137.28054084,0.5415
1627386079946000,0,287.14461200,0.5412
1627386118463000,1,367.47730000,0.5415
1627386148941000,1,63.99999999,0.5416
1627386148941000,1,0.00000001,0.5416
1627386185405000,1,0.00003274,0.5415
1627386185405000,1,299.90666926,0.5415
1627386188147000,1,3000.00000000,0.5413
1627386188147000,1,500.86575061,0.5413
1627386228477000,0,91.83092456,0.5418
1627386252414000,1,278.18375100,0.5414
1627386255575000,0,221.59842500,0.5417
1627386267300000,0,181.35148900,0.5418
1627386282581000,0,3000.00000000,0.5417
1627386282581000,0,3773.28516843,0.5417
1627386313234000,0,168.91503400,0.5419
1627386348866000,0,99.50946100,0.5420
1627386404074000,1,3655.79518000,0.5417
1627386415135000,1,0.00000481,0.5417
1627386535115000,0,74.93100000,0.5421
1627386541985000,0,0.00005643,0.5421
1627386624644000,0,89.20000000,0.5427
1627386625637000,1,210.82000000,0.5421
1627386687179000,0,8100.00000000,0.5429
1627386687179000,0,10355.11345257,0.5429
1627386694837000,1,178.48780000,0.5425
1627386722321000,1,1544.93885000,0.5430
1627386722666000,1,0.00000369,0.5430
1627386731503000,0,11340.00000000,0.5434
1627386788535000,1,3000.00000000,0.5424
1627386795792000,1,2551.94310000,0.5424
1627386804496000,0,500.43622998,0.5428
1627386826147000,0,7967.75415123,0.5426
1627386957204000,0,93.07207400,0.5435
1627387011007000,1,4232.61290000,0.5427
1627387074195000,0,917.82101912,0.5434
1627387099363000,0,182.18039900,0.5434
1627387111972000,1,50.00000000,0.5431
1627387130138000,0,116.00327669,0.5436
1627387140646000,0,1902.14568900,0.5438
1627387142371000,1,200.00000000,0.5435
1627387165991000,0,37.50811113,0.5439
1627387165991000,0,62.84954787,0.5440
1627387209192000,0,974.98062749,0.5441
1627387222731000,0,183.28784016,0.5441
1627387244198000,1,469.88000000,0.5429
1627387259589000,0,1808.56092400,0.5428
1627387264880000,1,77.74193000,0.5424
1627387330875000,0,3000.00000000,0.5422
1627387335969000,0,104.23052600,0.5425
1627387360923000,0,3912.14010281,0.5421
1627387360923000,0,5863.56437811,0.5421
1627387362886000,0,533.58181818,0.5418
1627387389425000,1,20.28773200,0.5418
1627387415620000,0,208.20664100,0.5422
1627387454180000,0,89.72658400,0.5419
1627387487501000,1,104.53675700,0.5416
1627387511543000,1,257.30667391,0.5416
1627387518571000,1,90.00000000,0.5415
1627387530173000,1,1383.02000000,0.5413
1627387638914000,0,19620.00000000,0.5396
1627387639641000,1,3000.00000000,0.5392
1627387639641000,1,1853.35512879,0.5391
1627387639641000,1,1852.44875201,0.5390
1627387639641000,1,185.00000000,0.5390
1627387639641000,1,4147.80000000,0.5389
1627387639641000,1,3928.80129081,0.5387
1627387639641000,1,10974.62913943,0.5387
1627387639641000,1,12047.48050022,0.5387
1627387639641000,1,12384.20428874,0.5386
1627387639703000,1,500.00000000,0.5392
1627387640424000,1,232.07220483,0.5393
1627387640457000,1,7867.92779517,0.5393
1627387640457000,1,1240.11012259,0.5390
1627387640483000,1,1717.25905118,0.5390
1627387665512000,0,24500.00000000,0.5398
1627387788135000,0,4086.40000000,0.5409
1627387813161000,0,4086.40000000,0.5414
1627387813416000,0,3000.00000000,0.5414
1627387931441000,0,1985.54216867,0.5423
1627388000204000,1,161.54382000,0.5421
1627388040277000,0,91.03626699,0.5428
1627388104647000,1,3000.00000000,0.5415
1627388104647000,1,500.00000000,0.5415
1627388147929000,0,843.18371200,0.5415
1627388171479000,0,918.69933892,0.5415
1627388219099000,0,3279.35150000,0.5411
1627388225513000,1,370.00000000,0.5407
1627388239320000,1,859.38914900,0.5402
1627388276518000,0,3000.00000000,0.5406
1627388276518000,0,3918.14715863,0.5406
1627388298566000,0,1000.00000000,0.5407
1627388316901000,1,455.01840000,0.5403
1627388393228000,1,87.83976600,0.5409
1627388411717000,0,78.25782484,0.5418
1627388535143000,0,55.95153200,0.5424
1627388536218000,0,221.35120000,0.5421
1627388537248000,0,3205.19750000,0.5421
1627388537930000,0,0.00003903,0.5421
1627388538003000,0,1495.57494800,0.5426
1627388542175000,0,109.76898100,0.5425
1627388560045000,0,72.50826200,0.5429
1627388566153000,0,274.18997400,0.5430
1627388568495000,1,235.08955400,0.5426
1627388679109000,0,500.00000000,0.5436
1627388729530000,0,912.69939460,0.5451
1627388751219000,0,26584.31098983,0.5455
1627388751221000,0,8814.70901017,0.5455
1627388761311000,1,1832.34753035,0.5453
1627388761312000,1,0.00000001,0.5453
1627388761505000,1,3000.00000000,0.5451
1627388761505000,1,1581.13024103,0.5451
1627388761847000,1,1832.34753000,0.5451
1627388775367000,1,211.96000000,0.5448
1627388795312000,0,572.68681300,0.5445
1627388802894000,1,500.00000000,0.5439
1627388802894000,1,3131.78841600,0.5437
1627388807014000,1,799.26800500,0.5439
1627388843500000,1,1833.79239270,0.5448
1627388843500000,1,166.20760730,0.5447
1627388850734000,1,122.25800000,0.5448
1627388880285000,0,40.00000000,0.5461
1627388880285000,0,1707.42652835,0.5462
1627388881223000,1,269.00000000,0.5457
1627388886656000,1,1123.48772500,0.5457
1627388887861000,0,377.10205400,0.5461
1627388896768000,0,5096.88541610,0.5464
1627388901977000,1,400.00000000,0.5460
1627388906169000,0,198.27810000,0.5464
1627388907022000,0,0.00005665,0.5464
1627388925181000,1,1900.00000000,0.5463
1627388955918000,1,110.97960000,0.5460
1627388955918000,1,89.77040000,0.5459
1627388989937000,0,875.00000000,0.5455
1627389000297000,0,280.72054530,0.5459
1627389002219000,0,60.78010600,0.5459
1627389017284000,0,54.54800400,0.5461
1627389024322000,0,90.93610700,0.5465
1627389057611000,1,840.32060000,0.5463
1627389057650000,0,618.16159600,0.5466
1627389057654000,1,80412.06383641,0.5463
1627389057869000,1,14069.37000000,0.5463
1627389062500000,1,17890.94258159,0.5463
1627389063669000,0,1606.81705200,0.5463
1627389079816000,0,24567.89000000,0.5467
1627389079853000,0,1198.19070000,0.5468
1627389079868000,0,0.00006300,0.5468
1627389079868000,0,556.19563700,0.5469
1627389079884000,0,0.00009387,0.5469
1627389079998000,0,1829.34320652,0.5471
1627389079998000,0,83.37859348,0.5472
1627389080087000,0,3000.00000000,0.5471
1627389080126000,0,1828.75530000,0.5472
1627389080158000,0,0.00004911,0.5472
1627389080158000,0,0.00005629,0.5472
1627389080158000,0,1649.63089460,0.5473
1627389080377000,0,2922.28150000,0.5473
1627389101531000,1,1663.31580000,0.5485
1627389101789000,0,38.03783754,0.5492
1627389115203000,1,1931.06950000,0.5487
1627389115258000,1,0.00007757,0.5487
1627389115258000,1,1931.03877973,0.5487
1627389116286000,0,1004.35198515,0.5491
1627389117105000,0,356.49009215,0.5490
1627389117496000,0,1933.25678432,0.5490
1627389117579000,0,731.03788775,0.5490
1627389118073000,0,190.14246680,0.5489
1627389118507000,0,276.32155781,0.5487
1627389118954000,0,496.10205866,0.5486
1627389119384000,0,971.81315358,0.5486
1627389119445000,1,2815.83770000,0.5481
1627389119445000,1,4030.51500000,0.5480
1627389119732000,1,500.00000000,0.5486
1627389119734000,1,900.00000000,0.5486
1627389119734000,1,800.00000000,0.5486
1627389119734000,1,1700.00000000,0.5486
1627389119734000,1,2200.00000000,0.5486
1627389119734000,1,3000.00000000,0.5486
1627389119734000,1,1300.00000000,0.5486
1627389119734000,1,500.00000000,0.5486
1627389119737000,0,7128.18684000,0.5486
1627389120265000,0,46.40884888,0.5495
1627389120287000,0,4508.06302268,0.5495
1627389120287000,0,1821.74875587,0.5495
1627389120402000,0,73.93026349,0.5495
1627389120505000,0,780.00000000,0.5495
1627389120568000,0,1747.96160000,0.5495
1627389120982000,0,50.00000000,0.5500
1627389120982000,0,2534.39880000,0.5500
1627389120982000,0,751.57081830,0.5500
1627389120982000,0,2654.10526316,0.5500
1627389120982000,0,509.99991854,0.5500
1627389121026000,0,0.00008146,0.5500
1627389128420000,1,1560.00000000,0.5489
1627389132810000,1,535.70000000,0.5488
1627389135132000,0,1675.92539024,0.5497
1627389156287000,0,3000.00000000,0.5495
1627389156287000,0,2419.02941500,0.5495
1627389184970000,0,10931.34822237,0.5488
1627389184970000,0,8100.00000000,0.5488
1627389184970000,0,8783.59580202,0.5489
1627389187719000,1,170.38815700,0.5484
1627389192507000,1,244.81000000,0.5483
1627389201363000,1,1400.00000000,0.5488
1627389202991000,0,182.59529500,0.5494
1627389232492000,1,52.70375710,0.5493
1627389253525000,0,1307.03422053,0.5501
1627389254580000,1,65.17434000,0.5493
1627389254661000,1,300.00000000,0.5493
1627389275090000,1,170.00000000,0.5492
1627389280527000,1,2940.00000000,0.5493
1627389292512000,1,2000.00000000,0.5493
1627389312551000,1,967.30100000,0.5490
1627389312551000,1,657.62137700,0.5489
1627389337099000,0,176.35000000,0.5492
1627389373402000,0,2790.14464700,0.5496
1627389378380000,0,90.26130600,0.5496
1627389408509000,1,2734.34170800,0.5488
1627389441228000,0,1087.61737593,0.5489
1627389449178000,0,36.24203241,0.5491
1627389449945000,0,101.25841200,0.5490
1627389477279000,1,242.25506500,0.5490
1627389531972000,0,79.43620200,0.5495
1627389538097000,0,1083.52981400,0.5496
1627389558146000,1,37.23649600,0.5491
1627389558916000,0,176.17000000,0.5499
1627389569227000,0,1629.20004730,0.5497
1627389572934000,0,451.32731100,0.5496
1627389573578000,0,226.56361188,0.5497
1627389574962000,0,541.59065400,0.5497
1627389585908000,0,88.28854200,0.5498
1627389600393000,0,265.01304500,0.5506
1627389602505000,0,1335.00000000,0.5507
1627389635327000,0,7075.74655366,0.5499
1627389691799000,1,133.17041600,0.5497
1627389694609000,0,90.40255846,0.5503
1627389716608000,0,1804.30726700,0.5502
1627389725740000,1,100000.00000000,0.5502
1627389741479000,0,1328.29755400,0.5503
1627389784383000,0,1982.71304500,0.5508
1627389823324000,1,208.03549400,0.5496
1627389889126000,0,271.27342940,0.5503
1627389902479000,1,1800.00000000,0.5501
1627389902480000,1,1562.16235867,0.5501
1627389914193000,1,93.39149300,0.5492
1627389932906000,1,1159.15570000,0.5483
1627389932906000,1,2203.00665867,0.5483
1627389937146000,1,8100.00000000,0.5486
1627389937146000,1,1127.55672628,0.5484
1627389942036000,1,1821.99807597,0.5485
1627389942036000,1,7405.55865032,0.5485
1627389982130000,1,5592.47864677,0.5492
1627390012543000,0,52.33203900,0.5503
1627390054526000,1,3612.44263400,0.5503
1627390057073000,0,17.28695500,0.5508
1627390057098000,1,3315.06593277,0.5508
1627390067800000,1,1874.19766000,0.5502
1627390089142000,1,226.56361188,0.5504
1627390093630000,1,182.68493200,0.5504
1627390101003000,1,464.11012068,0.5507
1627390113447000,1,176.03501800,0.5506
1627390115400000,0,539.86914700,0.5512
1627390122912000,0,274.50750000,0.5514
1627390122912000,0,1534.78644442,0.5514
1627390140387000,0,4402.25496900,0.5514
1627390168706000,1,4505.26845000,0.5511
1627390168761000,1,7391.31925000,0.5511
1627390196659000,0,8100.00000000,0.5512
1627390196659000,0,11520.19250000,0.5513
1627390196659000,0,7681.57080000,0.5513
1627390196659000,0,98.24171100,0.5513
1627390212023000,1,1814.94132295,0.5505
1627390212023000,1,4537.62457705,0.5505
1627390237662000,1,111.00000000,0.5502
1627390291346000,0,451.54774990,0.5513
1627390320343000,0,3000.00000000,0.5512
1627390320343000,0,7470.89862174,0.5512
1627390344584000,1,413.36929718,0.5506
1627390379108000,1,28732.61470000,0.5500
1627390379132000,1,13608.68075000,0.5500
1627390379144000,1,1515.52070000,0.5500
1627390379153000,1,244.33530000,0.5500
1627390379226000,1,245.66720000,0.5500
1627390379231000,1,304.42010000,0.5500
1627390379232000,1,273.37720000,0.5500
1627390379242000,1,121.31800000,0.5500
1627390379247000,1,151.48880000,0.5500
1627390379310000,1,478.28634090,0.5500
1627390381900000,0,1812.80687249,0.5503
1627390385063000,0,264.34839483,0.5503
1627390417224000,0,8100.00000000,0.5504
1627390429223000,1,194.57473000,0.5500
1627390498414000,1,500.00000000,0.5507
1627390539160000,0,57.47935100,0.5507
1627390555623000,1,854.22165700,0.5498
1627390560291000,0,1276.31611814,0.5502
1627390596396000,0,108.21384700,0.5506
1627390626399000,1,238.15618200,0.5503
1627390661544000,0,828.46580300,0.5510
1627390716259000,0,299.09000000,0.5506
1627390748388000,0,49.16626200,0.5505
1627390749397000,0,49.16626200,0.5505
1627390750436000,0,49.16626200,0.5505
1627390751432000,0,49.16626200,0.5505
1627390752505000,0,49.16626200,0.5505
1627390753502000,0,49.16626300,0.5505
1627390754547000,0,49.16626200,0.5505
1627390755533000,0,49.16626300,0.5505
1627390756428000,0,44.77323426,0.5505
1627390756568000,0,49.16626200,0.5505
1627390757692000,0,49.16626300,0.5505
1627390761879000,1,63.50000000,0.5500
1627390811567000,0,1443.39333600,0.5504
1627390833560000,0,716.48786000,0.5500
1627390833776000,0,3134.19858141,0.5500
1627390833776000,0,2999.99991859,0.5500
1627390853526000,0,3844.95740000,0.5509
1627390881529000,0,2875.11620000,0.5525
1627390886423000,0,0.00005663,0.5525
1627390888726000,1,3000.00000000,0.5526
1627390924557000,1,1800.00000000,0.5522
1627390953928000,1,151.20349999,0.5515
1627390953941000,1,0.00000001,0.5515
1627391006766000,0,54.49418400,0.5521
1627391012919000,0,54.49418400,0.5519
1627391013942000,0,54.49418300,0.5518
1627391014946000,0,50.00000000,0.5519
1627391015966000,0,50.00000000,0.5519
1627391042792000,1,158.55539700,0.5514
1627391046612000,0,101.29603900,0.5519
1627391046844000,1,3650.00000000,0.5514
1627391103590000,0,1758.22413700,0.5508
1627391161052000,0,73.05940000,0.5507
1627391195577000,1,145.69000000,0.5503
1627391239941000,1,130.00000000,0.5500
1627391331454000,0,3000.00000000,0.5509
1627391331454000,0,1330.51998200,0.5509
1627391387935000,1,400.04668437,0.5504
1627391411523000,1,76.54313000,0.5506
1627391413100000,0,37.00000000,0.5510
1627391415118000,0,3000.00000000,0.5515
1627391415118000,0,840.65440000,0.5515
1627391424078000,0,360.80386539,0.5516
1627391524014000,0,473.93364929,0.5514
1627391564225000,0,174.19622800,0.5513
1627391585443000,1,104.65578900,0.5507
1627391588963000,1,130.00000000,0.5508
1627391657274000,0,60.32514600,0.5505
1627391721406000,0,900.00000000,0.5498
1627391731565000,0,7696.02280000,0.5497
1627391731565000,0,3851.24921628,0.5498
1627391751872000,1,67.95992945,0.5500
1627391755222000,0,932.04007055,0.5500
1627391778880000,0,90.21864300,0.5500
1627391838546000,0,3852.63110000,0.5493
1627391841946000,1,289.54000000,0.5493
1627391851160000,1,523.54256796,0.5490
1627391851162000,1,2476.45743204,0.5490
1627391851791000,1,185.00000000,0.5486
1627391853096000,1,3154.33226093,0.5488
1627391856663000,0,3000.00000000,0.5493
1627391871985000,1,1001.31299937,0.5488
1627391879705000,0,1833.33539700,0.5492
1627391885208000,0,3853.11900000,0.5492
1627391885292000,0,0.00000069,0.5492
1627391885292000,0,7707.10679931,0.5494
1627391885390000,0,1820.88990000,0.5495
1627391885399000,0,0.00007819,0.5495
1627391885399000,0,32399.99992181,0.5495
1627391885520000,0,798.79007819,0.5495
1627391885520000,0,6908.31672181,0.5495
1627391885780000,0,59.39653124,0.5497
1627391891858000,1,59.75000000,0.5493
1627391928689000,0,1272.00000000,0.5504
1627392017696000,1,8100.00000000,0.5485
1627392017696000,1,2769.45192307,0.5484
1627392041081000,1,200.00000000,0.5489
1627392059133000,1,3000.00000000,0.5492
1627392059133000,1,8100.00000000,0.5492
1627392059133000,1,3794.44861760,0.5491
1627392161693000,0,174.79473500,0.5506
1627392208295000,0,8100.00000000,0.5505
1627392208295000,0,3845.28511814,0.5506
1627392208295000,0,2853.71380512,0.5506
1627392222231000,0,78.62617300,0.5508
1627392224079000,1,58.39663200,0.5503
1627392242416000,0,1084.12161106,0.5507
1627392246035000,0,450.59354000,0.5510
1627392285719000,1,399.22146900,0.5500
1627392298169000,1,2754.15265000,0.5504
1627392310386000,1,1445.23450000,0.5506
1627392310458000,1,1816.02240245,0.5503
1627392325570000,0,1685.05146657,0.5503
1627392331780000,1,100.00000000,0.5498
1627392332964000,1,100.00000000,0.5498
1627392333289000,0,3846.89564996,0.5501
1627392333941000,1,100.00000000,0.5498
1627392343743000,1,2827.59960000,0.5499
1627392343743000,1,698.23764608,0.5499
1627392346209000,0,0.00000001,0.5501
1627392346209000,0,161.30221899,0.5504
1627392351878000,0,175.98000000,0.5502
1627392360298000,1,50.60360867,0.5499
1627392386624000,1,92.02763000,0.5502
1627392432281000,1,188.09763600,0.5500
1627392500668000,0,52.76000000,0.5506
1627392530520000,0,865.34387700,0.5505
1627392572382000,0,52.87791600,0.5506
1627392589295000,0,73.58027900,0.5508
1627392610193000,1,73.58023400,0.5503
1627392615991000,0,1807.00059929,0.5506
1627392630063000,0,316.68000000,0.5504
1627392633314000,0,75.14840300,0.5504
1627392670651000,0,1472.61542500,0.5502
1627392683951000,0,176.29492600,0.5498
1627392684556000,1,1675.92539024,0.5494
1627392701079000,0,774.79214900,0.5497
1627392709774000,0,61.66000000,0.5497
1627392720281000,0,90.30563324,0.5499
1627392730624000,1,1942.24090000,0.5493
1627392730624000,1,870.96910000,0.5493
1627392732083000,1,140.00000000,0.5493
1627392744598000,0,1000.00000000,0.5500
1627392770866000,0,999.99999999,0.5505
1627392770872000,0,0.00000001,0.5505
1627392772109000,0,52.73000000,0.5510
1627392814048000,0,51.30806800,0.5510
1627392814394000,1,81.01000000,0.5504
1627392867803000,0,948.69193000,0.5510
1627392870245000,0,0.00000200,0.5510
1627392882129000,1,3000.00000000,0.5507
1627392882129000,1,18430.29560000,0.5506
1627392882129000,1,5077.00184810,0.5506
1627392928410000,0,52.65000000,0.5516
1627392954846000,1,132.00000000,0.5506
1627392960405000,1,71.36733823,0.5507
1627392983111000,0,176.12222900,0.5510
1627393010917000,1,3839.51072670,0.5510
1627393010917000,1,12243.62080000,0.5510
1627393010917000,1,7679.02145339,0.5508
1627393010917000,1,2743.14446811,0.5508
1627393078946000,1,1000.00000000,0.5512
1627393088411000,1,3683.00000000,0.5515
1627393099044000,0,1150.00000000,0.5520
1627393122509000,0,270.30923400,0.5522
1627393148945000,0,540.55894389,0.5522
1627393163169000,1,380.66991956,0.5517
1627393196818000,0,500.00000000,0.5518
1627393207406000,1,385.00000000,0.5517
1627393230767000,0,1821.36008500,0.5513
1627393261159000,0,559.04306700,0.5511
1627393272400000,0,2836.20200000,0.5514
1627393331150000,1,201.01968900,0.5502
1627393331230000,0,112.68367700,0.5511
1627393347402000,0,72.05440400,0.5509
1627393354433000,1,7953.92598947,0.5506
1627393364733000,1,53.35000000,0.5508
1627393380806000,0,2079.72546800,0.5518
1627393406046000,0,108.14899552,0.5520
1627393414343000,1,3835.67470000,0.5517
1627393414403000,1,8100.00000000,0.5519
1627393414455000,1,10500.00000000,0.5518
1627393414511000,1,0.00000501,0.5517
1627393414511000,1,3771.79999499,0.5516
1627393414891000,1,0.00000501,0.5516
1627393417947000,1,78.70970000,0.5513
1627393471059000,1,3993.10000000,0.5507
1627393527776000,1,280.07000000,0.5513
1627393528737000,1,3000.00000000,0.5512
1627393528882000,1,1005.19310000,0.5511
1627393531564000,0,780.00000000,0.5513
1627393558115000,1,10353.69900900,0.5514
1627393592730000,0,61.39603400,0.5520
1627393598572000,0,52.63000000,0.5520
1627393702491000,0,87.75000000,0.5518
1627393766056000,0,87.78000000,0.5515
1627393772851000,0,320.43000000,0.5515
1627393920278000,0,6261.55868641,0.5511
1627393924920000,1,1999.99999999,0.5507
1627393924967000,1,0.00000001,0.5507
1627394012528000,1,1684.31916303,0.5480
1627394012530000,1,1315.68083697,0.5480
1627394037714000,0,54.12064300,0.5482
1627394046838000,0,211.75751800,0.5480
1627394101102000,1,8100.00000000,0.5478
1627394101102000,1,2364.30000000,0.5477
1627394101102000,1,4334.69892330,0.5477
1627394117343000,0,3000.00000000,0.5492
1627394144473000,0,3000.00000000,0.5499
1627394158400000,0,89.56173850,0.5502
1627394177341000,1,121.04000000,0.5493
1627394193189000,0,370.64857400,0.5494
1627394262115000,1,100.00000000,0.5486
1627394267167000,0,176.74745800,0.5491
1627394269451000,0,88.18000000,0.5491
1627394296790000,1,399.82880414,0.5487
1627394304907000,0,3855.54726000,0.5492
1627394353083000,1,100.00000000,0.5489
1627394358360000,0,3854.61573000,0.5492
1627394413483000,0,2015.32750000,0.5488
1627394422646000,0,0.00000502,0.5492
1627394574449000,0,1273.49750000,0.5487
1627394574495000,0,2584.63706373,0.5487
1627394587312000,1,186.00000000,0.5482
1627394587742000,1,2813.99999999,0.5482
1627394595221000,1,3000.00000000,0.5478
1627394611168000,1,2999.99999999,0.5472
1627394617797000,0,455.94865981,0.5469
1627394625803000,0,101.00000000,0.5466
1627394640435000,1,4714.37490304,0.5440
1627394640732000,1,3385.62509696,0.5440
1627394640732000,1,500.00000000,0.5435
1627394640732000,1,500.00000000,0.5432
1627394640732000,1,6105.74325417,0.5432
1627394640732000,1,4528.35536904,0.5432
1627394650149000,1,8099.99999999,0.5433
1627394650911000,0,3000.00000000,0.5438
1627394654277000,0,3000.00000000,0.5441
1627394658057000,1,217.36005500,0.5440
1627394689955000,0,106.88000000,0.5438
1627394691609000,1,228.60984000,0.5429
1627394693277000,1,0.00000729,0.5429
1627394700330000,1,36.93116769,0.5415
1627394700887000,1,300.00000000,0.5411
1627394702189000,1,743.06890000,0.5410
1627394712891000,0,53.49000000,0.5429
1627394713791000,0,3000.00000000,0.5427
1627394753469000,0,535.18890000,0.5433
1627394755113000,1,3000.00000000,0.5428
1627394786156000,1,1800.00000000,0.5433
1627394811318000,1,4603.34960000,0.5426
1627394812731000,1,0.00008750,0.5426
1627394827800000,0,2999.99990000,0.5417
1627394850393000,1,1000.00000000,0.5398
1627394851006000,1,3332.35288777,0.5390
1627394865504000,1,4131.90000000,0.5396
1627394866839000,0,1838.81682100,0.5400
1627394878203000,1,8099.99999999,0.5384
1627394889353000,0,76941.62655000,0.5396
1627394889619000,0,0.00000810,0.5396
1627394894055000,0,1852.68482718,0.5402
1627394894055000,0,1851.98903622,0.5404
1627394933539000,1,16652.76665351,0.5405
1627394933546000,1,22934.12220000,0.5405
1627394933548000,1,282.98450000,0.5405
1627394933548000,1,14011.03321449,0.5405
1627394933998000,1,8000.00000000,0.5402
1627394934060000,1,8260.00000000,0.5402
1627394986087000,0,53.77000000,0.5404
1627395008356000,0,118.80696300,0.5409
1627395009782000,0,381.19303000,0.5409
1627395009795000,0,0.00000700,0.5409
1627395048365000,1,3000.00000000,0.5409
