timestamp ms,type,amount,price
1624838436095000,1,8250.12594056,0.5426
1624838454281000,0,866.34112000,0.5429
1624838508194000,1,52.67700000,0.5428
1624838509038000,1,253.16748405,0.5424
1624838510440000,0,655.44221867,0.5427
1624838542080000,0,198.27815665,0.5464
1624838542973000,0,504.81243744,0.5464
1624838551205000,0,307.89666213,0.5468
1624838551430000,0,614.87509692,0.5468
1624838555975000,0,81.60000000,0.5472
1624838556096000,0,6.32394593,0.5472
1624838557593000,0,3000.00000000,0.5482
1624838557593000,0,1398.03341066,0.5482
1624838557593000,0,9000.00000000,0.5482
1624838557593000,0,10530.93229908,0.5483
1624838557593000,0,1825.47379606,0.5483
1624838557593000,0,1828.56808490,0.5484
1624838557593000,0,3800.20000000,0.5485
1624838557593000,0,9991.64624106,0.5486
1624838557796000,0,9000.00000000,0.5482
1624838557796000,0,1825.41044354,0.5485
1624838557796000,0,1828.56808490,0.5485
1624838557796000,0,800.00000000,0.5485
1624838557796000,0,1872.07232770,0.5486
1624838557796000,0,1342.00000000,0.5486
1624838557796000,0,11463.01442798,0.5487
1624838557796000,0,39469.00000000,0.5488
1624838557796000,0,3977.00000000,0.5490
1624838557796000,0,4030.51500000,0.5490
1624838557796000,0,2777.41088180,0.5490
1624838557796000,0,13550.13506000,0.5490
1624838571755000,1,125.52548000,0.5470
1624838635929000,1,43.28519264,0.5449
1624838636377000,1,43.28519264,0.5447
1624838636377000,1,500.00000000,0.5447
1624838636377000,1,108.21298161,0.5446
1624838636377000,1,43.73604493,0.5446
1624838638694000,1,3000.00000000,0.5441
1624838638694000,1,43.28519264,0.5441
1624838638694000,1,108.21298161,0.5441
1624838638694000,1,1022.83003967,0.5441
1624838638694000,1,9959.67462729,0.5441
1624838638694000,1,43.73604493,0.5441
1624838638694000,1,6506.02149956,0.5440
1624838655863000,1,263.87722807,0.5453
1624838655863000,1,40.44477193,0.5453
1624838695468000,0,1236.03248168,0.5455
1624838733326000,1,59.74485163,0.5428
1624838737304000,1,59.74485163,0.5425
1624838737571000,1,57.48474841,0.5423
1624838737571000,1,257.57766523,0.5423
1624838742590000,1,3766.06694140,0.5422
1624838792219000,1,4869.93460000,0.5410
1624838792916000,1,10130.06540000,0.5410
1624838834726000,1,5023.20366101,0.5402
1624838834726000,1,98.70785312,0.5400
1624838834726000,1,37.96455889,0.5400
1624838834726000,1,11619.62678972,0.5400
1624838834726000,1,15491.76278321,0.5399
1624838834726000,1,9103.58818581,0.5398
1624838836087000,0,47.19500000,0.5404
1624838841068000,0,0.00098956,0.5404
1624838842578000,1,1236.03248168,0.5405
1624838842578000,1,9000.00000000,0.5405
1624838842578000,1,15473.13726710,0.5405
1624838842578000,1,9000.00000000,0.5404
1624838842578000,1,4030.51500000,0.5404
1624838842578000,1,94.17129121,0.5404
1624838842578000,1,15216.48000000,0.5404
1624838842578000,1,7730.32000000,0.5404
1624838842578000,1,8219.34396001,0.5402
1624838843662000,1,8999.99999999,0.5409
1624838844016000,1,2946.75701000,0.5409
1624838862337000,1,91.21631244,0.5400
1624838939231000,1,85.44616188,0.5398
1624838996796000,1,4500.00000000,0.5395
1624838996851000,1,11007.17213000,0.5395
1624839000723000,1,42.86430029,0.5391
1624839000723000,1,16.07560286,0.5389
1624839016007000,0,13962.68970240,0.5400
1624839016134000,0,14545.14545000,0.5400
1624839016223000,0,4500.00000000,0.5400
1624839016464000,0,71.80400000,0.5400
1624839016500000,0,3614.46630000,0.5400
1624839018246000,0,119.65980000,0.5400
1624839018255000,0,188.40580000,0.5400
1624839018289000,0,153.56450000,0.5400
1624839018335000,0,148.96210000,0.5400
1624839018460000,0,36000.00000000,0.5400
1624839021487000,0,133.93800000,0.5400
1624839023027000,0,10248.90430000,0.5400
1624839023169000,0,0.00001860,0.5400
1624839050833000,1,15501.24064000,0.5395
1624839088452000,1,40.75000000,0.5381
1624839093844000,1,148.42692900,0.5372
1624839101531000,1,4500.00000000,0.5385
1624839101586000,1,4500.00000000,0.5385
1624839103081000,1,10860.00000000,0.5382
1624839103362000,1,4133.90000000,0.5381
1624839112283000,0,100.00000000,0.5386
1624839128858000,1,133.96920000,0.5382
1624839145583000,0,11146.69130000,0.5388
1624839179719000,1,42.00000000,0.5380
1624839188944000,1,15551.73309751,0.5378
1624839188944000,1,14100.00000000,0.5378
1624839189145000,1,7504.85936000,0.5378
1624839189212000,1,11095.14064000,0.5378
1624839220940000,1,4065.18660000,0.5370
1624839224646000,1,0.00000971,0.5370
1624839224646000,1,574.75981729,0.5367
1624839248384000,1,13839.67276000,0.5374
1624839248443000,1,1640.32724000,0.5374
1624839258640000,1,16500.00000000,0.5368
1624839274957000,1,4412.09626000,0.5367
1624839300412000,1,748.32179800,0.5362
1624839346670000,1,15574.22444000,0.5370
1624839357210000,1,6758.37088000,0.5370
1624839393119000,1,11689.43675538,0.5368
1624839438506000,0,11701.14271000,0.5367
1624839440387000,0,0.00000106,0.5367
1624839453014000,1,159.61700000,0.5363
1624839456537000,0,11699.23495000,0.5369
1624839505993000,1,9000.00000000,0.5360
1624839507722000,0,5416.21897113,0.5363
1624839507741000,0,6292.66404500,0.5363
1624839507931000,0,23419.26572000,0.5365
1624839534866000,1,4750.00000000,0.5370
1624839542704000,1,4482.28181000,0.5373
1624839593548000,1,4435.43261895,0.5372
1624839595958000,1,92.24569774,0.5370
1624839602447000,1,90.15557730,0.5370
1624839602447000,1,225.38894326,0.5370
1624839602447000,1,11686.86845282,0.5370
1624839614240000,1,438.58000000,0.5367
1624839692598000,0,9547.65725000,0.5377
1624839692729000,0,1336.61395035,0.5379
1624839692779000,0,11392.69507230,0.5382
1624839693488000,0,1857.65875000,0.5388
1624839699587000,1,11648.52825255,0.5387
1624839699599000,1,0.00000001,0.5387
1624839699693000,1,81.76933008,0.5386
1624839699693000,1,204.42326992,0.5386
1624839705145000,1,81.79230000,0.5385
1624839705286000,1,0.00009122,0.5385
1624839705660000,1,204.45087342,0.5384
1624839705661000,1,0.00000001,0.5384
1624839705661000,1,79.96953415,0.5384
1624839705661000,1,1214.30973911,0.5384
1624839705662000,1,4782.01900189,0.5384
1624839705833000,1,79.97873656,0.5384
1624839706037000,1,66.11800000,0.5383
1624839706070000,1,13.85153415,0.5383
1624839708036000,0,60.92852300,0.5386
1624839718436000,1,68.22922735,0.5383
1624839718440000,1,0.00000001,0.5383
1624839725959000,1,70.52576454,0.5379
1624839725959000,1,176.31441135,0.5379
1624839738038000,1,3883.49478000,0.5379
1624839749783000,1,67.21379392,0.5378
1624839749783000,1,168.03448481,0.5378
1624839758507000,1,3498.28722000,0.5378
1624839815562000,1,111.98333400,0.5383
1624839841121000,1,56.67292465,0.5386
1624839841122000,1,0.00000001,0.5386
1624839866536000,1,53.72498655,0.5387
1624839866536000,1,11446.27501345,0.5387
1624839882761000,0,1101.30149400,0.5388
1624839884698000,1,53.22081399,0.5384
1624839884698000,1,132.38158108,0.5384
1624839894063000,0,221.06598400,0.5387
1624839916314000,1,51.05718026,0.5387
1624839916314000,1,51.05509758,0.5387
1624839916334000,1,51.05509758,0.5386
1624839955830000,0,2606.22310808,0.5402
1624839955830000,0,6410.76934343,0.5402
1624839957035000,0,58.55097923,0.5402
1624840000526000,0,9016.10970643,0.5403
1624840080265000,0,66.10142900,0.5405
1624840080265000,0,483.84362594,0.5405
1624840081800000,0,49.54357800,0.5405
1624840082602000,0,49.54357800,0.5416
1624840083607000,0,368.34445326,0.5417
1624840121495000,0,460.38809717,0.5417
1624840149522000,0,683.21742079,0.5425
1624840153492000,0,646.21130171,0.5425
1624840176506000,0,1036.39056816,0.5419
1624840212427000,0,1750.58430000,0.5420
1624840288943000,0,93.51850000,0.5426
1624840309195000,0,585.11436570,0.5428
1624840337574000,0,11580.98924000,0.5424
1624840338714000,0,0.00000095,0.5424
1624840364219000,1,11568.71865000,0.5425
1624840422352000,0,302.40699712,0.5426
1624840440140000,0,2766.85802981,0.5426
1624840440160000,0,8504.77319773,0.5426
1624840440160000,0,12895.12680227,0.5427
1624840448913000,0,912.03836012,0.5439
1624840449374000,0,912.03836012,0.5439
1624840450370000,0,435.85529391,0.5439
1624840478269000,1,55.96388775,0.5436
1624840478269000,1,44.03611225,0.5436
1624840489343000,1,291.50080000,0.5439
1624840519743000,0,3823.35493100,0.5448
1624840562864000,0,3531.85410000,0.5454
1624840583556000,0,274.71656477,0.5447
1624840588265000,0,442.48492700,0.5442
1624840609079000,1,100.00000000,0.5429
1624840613696000,0,11566.83543000,0.5434
1624840613739000,0,0.00000653,0.5434
1624840788546000,0,11544.05883000,0.5442
1624840788649000,0,0.00000338,0.5442
1624840856401000,1,6291.65471010,0.5445
1624840856409000,1,2708.34528990,0.5445
1624840856409000,1,51.60581611,0.5445
1624840856493000,1,51.60581611,0.5445
1624840856714000,1,373.32068400,0.5444
1624840856757000,1,0.00000001,0.5444
1624840856815000,1,51.60581611,0.5444
1624840856815000,1,51.60581611,0.5444
1624840878032000,1,7712.46098000,0.5442
1624840880632000,1,0.00000836,0.5442
1624840884875000,1,6193.15363000,0.5438
1624840888330000,1,0.00000862,0.5438
1624840920236000,0,178.67318190,0.5442
1624840938355000,1,15394.07365000,0.5434
1624840939244000,1,0.00000904,0.5434
1624840939244000,1,38.18216410,0.5432
1624840951989000,0,798.24239157,0.5435
1624840959199000,1,46.37267200,0.5432
1624841020946000,0,223.07450600,0.5436
1624841025644000,0,809.84436978,0.5434
1624841055789000,0,4197.33535847,0.5428
1624841077102000,0,484.42558498,0.5424
1624841102424000,0,11591.62699000,0.5420
1624841103539000,0,0.00000311,0.5420
1624841103654000,0,42.00000000,0.5427
1624841143094000,0,7500.00000000,0.5424
1624841150287000,1,350.00000000,0.5422
1624841183417000,0,694.13323635,0.5421
1624841196590000,1,2434.92282499,0.5415
1624841244073000,0,11605.51637487,0.5413
1624841244227000,0,11605.51637487,0.5413
1624841284329000,1,15450.82754838,0.5416
1624841323268000,0,11600.35374000,0.5415
1624841323508000,0,0.00000484,0.5415
1624841375467000,1,2657.64329425,0.5417
1624841391007000,1,2901.27659000,0.5417
1624841391012000,1,0.00000997,0.5417
1624841395562000,0,9000.00000000,0.5415
1624841397525000,0,11600.44631000,0.5415
1624841487931000,0,10572.76353000,0.5420
1624841529560000,1,2718.44686993,0.5421
1624841529601000,1,8099.81773217,0.5421
1624841598230000,1,9500.00000000,0.5431
1624841727339000,1,9000.00000000,0.5426
1624841727403000,1,2569.04828000,0.5426
1624841727540000,1,0.00000256,0.5426
1624841780008000,1,4384.28394000,0.5423
1624841821483000,1,2917.06321000,0.5415
1624841822585000,1,0.00000645,0.5415
1624841890149000,1,13800.00000000,0.5412
1624841890149000,1,1342.00000000,0.5411
1624841890149000,1,15461.76431660,0.5411
1624841890586000,1,3225.58701332,0.5412
1624841895200000,0,14095.98244000,0.5403
1624841927030000,0,11623.67991000,0.5404
1624841936957000,1,5623.67991000,0.5403
1624841943467000,0,166.61694100,0.5408
1624841966462000,1,57.16254839,0.5403
1624842018536000,0,647.10558914,0.5409
1624842058622000,1,11050.35606200,0.5412
1624842058736000,1,2869.64393800,0.5412
1624842084623000,1,689.71934000,0.5411
1624842123953000,0,8317.00470000,0.5416
1624842368993000,1,93.63396500,0.5432
1624842375025000,1,68.24011000,0.5431
1624842433364000,1,11555.93919000,0.5431
1624842433547000,1,7074.41688000,0.5430
1624842457893000,0,11575.22171000,0.5426
1624842461500000,0,0.00000189,0.5426
1624842462669000,0,82.71173600,0.5431
1624842466198000,1,2057.90648879,0.5426
1624842546593000,0,8500.00000000,0.5429
1624842569414000,1,11565.48316000,0.5426
1624842608990000,0,11567.75530424,0.5431
1624842635614000,0,150.77810600,0.5436
1624842651863000,1,9000.00000000,0.5433
1624842651863000,1,2552.83543361,0.5433
1624842651867000,1,9000.00000001,0.5433
1624842676824000,1,1428.57086521,0.5435
1624842780382000,1,9009.73855000,0.5442
1624842780459000,1,2524.35719000,0.5442
1624842799336000,1,9000.00000000,0.5442
1624842799569000,0,2542.56367964,0.5442
1624842891343000,1,0.00000735,0.5442
1624842916098000,0,989.09652177,0.5440
1624842942811000,1,11572.78290000,0.5422
1624842965513000,1,0.00009569,0.5422
1624842965513000,1,2790.25639681,0.5421
1624842965513000,1,12641.72633157,0.5421
1624842965513000,1,23149.89712154,0.5419
1624842965513000,1,10758.89444689,0.5418
1624842965520000,1,4430.80050000,0.5418
1624842966093000,1,280.56310000,0.5417
1624842966148000,1,13043.66009000,0.5417
1624842966195000,1,2995.77681000,0.5417
1624842989308000,0,11636.83514000,0.5402
1624842989455000,0,0.00000620,0.5402
1624842989868000,1,132.77303300,0.5397
1624843000476000,0,280.56310000,0.5401
1624843017213000,0,10500.00000000,0.5403
1624843027865000,0,11622.76709000,0.5406
1624843029179000,0,71.60000000,0.5406
1624843029232000,0,8928.40000000,0.5406
1624843029232000,0,0.00000550,0.5406
1624843051468000,1,9000.00000000,0.5407
1624843078765000,1,50.00000000,0.5410
1624843171345000,1,7500.00000000,0.5404
1624843177083000,0,835.18348352,0.5404
1624843205909000,1,11614.52702222,0.5405
1624843209977000,1,436.33602900,0.5401
1624843219362000,1,7245.73580000,0.5398
1624843231420000,1,7191.58495000,0.5401
1624843236651000,1,4689.18678213,0.5399
1624843312935000,1,4233.20054000,0.5405
1624843366549000,1,11626.86863000,0.5399
1624843440225000,1,1845.47376200,0.5399
1624843542252000,1,11633.47222000,0.5398
1624843543199000,1,0.00000688,0.5398
1624843591750000,0,152.08050700,0.5384
1624843594962000,0,100.00000000,0.5383
1624843652667000,1,11663.47018000,0.5385
1624843652871000,1,0.00000232,0.5385
1624843688493000,1,6434.66040000,0.5374
1624843739292000,0,10898.61071000,0.5376
1624843745901000,0,0.00000732,0.5376
1624843745901000,0,143.42244668,0.5379
1624843790408000,1,2006.68459642,0.5362
1624843790415000,1,5676.65585148,0.5362
1624843790419000,1,829.74538345,0.5362
1624843790442000,1,486.91416865,0.5362
1624843800369000,0,86.15975023,0.5370
1624843843533000,0,11693.55085931,0.5378
1624843843617000,0,11693.55085931,0.5378
1624843843617000,0,15590.92074341,0.5379
1624843847919000,1,11666.32859000,0.5385
1624843848281000,1,9000.00000000,0.5386
1624843848775000,1,0.00000593,0.5385
1624843862879000,1,4224.67378000,0.5384
1624843885950000,1,11665.24680000,0.5387
1624843895389000,1,0.00000538,0.5387
1624843895389000,1,11664.79089462,0.5387
1624843921135000,1,9500.00000000,0.5388
1624843921208000,1,2162.07671000,0.5388
1624843922543000,1,0.00000882,0.5388
1624843922543000,1,7499.99999118,0.5388
1624843923091000,1,0.00001131,0.5387
1624843923091000,1,202.36261069,0.5386
1624843999671000,1,11659.51673547,0.5389
1624843999848000,1,71.60000000,0.5387
1624844106321000,0,71.60000000,0.5372
1624844147385000,0,11699.04088267,0.5375
1624844150351000,0,0.00000001,0.5375
1624844150351000,0,9000.00000000,0.5375
1624844227493000,1,11681.21692000,0.5378
1624844244927000,1,0.00000952,0.5378
1624844255085000,1,913.71352426,0.5373
1624844297804000,1,2000.00000000,0.5371
1624844306765000,1,1190.35128000,0.5372
1624844311189000,1,197.18235900,0.5368
1624844400335000,0,131.93151241,0.5373
1624844404561000,0,84.81196700,0.5375
1624844424977000,0,46.56018900,0.5375
1624844428545000,0,11654.17231000,0.5375
1624844435473000,0,2120.32509500,0.5375
1624844445855000,1,325.94204100,0.5371
1624844467922000,0,0.00000296,0.5375
1624844531591000,0,89.85149700,0.5381
1624844534125000,1,9000.00000000,0.5378
1624844803748000,1,71.60000000,0.5389
1624844805310000,1,16488.39999999,0.5389
1624844828193000,0,456.20227700,0.5388
1624844857459000,1,4244.67500653,0.5379
1624844857472000,1,11328.22048739,0.5379
1624844857472000,1,15956.25111261,0.5377
1624844857532000,1,116.88550000,0.5377
1624845047304000,0,246.36299600,0.5385
1624845084780000,1,11686.11790000,0.5377
1624845085499000,1,0.00005341,0.5377
1624845127626000,0,11687.95580000,0.5380
1624845326189000,1,5000.00000000,0.5371
1624845497716000,0,65.96462100,0.5361
1624845598953000,1,83.37860000,0.5349
1624845599348000,1,0.00004977,0.5349
1624845601909000,0,8241.25053000,0.5345
1624845601989000,0,3526.70331000,0.5345
1624845660419000,1,52.78077000,0.5368
1624845734114000,1,50.00000000,0.5373
1624845922703000,1,4110.08195000,0.5381
1624845922880000,1,2718.44680699,0.5381
1624845974985000,1,473.00000000,0.5371
1624846049342000,0,11723.54596317,0.5367
1624846103095000,1,368.09190000,0.5365
1624846132256000,1,7130.65704984,0.5358
1624846135275000,0,4381.40000000,0.5359
1624846256904000,1,2818.65000000,0.5363
1624846264040000,1,1342.00000000,0.5360
1624846567878000,1,139.00000000,0.5361
1624846577946000,1,7918.46968988,0.5362
1624846633715000,0,11726.45769000,0.5366
1624846644207000,0,0.00000655,0.5366
1624846644207000,0,4358.90000000,0.5371
1624846644207000,0,11716.29329240,0.5371
1624846644207000,0,4673.73218004,0.5372
1624846711654000,1,8500.00000000,0.5376
1624846711714000,1,3194.31938000,0.5376
1624846734202000,1,4592.88891333,0.5372
1624846734276000,1,7107.12834635,0.5372
1624846738694000,1,381.00000000,0.5364
1624846809969000,1,3310.30981600,0.5371
1624846813755000,0,11702.13849000,0.5376
1624846871915000,1,11177.54230000,0.5377
1624846895546000,1,9500.00000000,0.5378
1624846895602000,1,2188.54311000,0.5378
1624847111782000,0,11718.20970000,0.5369
1624847142834000,1,11703.40571000,0.5371
1624847180108000,0,337.12323700,0.5376
1624847445767000,0,11675.86624330,0.5389
1624847445859000,0,11675.86624000,0.5389
1624847457775000,1,4000.00000000,0.5388
1624847461391000,0,423.09657800,0.5393
1624847512819000,1,1000.00000000,0.5385
1624847516836000,1,1764.33414800,0.5385
1624847532408000,1,500.00000000,0.5385
1624847532575000,0,9000.00000000,0.5389
1624847532575000,0,15303.91144900,0.5389
1624847630759000,0,11675.93880134,0.5388
1624847877171000,1,157.94726900,0.5393
1624847960702000,1,11661.50851240,0.5391
1624847960702000,1,7027.08053360,0.5390
1624847974932000,1,11663.92607801,0.5389
1624848025485000,0,368.41595600,0.5384
1624848161318000,1,1200.00000000,0.5377
1624848212119000,0,71.60000000,0.5376
1624848212363000,0,15500.00000000,0.5376
1624848212590000,0,2867.95859000,0.5376
1624848214965000,0,0.00000970,0.5376
1624848229382000,1,516.20751800,0.5374
1624848523717000,0,1683.04246000,0.5361
1624848536022000,1,11687.87896663,0.5356
1624848543065000,1,11738.32657000,0.5352
1624848551963000,0,11747.01563365,0.5355
1624848551968000,0,15665.47319495,0.5356
1624848551968000,0,3672.10000000,0.5356
1624848586465000,0,105.06244400,0.5355
1624848618697000,1,11744.05428443,0.5353
1624848618706000,1,0.00000001,0.5353
1624848618706000,1,0.00000252,0.5352
1624848618706000,1,15659.26374928,0.5352
1624848623922000,0,825.47776300,0.5352
1624848624438000,1,3681.27079236,0.5348
1624848646862000,1,49.75000000,0.5340
1624848647006000,1,503.44911520,0.5340
1624848743041000,1,8000.00000000,0.5348
1624849028232000,0,70.64161500,0.5351
1624849028926000,1,11756.79723000,0.5347
1624849029007000,1,0.00000132,0.5347
1624849029022000,1,190.96100000,0.5345
1624849029872000,1,1342.00000000,0.5342
1624849031011000,0,702.87175100,0.5341
1624849031046000,0,8297.12824900,0.5341
1624849121859000,0,1316.46750500,0.5335
1624849132718000,1,71.60000000,0.5331
1624849134908000,1,126.67815000,0.5331
1624849138623000,1,0.00000665,0.5331
1624849138623000,1,299.99999335,0.5327
1624849248651000,0,9000.00000000,0.5353
1624849248651000,0,7675.79929500,0.5353
1624849440471000,0,436.05075574,0.5345
1624849569220000,0,200.00000000,0.5352
1624849621266000,1,100.00000000,0.5348
1624849734060000,1,9500.00000000,0.5349
1624849817160000,0,11766.50499998,0.5347
1624849833113000,1,1000.00000000,0.5342
1624849922670000,1,500.00000000,0.5340
1624849922777000,1,552.74890000,0.5340
1624849996713000,1,68.93621276,0.5347
1624850221691000,1,56.29485600,0.5340
1624850398430000,0,9000.00000000,0.5346
1624850428212000,1,500.00000000,0.5346
1624850488797000,0,15612.61292000,0.5379
1624850488918000,0,0.00000762,0.5379
1624850696977000,1,1000.00000000,0.5337
1624850957413000,0,11752.29655965,0.5354
1624850957413000,0,3918.03784035,0.5355
1624850957498000,0,1642.06530000,0.5354
1624851034098000,0,2947.82912100,0.5362
1624851050226000,1,11732.11381000,0.5359
1624851120270000,0,184.48121646,0.5359
1624851169090000,0,9000.00000000,0.5359
1624851189428000,1,2105.30937144,0.5359
1624851316135000,1,500.00000000,0.5352
1624851331358000,0,884.83570400,0.5358
1624851378589000,1,110.19600000,0.5347
1624851511870000,1,250.00000000,0.5350
1624851520849000,1,6894.69062856,0.5352
1624851544061000,0,11500.00000000,0.5351
1624851544132000,0,258.31239000,0.5351
1624851544243000,0,0.00000355,0.5351
1624851579673000,1,11746.37447000,0.5352
1624851675889000,1,223.00903100,0.5357
1624851726421000,1,56.52239800,0.5345
1624851764626000,0,8500.00000000,0.5353
1624851839698000,1,500.00000000,0.5357
1624852020473000,0,489.51070000,0.5353
1624852035078000,0,11759.25306000,0.5350
1624852035100000,0,0.00000932,0.5350
1624852088754000,0,11748.38891000,0.5355
1624852105308000,1,378.18014500,0.5352
1624852199783000,0,11737.46123000,0.5359
1624852261610000,1,97.13747100,0.5350
1624852280701000,0,11743.26492000,0.5357
1624852280743000,0,0.00000925,0.5357
1624852382532000,1,50.00000000,0.5353
1624852382670000,1,45.00000000,0.5353
1624852427335000,0,11746.32497000,0.5356
1624852443889000,0,319.47232600,0.5358
1624852498851000,0,675.93840000,0.5361
1624852560266000,0,452.22955534,0.5357
1624852568659000,0,11746.08836000,0.5356
1624852605586000,1,78.22950400,0.5351
1624852619446000,1,487.11711500,0.5350
1624852650460000,1,1342.00000000,0.5344
1624852650460000,1,15679.72006097,0.5344
1624852650460000,1,10311.63593512,0.5343
1624852650460000,1,40306.00000000,0.5343
1624852650460000,1,4152.90000000,0.5343
1624852650460000,1,15683.71058157,0.5343
1624852650460000,1,7831.23160000,0.5342
1624852650460000,1,4692.80835127,0.5342
1624852724691000,1,718.84466200,0.5345
1624852736393000,1,499.00000000,0.5345
1624852761042000,0,55.67987300,0.5348
1624852778153000,1,18482.39476000,0.5345
1624852807328000,1,59.81246744,0.5344
1624852824133000,1,500.00000000,0.5347
1624852939215000,0,11757.16005623,0.5351
1624852939215000,0,12537.91451088,0.5352
1624852939217000,0,3140.05300108,0.5352
1624852977671000,1,15645.86077475,0.5357
1624852977782000,1,0.00000001,0.5357
1624852992296000,0,11745.06654554,0.5357
1624853042648000,1,492.30000000,0.5357
1624853051502000,0,11736.50926351,0.5361
1624853150751000,1,125.07811524,0.5367
1624853156933000,1,1000.00000000,0.5370
1624853167319000,1,38.74000000,0.5369
1624853177749000,1,40.89300000,0.5370
1624853194775000,1,13966.22141170,0.5367
1624853333305000,1,110.50572600,0.5364
1624853339636000,1,11711.90153000,0.5367
1624853459458000,1,268.00000000,0.5370
1624853661695000,1,11743.54520810,0.5353
1624853661724000,1,0.00000001,0.5353
1624853680398000,1,79.17618800,0.5348
1624853709566000,0,11746.25688000,0.5355
1624853709658000,0,0.00000309,0.5355
1624853877843000,1,195.54744200,0.5351
1624853964426000,0,1862.30581011,0.5358
1624854071561000,0,11743.20339000,0.5356
1624854082518000,0,500.00000000,0.5353
1624854082527000,0,0.00000001,0.5353
1624854147282000,1,1061.00000000,0.5348
1624854169424000,1,14606.95516000,0.5348
1624854169439000,1,0.00000025,0.5348
1624854187681000,1,219.18198657,0.5344
1624854197570000,0,9000.00000000,0.5348
1624854339777000,0,104.69269773,0.5345
1624854353238000,0,67.16462900,0.5347
1624854418578000,0,1000.00000000,0.5340
1624854441878000,1,15700.28570670,0.5337
1624854441878000,1,5193.05399554,0.5336
1624854684046000,1,2166.63494200,0.5329
1624854720254000,0,168.92629902,0.5334
1624854723893000,0,11797.38445707,0.5333
1624854759512000,1,3655.71122713,0.5333
1624854814562000,0,11787.92075000,0.5337
1624854855927000,1,59.75000000,0.5346
1624854903374000,0,11763.79251000,0.5347
1624854903414000,0,0.00000986,0.5347
1624854965974000,1,724.76075520,0.5348
1624854972490000,1,11752.26896000,0.5349
1624855039376000,0,548.46918700,0.5342
1624855086527000,1,74.81509800,0.5333
1624855209323000,1,4153.28290100,0.5329
1624855240963000,0,100.00000000,0.5333
1624855256839000,0,8099.27201914,0.5333
1624855368343000,1,3107.31526000,0.5339
1624855484922000,1,11763.32860424,0.5344
1624855485022000,1,15689.48814511,0.5341
1624855485053000,0,9000.00000000,0.5344
1624855516212000,0,11786.92839522,0.5338
1624855516212000,0,2750.73240637,0.5338
1624855548959000,1,40.20000000,0.5334
1624855556870000,0,11786.66706000,0.5338
1624855653634000,0,0.00000828,0.5338
1624855655131000,1,553.35330000,0.5338
1624855670423000,1,0.00000756,0.5338
1624855690322000,1,115.23000000,0.5335
1624855700912000,0,3704.07994744,0.5339
1624855701075000,0,2727.55610680,0.5339
1624855701123000,0,5352.78588595,0.5339
1624855745569000,1,11787.45586326,0.5334
1624855782227000,1,69.68205434,0.5327
1624855783122000,0,10500.00000000,0.5332
1624855789937000,0,213.65782125,0.5336
1624855790794000,0,9000.00000000,0.5336
1624855790794000,0,1263.67378900,0.5336
1624855819628000,0,8500.00000000,0.5340
1624855819721000,0,3283.62455000,0.5340
1624855819755000,0,0.00000763,0.5340
1624855834539000,1,9000.00000000,0.5344
1624855834563000,1,11763.80685846,0.5344
1624855835249000,0,9000.00000000,0.5343
1624855961488000,0,9000.00000000,0.5340
1624855970938000,1,76.00000000,0.5339
1624856021221000,1,114.60000000,0.5342
1624856042864000,1,15686.85085700,0.5341
1624856042919000,1,0.00000001,0.5341
1624856056840000,1,748.00999800,0.5338
1624856119954000,1,699.81326272,0.5339
1624856151711000,0,42.69712700,0.5340
1624856255576000,1,962.14554500,0.5332
1624856259813000,0,1418.65928500,0.5339
1624856260591000,0,100.00000000,0.5339
1624856288398000,1,15713.38175000,0.5333
1624856295380000,1,957.14975809,0.5329
1624856306834000,1,3647.62092749,0.5330
1624856336400000,1,50.11056100,0.5333
1624856394651000,1,8146.05218700,0.5338
1624856469486000,1,206.54328436,0.5338
1624856531488000,1,88.57413078,0.5340
1624856575782000,1,227.43870000,0.5341
1624856668655000,1,11764.86098000,0.5344
1624856721991000,1,98.56000000,0.5341
1624856749071000,1,1000.00000000,0.5341
1624856769306000,0,27820.00000000,0.5340
1624856795857000,1,11763.14783000,0.5343
1624856903352000,0,9999.99996900,0.5343
1624856928690000,0,11768.57894999,0.5345
1624856936683000,0,11766.30720000,0.5346
1624856936722000,0,11766.30726000,0.5346
1624856942261000,0,0.00000265,0.5346
1624856942261000,0,11762.86902529,0.5348
1624857007292000,1,188.23515200,0.5347
1624857107632000,1,100.00000000,0.5345
1624857129840000,1,7141.47088000,0.5342
1624857240296000,0,193.00586747,0.5353
1624857270401000,0,11757.71227105,0.5352
1624857270481000,0,15678.94576176,0.5352
1624857298736000,0,265.46127713,0.5357
1624857302334000,0,1259.83911800,0.5357
1624857382657000,0,2240.10155127,0.5357
1624857497724000,0,2050.99561445,0.5352
1624857512727000,0,55.73224921,0.5356
1624857613493000,1,3000.00000000,0.5350
1624857624498000,1,150.67576200,0.5346
1624857647108000,1,3839.88996000,0.5346
1624857648442000,1,0.00000124,0.5346
1624857648442000,1,11759.57335255,0.5345
1624857654560000,1,11759.38337177,0.5345
1624857657448000,0,11762.79580404,0.5348
1624857857756000,0,11760.46836343,0.5349
1624857876261000,0,0.00000001,0.5349
1624857876261000,0,126.59943115,0.5352
1624857901598000,1,2285.86795700,0.5348
1624857928180000,0,185.43660400,0.5350
1624857928437000,0,11572.85193133,0.5350
1624857928722000,0,11758.28853533,0.5350
1624857955842000,1,11745.36435000,0.5352
1624857973242000,0,9000.00000000,0.5354
1624857973242000,0,11749.25614394,0.5354
1624857973320000,1,11749.25614394,0.5355
1624857973353000,1,6681.48771212,0.5355
1624858040956000,0,262.24867000,0.5355
1624858041074000,0,0.00000899,0.5355
1624858080255000,0,55.39184602,0.5357
1624858103439000,0,4750.35965878,0.5357
1624858223771000,1,98.46781100,0.5359
1624858230742000,0,258.84282799,0.5372
1624858230743000,0,0.00000001,0.5372
1624858243239000,0,71.60000000,0.5367
1624858243248000,0,755.25270200,0.5367
1624858243855000,0,826.85270200,0.5367
1624858252952000,0,103.13268000,0.5374
1624858253243000,0,0.00000900,0.5374
1624858275677000,1,1000.00000000,0.5372
1624858318679000,0,11709.84497046,0.5373
1624858318679000,0,15616.64699008,0.5373
1624858318679000,0,4021.50000000,0.5374
1624858318679000,0,11385.76960000,0.5374
1624858318679000,0,17085.26880000,0.5374
1624858318679000,0,12180.96963946,0.5374
1624858338123000,1,15595.37750000,0.5372
1624858372627000,1,200.00000000,0.5363
1624858440262000,0,173.51940618,0.5370
1624858450888000,0,10526.84458000,0.5370
1624858450962000,0,1012.16518000,0.5370
1624858464256000,1,11667.83938900,0.5366
1624858464256000,1,44.44320100,0.5366
1624858471644000,0,1016.65335400,0.5367
1624858488358000,0,73.97148800,0.5363
1624858501987000,1,3579.00000000,0.5362
1624858557597000,1,372.50000000,0.5364
1624858560229000,0,0.00000020,0.5370
1624858560229000,0,420.84624954,0.5370
1624858566299000,1,330.00000000,0.5365
1624858646542000,0,13491.00311498,0.5357
1624858646543000,0,2170.37983260,0.5357
1624858646663000,0,122.00000000,0.5363
1624858646784000,0,82.00000000,0.5362
1624858646786000,0,122.00000000,0.5362
1624858647435000,0,93.04900138,0.5364
1624858715296000,1,11715.70210000,0.5365
1624858715735000,1,124.38434149,0.5364
1624858722203000,0,11721.86441862,0.5365
1624858736038000,0,9000.00000000,0.5363
1624858736038000,0,11728.44279754,0.5363
1624858736038000,0,1.17097437,0.5363
1624858758592000,0,6146.54132600,0.5361
1624858801950000,1,1716.85412627,0.5358
1624858859388000,1,180.00000000,0.5350
1624858859898000,1,1601.54761900,0.5350
1624858877607000,1,1404.68000000,0.5351
1624858924810000,1,1300.00000000,0.5349
1624858985572000,0,11758.82391000,0.5348
1624858997467000,0,0.00000809,0.5348
1624858997467000,0,1007.13010406,0.5350
1624859002200000,1,95.14935217,0.5343
1624859023055000,1,1340.77711000,0.5346
1624859140715000,1,50.00000000,0.5344
1624859161320000,0,11758.96382000,0.5348
1624859204148000,0,0.00000444,0.5348
1624859296810000,1,3391.66316000,0.5347
1624859337290000,1,371.16080000,0.5352
1624859365584000,0,1859.12983688,0.5352
1624859432017000,0,371.38505500,0.5359
1624859434636000,0,11735.66820000,0.5359
1624859434802000,0,0.00006234,0.5359
1624859523890000,1,5612.11571375,0.5352
1624859568123000,1,280.57957963,0.5353
1624859568610000,1,280.57957963,0.5353
1624859581144000,1,207.54942800,0.5350
1624859642743000,0,466.58309000,0.5360
1624859667983000,1,11727.92575000,0.5358
1624859723224000,0,11734.54291000,0.5359
1624859724017000,0,0.00000268,0.5359
1624859724017000,0,7272.81064122,0.5361
1624859752216000,0,925.24696300,0.5364
1624859760279000,0,184.58784703,0.5364
1624859784396000,1,99.75000000,0.5361
1624859784482000,1,40.00000000,0.5362
1624859809261000,0,92.51607200,0.5364
1624859925707000,0,78.62005500,0.5365
1624860057266000,1,2000.00000000,0.5362
1624860173950000,0,6708.11353601,0.5358
1624860173978000,0,2291.88646399,0.5358
1624860173978000,0,11737.64684152,0.5358
1624860215778000,1,15635.09680178,0.5359
1624860236327000,0,372.26178704,0.5360
1624860306694000,0,11731.37478939,0.5362
1624860333349000,1,961.74121100,0.5362
1624860360228000,0,311.15646369,0.5368
1624860389456000,0,84.55946000,0.5361
1624860577690000,0,109.24609100,0.5373
1624860622189000,1,15091.75843000,0.5375
1624860670187000,0,2776.45201555,0.5376
1624860733923000,1,50.00000000,0.5374
1624860748475000,0,124.09957839,0.5380
1624860760398000,1,11691.08226000,0.5376
1624860785820000,1,9000.00000000,0.5376
1624860785820000,1,2696.10606000,0.5376
1624860785972000,1,71.60000000,0.5376
1624860790438000,1,15593.15668000,0.5376
1624860810503000,0,131.49584646,0.5379
1624860816045000,1,0.00000414,0.5376
1624860816045000,1,1198.12416486,0.5375
1624860852207000,0,737.92962979,0.5391
1624860857372000,1,552.92101000,0.5394
1624860860523000,1,100.00000000,0.5394
1624860885028000,1,11650.45227000,0.5394
1624860975074000,0,921.34767900,0.5392
1624861055483000,1,15548.18250118,0.5388
1624861077559000,0,11669.35486570,0.5390
1624861095788000,0,10593.21790000,0.5400
1624861154996000,1,232.41710000,0.5387
1624861183059000,1,39.57764088,0.5389
1624861197465000,1,11668.58244000,0.5388
1624861282878000,0,87.86703848,0.5379
1624861320285000,0,284.19516170,0.5380
1624861340994000,1,11692.27535000,0.5377
1624861391850000,1,85.36698000,0.5380
1624861403335000,1,0.00000697,0.5380
1624861428256000,1,11689.13832000,0.5378
1624861464646000,1,4500.00000000,0.5383
1624861488276000,0,529.34352500,0.5378
1624861493996000,1,0.00000153,0.5377
1624861493996000,1,356.93722147,0.5372
1624861494649000,0,370.02841152,0.5378
1624861522070000,0,9000.00000000,0.5378
1624861522070000,0,1111.11750461,0.5379
1624861550537000,1,5687.62723900,0.5368
1624861581296000,1,40.00000000,0.5373
1624861603280000,0,387.55465800,0.5377
1624861692873000,0,184.77724000,0.5372
1624861699875000,0,184.76692100,0.5372
1624861732050000,0,277.43443300,0.5363
1624861734063000,0,184.95628800,0.5363
1624861739204000,0,8537.60927900,0.5363
1624861842871000,0,165.72536000,0.5366
1624861851943000,0,110.93862800,0.5363
1624861864348000,0,185.00000000,0.5359
1624861869398000,0,80.47147800,0.5359
1624861871422000,1,570.00000000,0.5352
1624861880216000,0,188.96443100,0.5359
1624861925733000,0,1851.84041800,0.5362
1624861963684000,0,120.35011200,0.5361
1624861980655000,0,71.60000000,0.5358
1624861985365000,0,11727.59706125,0.5360
1624861987305000,0,183.18318400,0.5363
1624862006459000,0,92.53332200,0.5360
1624862020837000,0,11730.65070000,0.5359
1624862020846000,0,0.00000435,0.5359
1624862064572000,0,277.64138100,0.5361
1624862081974000,0,8500.00000000,0.5361
1624862082068000,0,3226.53496000,0.5361
1624862084203000,0,0.00000305,0.5361
1624862089496000,1,71.60000000,0.5361
1624862089698000,1,428.39999000,0.5361
1624862099398000,0,3103.29497719,0.5363
1624862103657000,0,185.03904300,0.5363
1624862107933000,0,556.68841147,0.5362
1624862110427000,1,0.00000695,0.5361
1624862128773000,0,463.87239398,0.5363
1624862154033000,1,40.00000000,0.5360
1624862160336000,0,193.77139287,0.5362
1624862209977000,1,1864.89923000,0.5358
1624862228503000,0,1037.41774400,0.5356
1624862240766000,0,743.26308614,0.5355
1624862247205000,1,1866.86281172,0.5352
1624862264337000,0,370.83164000,0.5353
1624862297889000,0,11741.01770000,0.5355
1624862313551000,1,1867.17653033,0.5352
1624862320851000,0,69.67533947,0.5354
1624862340218000,1,1867.00000000,0.5350
1624862340229000,1,0.69265250,0.5350
1624862340229000,1,45.85046728,0.5350
1624862340532000,1,4669.47430603,0.5348
1624862340532000,1,3979.40000000,0.5347
1624862340532000,1,6111.98526859,0.5346
1624862357183000,0,183.73346399,0.5352
1624862361551000,0,1854.33140400,0.5351
1624862392735000,0,197.74568600,0.5351
1624862400280000,0,124.77264764,0.5351
1624862477347000,0,108.93456284,0.5352
1624862480147000,0,11636.10346000,0.5352
1624862485957000,0,0.00000512,0.5352
1624862485957000,0,57.42742188,0.5354
1624862523627000,0,11739.56780000,0.5355
1624862526880000,0,185.38811400,0.5357
1624862563150000,1,78.50000000,0.5350
1624862577212000,0,926.87132500,0.5353
1624862579909000,0,11748.35695000,0.5352
1624862606991000,1,1867.67869000,0.5349
1624862607051000,1,0.00000950,0.5349
1624862607371000,1,4629.61768910,0.5347
1624862643061000,0,2696.19163925,0.5351
1624862691788000,1,1869.43143112,0.5346
1624862766084000,0,1875.71811700,0.5348
1624862821478000,0,11759.30403000,0.5346
1624862823351000,0,0.00000358,0.5346
1624862823351000,0,11759.30402642,0.5346
1624862823485000,0,0.00000716,0.5346
1624862834499000,0,11757.25872000,0.5348
1624862834718000,0,0.00000814,0.5348
1624862835963000,0,9000.00000000,0.5349
1624862835963000,0,2000.00000000,0.5349
1624862836121000,0,754.06392000,0.5349
1624862888631000,0,0.00000820,0.5352
1624862888631000,0,92.69404880,0.5357
1624862890369000,1,170.00000000,0.5351
1624862894339000,1,1867.45799079,0.5352
1624862894339000,1,100.00000000,0.5352
1624862902384000,0,87.33667619,0.5355
1624862909452000,1,11745.79800489,0.5349
1624862909454000,1,1868.23000153,0.5348
1624862909454000,1,13227.30330892,0.5348
1624862909574000,1,11745.79800000,0.5349
1624862909582000,1,0.00000489,0.5349
1624863000287000,0,700.24368487,0.5352
1624863007863000,1,1868.27188587,0.5348
1624863007863000,1,9000.00000000,0.5348
1624863007863000,1,4670.67971468,0.5348
1624863007863000,1,9000.00000000,0.5348
1624863007863000,1,11750.03451665,0.5348
1624863007863000,1,27797.20000000,0.5347
1624863007863000,1,15665.48212477,0.5347
1624863007863000,1,12144.76848847,0.5347
1624863007863000,1,23664.01499466,0.5346
1624863007863000,1,4030.51500000,0.5346
1624863007863000,1,4197.80000000,0.5346
1624863007863000,1,23497.31799428,0.5346
1624863007863000,1,10679.56821343,0.5344
1624863007863000,1,14626.92000000,0.5343
1624863007863000,1,5737.59173719,0.5342
1624863010338000,0,11745.93460000,0.5354
1624863020541000,0,0.00007630,0.5354
1624863021411000,1,62.43000000,0.5352
1624863034102000,1,1863.93551100,0.5354
1624863129269000,0,90.56221500,0.5361
1624863134571000,0,11728.16895000,0.5361
1624863164685000,0,92.49020800,0.5365
1624863167688000,0,164.63257100,0.5366
1624863200463000,1,11712.88184860,0.5364
1624863227714000,0,1850.14898800,0.5365
1624863246950000,0,214.29163792,0.5363
1624863277803000,1,206.73798420,0.5364
1624863329540000,1,75.05348885,0.5359
1624863363796000,1,134.00000000,0.5356
1624863385457000,1,1832.83567600,0.5356
1624863393478000,1,113.50373074,0.5356
1624863448368000,0,55.47964900,0.5369
1624863504467000,0,212.63065100,0.5367
1624863506469000,0,369.87122300,0.5368
1624863558639000,0,77.95766260,0.5373
1624863559071000,0,3712.00000000,0.5373
1624863583227000,1,1859.99449000,0.5372
1624863583270000,1,0.00000442,0.5372
1624863637110000,1,1859.61401000,0.5372
1624863640443000,0,9253.98980692,0.5375
1624863654558000,0,3556.29794276,0.5378
1624863662558000,1,83.09279600,0.5375
1624863674965000,1,1858.65314557,0.5377
1624863675389000,1,0.00000001,0.5377
1624863676070000,0,922.44370600,0.5380
1624863687266000,1,1859.53794201,0.5373
1624863696638000,0,100.00000000,0.5375
1624863716498000,0,111.12422522,0.5373
1624863720307000,0,74.90024402,0.5373
1624863724730000,0,1850.00000000,0.5373
1624863733832000,1,1861.39321558,0.5369
1624863739105000,1,0.00000001,0.5369
1624863739105000,1,189.99999998,0.5369
1624863739231000,1,0.00000002,0.5369
1624863739709000,1,1861.15764005,0.5369
1624863748121000,1,1861.67737131,0.5367
1624863748121000,1,4653.91420919,0.5367
1624863748145000,1,11699.50140106,0.5366
1624863755458000,1,1861.50409531,0.5365
1624863760591000,0,8000.00000000,0.5365
1624863761051000,0,3713.22791989,0.5365
1624863765891000,1,401.00000000,0.5363
1624863773310000,1,1461.86344466,0.5363
1624863778787000,1,1862.98144098,0.5362
1624863794377000,1,1863.85646813,0.5360
1624863794382000,1,0.00000001,0.5360
1624863802080000,1,1865.21229846,0.5356
1624863823674000,1,1866.01977981,0.5355
1624863827528000,0,11731.89001821,0.5357
1624863832248000,1,1865.19142460,0.5355
1624863832248000,1,4143.35906399,0.5355
1624863844929000,1,1865.28188139,0.5356
1624863844931000,1,0.00000001,0.5356
1624863868813000,0,71.60000000,0.5359
1624863869273000,0,11655.57264556,0.5359
1624863897666000,0,153.05023300,0.5363
1624863900617000,0,10457.83017000,0.5361
1624863900691000,0,1262.86138277,0.5361
1624863900773000,0,15628.01140000,0.5363
1624863904268000,1,40.12759400,0.5361
1624863915032000,0,0.00009615,0.5363
1624863915032000,0,3617.70263631,0.5365
1624863922067000,1,1179.09858232,0.5361
1624863926857000,0,934.49791300,0.5363
1624863930517000,1,1864.32209520,0.5360
1624863932379000,1,1864.27343000,0.5359
1624863947667000,1,1865.71341149,0.5355
1624863960240000,0,369.38920190,0.5356
1624863967675000,1,1866.45165000,0.5353
1624863971649000,0,92.66290300,0.5355
1624864000921000,0,370.73468200,0.5355
1624864020590000,0,3716.03785035,0.5355
1624864026320000,1,1440.33283800,0.5352
1624864027122000,1,134.00000000,0.5352
1624864046498000,1,1866.43074000,0.5352
1624864065000000,1,1867.03708000,0.5353
1624864065027000,1,0.00000682,0.5353
1624864070102000,1,1867.21139000,0.5351
1624864073086000,1,0.00000447,0.5351
1624864073086000,1,52.72467053,0.5350
1624864076412000,1,53.00000000,0.5350
1624864080264000,0,92.40591398,0.5353
1624864085110000,0,37.97339500,0.5354
1624864201320000,1,1866.61191272,0.5353
1624864201320000,1,11458.31442154,0.5352
1624864201352000,1,271.93727213,0.5352
1624864222569000,1,1867.87406046,0.5349
1624864222569000,1,4669.96256072,0.5349
1624864222569000,1,11736.32547323,0.5349
1624864222569000,1,15648.58687048,0.5347
1624864222569000,1,12141.90176021,0.5346
1624864222569000,1,28291.53000000,0.5346
1624864222569000,1,23475.16011388,0.5346
1624864222569000,1,15068.31000000,0.5346
1624864222569000,1,1342.00000000,0.5346
1624864222569000,1,10770.39779858,0.5344
1624864222569000,1,39123.68104025,0.5344
1624864222569000,1,4030.51500000,0.5344
1624864222569000,1,3647.40000000,0.5344
1624864222569000,1,41691.00000000,0.5344
1624864222569000,1,7824.21780000,0.5343
1624864222569000,1,202.51362389,0.5343
1624864222569000,1,6676.56680130,0.5343
1624864228346000,0,4323.25189128,0.5351
1624864229387000,0,4323.45676726,0.5350
1624864232148000,0,370.82471300,0.5351
1624864232380000,0,6500.00000000,0.5351
1624864232438000,0,2293.08489486,0.5351
1624864245928000,0,742.40333183,0.5354
1624864287805000,0,10635.30980000,0.5363
1624864287805000,0,11715.74424958,0.5363
1624864308357000,1,1352.00000000,0.5360
1624864320519000,1,1864.49589000,0.5358
1624864320671000,1,0.00000624,0.5358
1624864333108000,0,11718.83755519,0.5362
1624864333108000,0,10580.94480000,0.5362
1624864354148000,1,1863.77309000,0.5362
1624864378273000,0,11705.23542949,0.5366
1624864386425000,1,1860.77668819,0.5368
1624864386425000,1,4652.89236181,0.5368
1624864423671000,1,9500.00000000,0.5368
1624864423725000,1,5144.20640000,0.5368
1624864439984000,0,10372.82010000,0.5369
1624864446983000,0,55.46001600,0.5369
1624864449077000,0,111.25319700,0.5369
1624864475401000,0,924.26474800,0.5370
1624864481161000,1,0.00000834,0.5368
1624864481161000,1,346.66543466,0.5364
1624864484471000,1,1862.28755955,0.5365
1624864484471000,1,4655.89102912,0.5365
1624864484471000,1,11702.84579071,0.5364
1624864484471000,1,15604.01468820,0.5364
1624864484471000,1,12105.65890335,0.5362
1624864484471000,1,38315.50536249,0.5362
1624864484471000,1,8517.81236658,0.5362
1624864484534000,1,13500.64052674,0.5362
1624864485036000,1,71.60000000,0.5360
1624864485084000,1,1790.77079803,0.5360
1624864485084000,1,4656.15079100,0.5360
1624864485084000,1,1338.54434452,0.5360
1624864485093000,1,1146.54245179,0.5360
1624864485097000,1,9621.48154381,0.5360
1624864499531000,0,71.60000000,0.5356
1624864535509000,0,10327.07980000,0.5371
1624864537940000,0,4250.29202727,0.5375
1624864538439000,0,664.75059179,0.5375
1624864538867000,0,10093.40720000,0.5375
1624864539369000,0,0.00005291,0.5375
1624864544331000,1,1859.45495000,0.5372
1624864544438000,1,0.00000656,0.5372
1624864544464000,1,4648.89464000,0.5371
1624864544677000,1,0.00000576,0.5371
1624864544677000,1,3545.94880375,0.5371
1624864544690000,1,2820.40958991,0.5371
1624864544779000,1,1859.45495656,0.5371
1624864564744000,1,1858.36991000,0.5375
1624864565082000,1,0.00000225,0.5375
1624864565189000,1,4646.44073000,0.5374
1624864566900000,0,92.49677431,0.5379
1624864592807000,0,6373.15427743,0.5386
1624864606103000,1,1855.61806927,0.5383
1624864631755000,1,9000.00000000,0.5385
1624864636200000,1,9000.00000000,0.5384
1624864636200000,1,1734.48239255,0.5383
1624864636255000,1,121.06681290,0.5383
1624864636978000,1,1856.01750000,0.5382
1624864640630000,0,11676.60388583,0.5384
1624864641351000,0,13260.00000000,0.5387
1624864642729000,1,55.93220000,0.5379
1624864652579000,0,184.16354500,0.5385
1624864681737000,1,9000.00000000,0.5385
1624864708971000,1,1854.88149162,0.5387
1624864708971000,1,4637.04657144,0.5387
1624864708971000,1,11655.82572989,0.5387
1624864709105000,1,11655.82572000,0.5387
1624864756375000,1,11654.36413000,0.5389
1624864756395000,1,0.00000014,0.5389
1624864760151000,0,44.85935058,0.5387
1624864762812000,1,702.88814300,0.5388
1624864764595000,1,9000.00000000,0.5388
1624864764595000,1,1953.00000000,0.5388
1624864765293000,1,71.60000000,0.5388
1624864770545000,1,8928.93688000,0.5388
1624864775583000,1,0.00000118,0.5388
1624864775583000,1,8999.99999882,0.5388
1624864792305000,0,218.83627800,0.5393
1624864823834000,1,1854.87461000,0.5387
1624864823836000,1,0.00000048,0.5387
1624864823836000,1,0.00000989,0.5387
1624864824261000,1,1855.61806927,0.5384
1624864824261000,1,4638.56587102,0.5384
1624864824261000,1,4035.65281181,0.5384
1624864826209000,1,37.71670000,0.5384
1624864840502000,0,200.00000000,0.5387
1624864853401000,1,5264.91837609,0.5387
1624864859413000,1,1854.92277956,0.5387
1624864859413000,1,3409.99559653,0.5385
1624864865995000,0,230.72947400,0.5395
1624864883989000,1,1853.38260000,0.5392
1624864884129000,1,0.00000860,0.5392
1624864892554000,0,71.60000000,0.5388
1624864901719000,0,1801.19637260,0.5386
1624864901734000,0,14151.24362740,0.5386
1624864905606000,0,98.48862300,0.5388
1624864908285000,0,184.73597341,0.5386
1624864917856000,0,65.86072400,0.5388
1624864934228000,0,3696.94662159,0.5380
1624864945230000,0,186.41891800,0.5378
1624864962417000,1,750.00000000,0.5379
1624864976310000,0,11678.98653422,0.5381
1624864981883000,1,558.55759300,0.5379
1624864984653000,0,9000.00000000,0.5384
1624864984653000,0,4779.79821061,0.5384
1624864985204000,0,156.87445402,0.5388
1624865000725000,0,71.69652781,0.5386
1624865013434000,0,239.55039600,0.5383
1624865051112000,1,247.04568000,0.5378
1624865073477000,0,4860.91658424,0.5382
1624865073498000,0,3121.87755029,0.5382
1624865073564000,0,3692.42731321,0.5382
1624865079720000,1,11661.74649000,0.5383
1624865107880000,0,11668.37540000,0.5386
1624865109327000,0,0.00002184,0.5386
1624865151609000,0,184.18405000,0.5387
1624865152302000,1,739.29679000,0.5384
1624865170974000,0,921.26216100,0.5387
1624865174260000,0,923.54267681,0.5387
1624865220292000,0,5707.14683497,0.5385
1624865223830000,0,4068.46574122,0.5385
1624865273087000,0,921.27926300,0.5387
1624865280278000,0,83.03103601,0.5387
1624865367710000,0,242.00000000,0.5389
1624865367816000,0,118.38421100,0.5389
1624865376886000,0,786.76834000,0.5391
1624865386515000,0,1713.83086100,0.5393
1624865391385000,0,1000.00000000,0.5393
1624865400276000,0,97.60254952,0.5393
1624865437690000,1,40.00000000,0.5394
1624865439713000,1,11638.78506401,0.5394
1624865460762000,0,9000.00000000,0.5396
1624865460762000,0,196.05788200,0.5397
1624865473480000,0,1728.92384100,0.5396
1624865487165000,0,5107.24318600,0.5401
1624865488986000,0,57.25135500,0.5399
1624865493168000,0,597.13660500,0.5404
1624865499686000,0,1524.73755044,0.5402
1624865499751000,0,2763.03696915,0.5402
1624865501867000,1,17019.45647000,0.5402
1624865501869000,1,0.00000747,0.5402
1624865508535000,0,90.04579700,0.5401
1624865512866000,0,9780.45770000,0.5400
1624865512892000,0,1856.01750000,0.5400
1624865520604000,1,9000.00000000,0.5397
1624865520604000,1,11630.32962717,0.5397
1624865520844000,1,1851.17308839,0.5396
1624865561186000,0,183.84289900,0.5402
1624865606053000,0,1777.21406256,0.5401
1624865613194000,1,1000.00000000,0.5395
1624865613558000,0,9977.91070000,0.5401
1624865613558000,0,7845.22442200,0.5401
1624865614084000,0,7845.22442000,0.5401
1624865614084000,0,0.00000200,0.5401
1624865615630000,0,1735.74760200,0.5403
1624865620094000,1,2661.06007148,0.5397
1624865625978000,0,138.17947008,0.5401
1624865639222000,1,2000.00000000,0.5395
1624865641989000,1,1852.47620494,0.5393
1624865642005000,1,1852.02333549,0.5392
1624865642005000,1,6130.69341761,0.5392
1624865642110000,1,71.60000000,0.5392
1624865642288000,1,1635.68836000,0.5392
1624865642623000,1,1852.47620494,0.5392
1624865642623000,1,1852.02333549,0.5392
1624865683529000,0,5630.05181726,0.5391
1624865714062000,1,118.11286472,0.5392
1624865724855000,1,1854.24863991,0.5390
1624865724855000,1,8809.81042344,0.5389
1624865725008000,1,6717.80526910,0.5389
1624865742074000,0,165.42266500,0.5389
1624865761336000,1,1853.87051085,0.5390
1624865761353000,1,4634.93167173,0.5389
1624865761353000,1,11647.09168344,0.5389
1624865761353000,1,12052.12488419,0.5387
1624865761353000,1,28144.69626064,0.5387
1624865761358000,1,1133.91033744,0.5387
1624865761382000,1,1133.91033744,0.5387
1624865761391000,1,1133.91033744,0.5387
1624865761682000,1,9000.00000000,0.5387
1624865762289000,1,1819.59010000,0.5387
1624865762311000,1,1232.35774278,0.5387
1624865762311000,1,4634.89729906,0.5387
1624865779968000,0,71.60000000,0.5387
1624865780052000,0,8928.40000000,0.5387
1624865780161000,0,11664.50870000,0.5387
1624865780184000,0,0.00009721,0.5387
1624865802368000,0,921.03989000,0.5388
1624865824176000,0,11667.95731607,0.5386
1624865838348000,0,3165.20238227,0.5388
1624865882701000,0,177.21731553,0.5394
1624865895540000,0,240.38247669,0.5395
1624865940710000,1,1852.46934163,0.5395
1624865940710000,1,9812.03965837,0.5395
1624865940772000,1,1827.32638491,0.5395
1624865940772000,1,15519.15472437,0.5394
1624865965615000,1,1851.92730074,0.5395
1624865985970000,1,1853.93925012,0.5390
1624865985970000,1,10665.41715931,0.5390
1624865987909000,0,4793.41510000,0.5393
1624866002837000,0,1000.00000000,0.5393
1624866013984000,1,1854.59252747,0.5388
1624866013984000,1,0.00000001,0.5388
1624866034458000,0,11662.77336000,0.5388
1624866034580000,0,0.00000824,0.5388
1624866041559000,1,317.79706100,0.5387
1624866042293000,0,8752.15060000,0.5392
1624866047861000,0,876.21071170,0.5394
1624866071686000,0,1847.89713999,0.5399
1624866076524000,0,92.00836400,0.5397
1624866077569000,0,368.01981000,0.5397
1624866082585000,0,91.93166600,0.5397
1624866093557000,0,65.01083956,0.5397
1624866096053000,0,11647.13909187,0.5395
1624866110118000,0,9000.00000000,0.5397
1624866110118000,0,7367.15583200,0.5399
1624866120141000,0,91.93166600,0.5397
1624866120256000,0,866.05693546,0.5397
1624866134317000,0,11643.94933238,0.5398
1624866134317000,0,9000.00000000,0.5399
1624866134317000,0,9655.35590000,0.5399
1624866134317000,0,4175.10000000,0.5399
1624866134317000,0,6723.19349559,0.5400
1624866153230000,0,1842.43395178,0.5401
1624866161701000,0,53.96841400,0.5403
1624866202887000,0,9623.66600000,0.5407
1624866202887000,0,2145.62810000,0.5407
1624866202973000,0,9786.18850000,0.5407
1624866202973000,0,4175.10000000,0.5407
1624866203036000,0,1819.59010000,0.5408
1624866204593000,0,280.24291340,0.5410
1624866208678000,0,184.81830000,0.5419
1624866208694000,0,2145.62810000,0.5419
1624866208777000,0,2555.21004000,0.5419
1624866208874000,0,175.53710000,0.5419
1624866208875000,0,63.59040000,0.5419
1624866208929000,0,85.07870000,0.5419
1624866208940000,0,296.21700000,0.5419
1624866208985000,0,305.75890000,0.5419
1624866209027000,0,487.99656374,0.5419
1624866243188000,1,71.60000000,0.5420
1624866268636000,0,5000.00000000,0.5421
1624866296364000,0,444.07759200,0.5428
1624866305362000,0,8065.40526370,0.5431
1624866305392000,0,8954.05121377,0.5431
1624866306604000,1,9000.00000000,0.5432
1624866310868000,0,97.91929700,0.5433
1624866312715000,0,2104.25365000,0.5432
1624866327030000,0,274.99535697,0.5427
1624866340058000,1,1500.00000000,0.5429
1624866344937000,1,594.44352000,0.5430
1624866346101000,1,0.00000358,0.5430
1624866349319000,0,11575.02686452,0.5430
1624866349637000,1,9000.00000000,0.5430
1624866374653000,0,143.10438100,0.5432
1624866390882000,0,2739.42765400,0.5434
1624866393915000,0,182.57140200,0.5434
1624866399292000,1,1111.00040000,0.5427
1624866399301000,1,729.94894076,0.5427
1624866399301000,1,187.62237549,0.5427
1624866399346000,1,9000.00000000,0.5428
1624866399379000,1,2729.10025280,0.5427
1624866399379000,1,1685.91858234,0.5427
1624866439936000,1,1843.55580000,0.5420
1624866440051000,1,0.00005052,0.5420
1624866440051000,1,4607.58894948,0.5418
1624866459484000,0,11596.72612595,0.5420
1624866459506000,0,0.00000001,0.5420
1624866474040000,0,2745.60311620,0.5436
1624866480293000,1,250.00000000,0.5421
1624866519362000,1,440.52000000,0.5417
1624866528180000,0,8238.89992000,0.5423
1624866576919000,0,91.76332400,0.5428
1624866609210000,0,9000.00000000,0.5424
1624866609210000,0,196.71957447,0.5424
1624866613838000,0,500.00000000,0.5424
1624866621348000,0,441.39873707,0.5421
1624866639067000,1,9000.00000000,0.5419
1624866639067000,1,1843.31797235,0.5419
1624866639067000,1,13502.45532754,0.5419
1624866639107000,1,1942.59440144,0.5419
1624866688688000,0,3650.75850300,0.5419
1624866717691000,1,999.90000000,0.5417
1624866721118000,0,1798.41876503,0.5421
1624866726664000,1,1844.81420000,0.5416
1624866726918000,1,0.00002721,0.5416
1624866727046000,0,100.00000000,0.5416
1624866738075000,0,2450.15749700,0.5416
1624866750242000,0,9000.00000000,0.5415
1624866750242000,0,763.98435913,0.5415
1624866752905000,0,183.24891500,0.5419
1624866768094000,1,3822.96165052,0.5411
1624866768094000,1,7977.32192856,0.5411
1624866768384000,1,1846.39470000,0.5411
1624866768561000,1,0.00002965,0.5411
1624866772649000,0,902.78111429,0.5410
1624866774828000,0,71.60000000,0.5409
1624866781520000,0,3668.29687700,0.5409
1624866790871000,1,2000.00000000,0.5401
1624866801558000,0,1003.21627971,0.5405
1624866810949000,0,277.52755800,0.5404
1624866814696000,0,160.68501400,0.5404
1624866846140000,0,11633.02516426,0.5403
1624866846764000,0,136.00000000,0.5408
1624866900199000,0,179.59521800,0.5415
1624866909996000,1,564.84720084,0.5414
1624866914735000,1,6964.04360067,0.5414
1624866919966000,1,11595.40920000,0.5413
1624866919966000,1,8955.01410660,0.5412
1624866958222000,0,274.88859900,0.5414
1624866991735000,1,965.25012459,0.5410
1624866991775000,1,881.42419962,0.5410
1624866998440000,1,1849.21500823,0.5404
1624867003835000,0,8486.20050000,0.5404
1624867008311000,0,9000.00000000,0.5403
1624867025004000,0,12669.23050000,0.5405
1624867028693000,1,1850.11130000,0.5400
1624867028696000,1,0.00007670,0.5400
1624867028696000,1,11621.80242330,0.5400
1624867029478000,1,1527.29980000,0.5398
1624867029523000,1,3098.71210910,0.5398
1624867031718000,0,8541.37372000,0.5398
1624867034436000,0,1309.09741558,0.5399
1624867063188000,0,8358.17350000,0.5397
1624867097075000,0,58.38680700,0.5402
1624867123114000,1,11634.68836045,0.5396
1624867125385000,0,64.50310236,0.5399
1624867133145000,1,0.00000001,0.5396
1624867133145000,1,66.88426299,0.5393
1624867153622000,1,66.67000000,0.5397
1624867183382000,0,161.13838352,0.5403
1624867236741000,0,2529.03018304,0.5404
1624867264696000,1,64.55000000,0.5399
1624867281338000,1,1851.23845000,0.5398
1624867290294000,1,200.00000000,0.5393
1624867296284000,0,1268.82923355,0.5392
1624867296342000,0,7731.17076645,0.5392
1624867296342000,0,9000.00000000,0.5393
1624867312350000,1,190.71255930,0.5391
1624867313865000,0,9000.00000000,0.5393
1624867329802000,1,8820.35492393,0.5392
1624867330807000,1,1851.80384212,0.5390
1624867330807000,1,1852.63407513,0.5390
1624867330807000,1,5788.38011039,0.5389
1624867349340000,0,227.83486085,0.5390
1624867351003000,0,1141.08167451,0.5388
1624867351017000,0,7042.44862549,0.5388
1624867356879000,0,6459.22062486,0.5392
1624867372391000,1,189.84769263,0.5388
1624867372413000,0,982.54633100,0.5395
1624867400349000,0,360.21659800,0.5392
1624867408839000,1,3172.34340343,0.5392
1624867424458000,0,1238.95504968,0.5397
1624867440302000,1,534.81634092,0.5395
1624867440713000,0,8125.92930000,0.5400
1624867440713000,0,7166.95590000,0.5400
1624867456295000,1,212.13000000,0.5398
1624867479510000,1,6779.42914044,0.5398
1624867479541000,1,71.60000000,0.5398
1624867479582000,1,8658.70228088,0.5398
1624867480503000,1,1851.53640000,0.5396
1624867480517000,1,0.00000491,0.5396
1624867520403000,0,89.29073364,0.5399
1624867547585000,1,196.19000000,0.5397
1624867593716000,0,762.61663211,0.5400
1624867602782000,1,2288.00725000,0.5402
1624867604612000,1,0.00000710,0.5402
1624867604612000,1,879.99999290,0.5398
1624867648268000,0,7318.56680800,0.5402
1624867653232000,0,71.60000000,0.5402
1624867680266000,1,583.67387387,0.5396
1624867694011000,1,500.00000001,0.5395
1624867716118000,1,600.00000000,0.5395
1624867757749000,0,91.74372882,0.5402
1624867784230000,0,1045.55124952,0.5404
1624867819112000,0,91.90272400,0.5399
1624867839211000,0,1804.15788000,0.5398
1624867893456000,1,8999.99999999,0.5397
1624867908107000,0,1838.32684000,0.5399
1624867948175000,0,7751.01220000,0.5404
1624867948245000,0,11631.05240000,0.5404
1624867948245000,0,12737.48553401,0.5405
1624867948392000,0,10345.74210000,0.5405
1624867962802000,0,242.60015500,0.5408
1624867999441000,1,210.40836687,0.5403
1624868004478000,0,9000.00000000,0.5407
1624868018851000,1,11619.47522470,0.5408
1624868045660000,1,1768.80392156,0.5406
1624868069379000,0,9000.00000000,0.5409
1624868090806000,1,66.84581300,0.5411
1624868111721000,0,132.23610000,0.5419
1624868115896000,0,0.00008100,0.5419
1624868154439000,0,8192.42862046,0.5423
1624868154440000,0,3410.90447146,0.5423
1624868155217000,1,71.60000000,0.5423
1624868185608000,1,9000.00000000,0.5430
1624868185608000,1,9000.00000000,0.5430
1624868199903000,1,9000.00000000,0.5428
1624868200075000,1,6558.26540773,0.5427
1624868206292000,0,9000.00000000,0.5431
1624868206292000,0,11572.96089999,0.5431
1624868206293000,0,0.00000001,0.5431
1624868206293000,0,2938.16520529,0.5431
1624868206294000,0,6061.83479471,0.5431
1624868206294000,0,11584.66566783,0.5431
1624868206817000,0,78.00000000,0.5436
1624868236207000,0,9000.00000000,0.5435
1624868236207000,0,7707.37430000,0.5436
1624868236207000,0,4695.26694119,0.5436
1624868236209000,0,894.58959746,0.5436
1624868255298000,1,7648.35556800,0.5435
1624868263569000,1,6459.22062486,0.5429
1624868280252000,1,839.57958912,0.5425
1624868332252000,0,4609.38505988,0.5435
1624868343985000,1,10252.01417000,0.5430
1624868351814000,0,457.76152049,0.5432
1624868357289000,0,1834.74010000,0.5432
1624868357289000,0,3.66778800,0.5432
1624868360932000,1,1740.36832000,0.5430
1624868361152000,1,0.00000412,0.5430
1624868374424000,1,62.50820000,0.5415
1624868374444000,1,338.28580000,0.5415
1624868374598000,1,145.72140000,0.5415
1624868393119000,0,91.60585300,0.5416
1624868397084000,0,5000.00000000,0.5416
1624868416567000,1,1086.82186890,0.5420
1624868418578000,1,2899.54321290,0.5418
1624868434558000,1,9000.00000000,0.5422
1624868509696000,0,91.64645400,0.5416
1624868520260000,1,263.74492991,0.5412
1624868537298000,1,7729.89150000,0.5417
1624868538082000,1,787.97320792,0.5417
1624868557097000,0,319.54260400,0.5417
1624868589892000,1,251146.73752310,0.5410
1624868596276000,0,1655.32828432,0.5414
1624868632325000,0,11617.84647000,0.5415
1624868636625000,0,2793.78377100,0.5415
1624868657487000,1,118.57050100,0.5411
1624868673235000,0,2722.46897017,0.5415
1624868694225000,0,11611.13890000,0.5414
1624868694238000,0,11622.03121103,0.5414
1624868694238000,0,23248.52683747,0.5415
1624868694238000,0,7744.05450000,0.5415
1624868694238000,0,15494.98136821,0.5415
1624868694238000,0,15281.66000000,0.5416
1624868713574000,1,2250.00000000,0.5424
1624868713723000,1,6750.00000000,0.5424
1624868747971000,1,120.00000000,0.5421
1624868788098000,1,291.00001261,0.5410
1624868793491000,0,53.13674200,0.5414
1624868828890000,0,91.84957353,0.5417
1624868849686000,1,4834.44361031,0.5410
1624868849686000,1,146.99998969,0.5410
1624868892251000,1,762.65597230,0.5410
1624868909152000,1,0.00001031,0.5410
1624868909152000,1,9000.00000000,0.5410
1624868909152000,1,11615.02700000,0.5407
1624868909152000,1,10058.24096804,0.5405
1624868909152000,1,1848.75689586,0.5405
1624868909152000,1,8675.57385376,0.5405
1624868942845000,0,71.62000000,0.5407
1624868957896000,1,432.73660000,0.5395
1624868961187000,0,71.60000000,0.5398
1624868980046000,0,316.75168500,0.5395
1624868992915000,0,11653.96355000,0.5398
1624869172232000,0,267.39711500,0.5393
1624869172460000,1,1524.73755044,0.5388
1624869175458000,1,497.99496400,0.5388
1624869188644000,1,321.09074100,0.5389
1624869237785000,1,6878.31172800,0.5386
1624869269553000,1,361.52000000,0.5389
1624869280973000,1,2092.00000000,0.5389
1624869307082000,1,9000.00000000,0.5388
1624869307082000,1,11661.00000000,0.5388
1624869313826000,1,0.19564201,0.5388
1624869344321000,0,342.57437764,0.5388
1624869360284000,0,483.00393030,0.5389
1624869363727000,1,55.62044700,0.5387
1624869369336000,0,250.00685700,0.5388
1624869370337000,0,925.88014600,0.5388
1624869371831000,0,250.00000000,0.5388
1624869372339000,0,3354.69782800,0.5388
1624869408067000,1,2287.96791691,0.5386
1624869415294000,0,177.61417322,0.5387
1624869454186000,0,11663.20550000,0.5388
1624869460952000,0,518.51210400,0.5389
1624869471613000,1,490.00686188,0.5386
1624869518215000,0,210.37637938,0.5392
1624869545438000,1,399.50000000,0.5389
1624869581746000,0,179.60000000,0.5392
1624869600221000,1,553.33418403,0.5389
1624869615991000,1,533.00000000,0.5390
1624869690765000,1,1272.00000000,0.5394
1624869690809000,1,10373.66581113,0.5394
1624869690922000,1,10780.00520000,0.5394
1624869690962000,1,71.60000000,0.5394
1624869705949000,0,10181.06631000,0.5395
1624869706194000,0,71.60000000,0.5395
1624869717843000,0,148.85702300,0.5396
1624869737984000,0,310.55000000,0.5395
1624869782805000,0,11654.10936000,0.5394
1624869782930000,0,0.00000328,0.5394
1624869784155000,0,3713.13670473,0.5394
1624869797317000,0,111.09464715,0.5396
1624869802708000,0,217.04380980,0.5397
1624869807361000,1,270.00000000,0.5391
1624869852249000,0,100.00000000,0.5394
1624869881456000,0,497.92738393,0.5395
1624869960260000,0,91.77203456,0.5388
1624869961433000,0,750.00041800,0.5388
1624869967772000,0,449.76178800,0.5388
1624869976489000,0,10500.00000000,0.5387
1624869977745000,0,92.30628223,0.5390
1624869982449000,0,2125.15176600,0.5390
1624869987344000,0,2338.04883794,0.5391
1624869992470000,0,185.08498100,0.5389
1624869995723000,0,9394.34658472,0.5390
1624869996458000,0,1000.00000000,0.5393
1624870006980000,0,351.67406000,0.5391
1624870011074000,1,1482.44600000,0.5387
1624870014837000,1,1447.36200000,0.5387
1624870040533000,0,250.00001200,0.5386
1624870041059000,1,0.00000603,0.5383
1624870041059000,1,1856.12782039,0.5383
1624870041059000,1,98.07836758,0.5382
1624870043553000,0,1450.00000000,0.5386
1624870047039000,0,1446.18264961,0.5385
1624870107620000,0,9345.89064000,0.5390
1624870116546000,0,13000.00000000,0.5390
1624870116658000,0,2398.05180000,0.5390
1624870117138000,0,4601.94820000,0.5390
1624870153381000,0,7500.00000000,0.5393
1624870153475000,0,60.23332270,0.5393
1624870153475000,0,8439.76667730,0.5393
1624870153614000,0,21727.08533278,0.5393
1624870153743000,0,6587.02020000,0.5393
1624870158944000,0,2027.99930528,0.5393
1624870159750000,0,6500.00000000,0.5393
1624870160338000,0,5500.00000000,0.5393
1624870160409000,0,5000.00000000,0.5393
1624870160581000,0,45461.00000000,0.5393
1624870161235000,0,29490.00000000,0.5393
1624870161349000,0,16918.08970000,0.5393
1624870171545000,0,0.00009064,0.5393
1624870182790000,1,8601.94820000,0.5400
1624870196785000,0,98.32299700,0.5399
1624870200281000,1,479.92670236,0.5392
1624870242875000,1,120.00000000,0.5395
1624870278804000,0,53.83000000,0.5396
1624870293473000,1,69.17200400,0.5393
1624870298746000,1,1214.22859427,0.5393
1624870369609000,0,175.00000000,0.5403
1624870394328000,0,925.39468083,0.5403
1624870415184000,0,2588.89161100,0.5405
1624870506487000,1,999.75000000,0.5403
1624870576839000,0,729.52843500,0.5400
1624870596567000,0,691.08361196,0.5401
1624870597591000,0,11482.97356800,0.5401
1624870606562000,0,4621.80611000,0.5399
1624870607561000,0,343.41801600,0.5399
1624870639090000,0,369.57494400,0.5399
1624870649928000,0,1800.00000000,0.5399
1624870690719000,0,262.60031484,0.5400
1624870738846000,1,1850.72085577,0.5400
1624870744193000,0,1827.51710823,0.5400
1624870754130000,0,89.62111500,0.5402
1624870762720000,0,3693.71511100,0.5402
1624870766264000,0,1692.79031840,0.5402
1624870772370000,0,93.71056200,0.5401
1624870803412000,0,105.94236300,0.5402
1624870834719000,0,1481.49445600,0.5394
1624870842586000,0,403.00000000,0.5392
1624870847741000,1,129.00000000,0.5389
1624870860041000,0,11420.81729965,0.5391
1624870860061000,0,233.07790407,0.5391
1624870860061000,0,68.92209593,0.5392
1624870889251000,0,1533.58372100,0.5401
1624870897914000,0,275.72859800,0.5399
1624870901911000,0,1837.40800000,0.5399
1624870939410000,1,164.31000000,0.5393
1624870941519000,1,1852.48306000,0.5394
1624870950192000,0,179.66833600,0.5395
1624870955602000,0,7828.96564000,0.5392
1624870986590000,0,109.73617400,0.5388
1624870994469000,0,147.77505708,0.5387
1624871024924000,1,89.62110500,0.5385
1624871042278000,0,80.33106134,0.5389
1624871081256000,0,94.77483800,0.5386
1624871091002000,1,1856.73437558,0.5383
1624871091002000,1,6940.06171442,0.5383
1624871091034000,1,4725.39928302,0.5383
1624871128159000,1,3738.46868500,0.5385
1624871160322000,1,104.43345574,0.5389
1624871228542000,1,71.60000000,0.5389
1624871228595000,1,1782.88934781,0.5389
1624871232795000,1,1855.43903398,0.5386
1624871232795000,1,775.59536124,0.5386
1624871280295000,0,113.05629231,0.5396
1624871360612000,0,94.28030100,0.5397
1624871363415000,0,2806.00000000,0.5397
1624871365867000,0,370.00000000,0.5397
1624871367889000,0,11276.30015942,0.5397
1624871369847000,1,11624.85230000,0.5399
1624871370050000,1,9000.00000000,0.5399
1624871381722000,1,9092.25836000,0.5394
1624871384614000,0,91.90272400,0.5395
1624871410849000,1,382.33641600,0.5390
1624871449135000,1,65.44352100,0.5390
1624871465496000,1,120.00000000,0.5390
1624871478744000,0,8188.00000000,0.5393
1624871550543000,0,78.96000000,0.5398
1624871578104000,1,370.49386833,0.5395
1624871578104000,1,370.49386833,0.5395
1624871593637000,1,382.28023400,0.5395
1624871593637000,1,382.28023400,0.5395
1624871737899000,1,664.00000000,0.5396
1624871737899000,1,664.00000000,0.5396
1624871760278000,1,203.41284404,0.5396
1624871760278000,1,203.41284404,0.5396
1624871768398000,1,99.85000000,0.5398
1624871782342000,0,53.80000000,0.5401
1624871782856000,0,227.14000000,0.5401
1624871813299000,0,91.43000000,0.5402
1624871896954000,0,40.92913400,0.5405
1624871917217000,1,40.92913400,0.5401
1624871921081000,0,92.03648068,0.5406
1624871940989000,0,642.78342000,0.5404
1624871967475000,1,100.00000000,0.5402
1624872000442000,1,49.08735333,0.5402
1624872120281000,0,146.50102902,0.5409
1624872132064000,1,180.00000000,0.5407
1624872146944000,0,2000.00000000,0.5410
1624872191638000,1,8820.00000000,0.5409
1624872191638000,1,8820.00000000,0.5409
1624872196693000,1,10877.71660000,0.5409
1624872196900000,1,6028.40736270,0.5409
1624872196693000,1,10877.71660000,0.5409
1624872196900000,1,6028.40736270,0.5409
1624872196900000,1,11614.32610911,0.5409
1624872196900000,1,11614.32610911,0.5409
1624872225392000,0,53.71000000,0.5409
1624872225392000,0,53.71000000,0.5409
1624872241360000,1,1002.71717220,0.5410
1624872241360000,1,1002.71717220,0.5410
1624872244391000,1,1000.00000000,0.5410
1624872244391000,1,1000.00000000,0.5410
1624872254564000,1,64.91437600,0.5412
1624872254564000,1,64.91437600,0.5412
1624872285435000,0,91.66846000,0.5414
1624872285435000,0,91.66846000,0.5414
1624872336182000,0,9000.00000000,0.5409
1624872553395000,0,1821.34289000,0.5420
1624872563632000,0,0.00000142,0.5420
1624872566591000,1,158.43035200,0.5420
1624872579740000,0,1186.30275111,0.5425
1624872589022000,0,1663.31945314,0.5427
1624872609639000,1,812.05974552,0.5423
1624872610358000,1,1843.31117000,0.5421
1624872625736000,0,11596.25456000,0.5420
1624872641921000,1,9000.00000000,0.5426
1624872694551000,1,8620.00000000,0.5424
1624872688106000,0,36.63702640,0.5432
1624872694551000,1,8620.00000000,0.5424
1624872694582000,1,0.85622626,0.5424
1624872694582000,1,0.85622626,0.5424
1624872705792000,0,171.37000000,0.5425
1624872705792000,0,171.37000000,0.5425
1624872720229000,0,135.25902623,0.5419
1624872724161000,1,1845.47471146,0.5415
1624872720229000,0,135.25902623,0.5419
1624872724161000,1,1845.47471146,0.5415
1624872724161000,1,50.00000000,0.5415
1624872724161000,1,50.00000000,0.5415
1624872724166000,1,11324.97719303,0.5414
1624872724166000,1,11324.97719303,0.5414
1624872784908000,1,15163.69456871,0.5411
1624872808916000,1,1848.97560000,0.5403
1624872808937000,1,0.00006748,0.5403
1624872808937000,1,4623.00053252,0.5403
1624872811139000,1,1849.24230000,0.5403
1624872815256000,1,1351.28460000,0.5401
1624872817129000,1,1850.30307000,0.5401
1624872852724000,1,1748.11847375,0.5396
1624872852792000,1,103.37679383,0.5396
1624872852792000,1,2326.87847817,0.5396
1624872852794000,1,2302.11429635,0.5396
1624872854033000,0,937.00950500,0.5395
1624872856121000,0,4628.99277000,0.5396
1624872862366000,1,1851.92044000,0.5395
1624872884202000,1,1853.63683000,0.5392
1624872900681000,0,359.08000000,0.5394
1624872933087000,1,1854.06986000,0.5389
1624872937726000,1,1853.68494000,0.5389
1624872946035000,1,0.00000029,0.5389
1624872998546000,0,276.59555975,0.5396
1624873019722000,1,277.85000000,0.5383
1624873030301000,0,42.26267200,0.5383
1624873080266000,0,317.87366229,0.5383
1624873091437000,1,662.00000000,0.5380
1624873099016000,1,250.00000000,0.5382
1624873109305000,1,1857.00000000,0.5381
1624873119396000,0,64.06563592,0.5383
1624873125001000,1,696.00000000,0.5379
1624873126556000,1,404.07750000,0.5376
1624873126702000,1,1454.19571819,0.5376
1624873126702000,1,138.12518181,0.5376
1624873126736000,1,232.05290000,0.5376
1624873126740000,1,49.27320000,0.5376
1624873126770000,1,49.63140000,0.5376
1624873126793000,1,183.09870000,0.5376
1624873126816000,1,137.14480000,0.5376
1624873126846000,1,137.47580000,0.5376
1624873126931000,1,219.65320000,0.5376
1624873126939000,1,195.16000000,0.5376
1624873153614000,1,1860.30590870,0.5370
1624873153614000,1,1786.23288779,0.5370
1624873161749000,0,360.36000000,0.5375
1624873176234000,0,11695.79880000,0.5375
1624873177106000,0,0.00004376,0.5375
1624873177106000,0,71.59995624,0.5375
1624873177162000,0,1666.00000000,0.5375
1624873177178000,0,9958.19888752,0.5375
1624873182140000,1,69.65387300,0.5371
1624873188632000,0,920.38433900,0.5376
1624873212884000,0,254.60577400,0.5376
1624873212986000,1,183.29638800,0.5373
1624873264054000,0,74.62416900,0.5382
1624873266153000,1,9000.00000000,0.5379
1624873272883000,1,2569.00000000,0.5377
1624873277957000,1,1858.63932732,0.5377
1624873310619000,1,1859.08852608,0.5376
1624873311178000,1,1859.08852608,0.5374
1624873323989000,0,1500.00000000,0.5375
1624873349795000,1,925.39468083,0.5374
1624873355803000,0,185.14201100,0.5378
1624873367360000,0,277.44391776,0.5380
1624873392293000,0,7500.00000000,0.5379
1624873395395000,1,1858.61169141,0.5375
1624873395395000,1,7641.38830859,0.5375
1624873511603000,1,1847.89713999,0.5373
1624873513641000,1,1859.47570223,0.5372
1624873513641000,1,15237.76154615,0.5372
1624873519418000,1,185.29000000,0.5371
1624873538738000,1,1859.44112638,0.5374
1624873540812000,1,485.71653400,0.5372
1624873548934000,1,528.00319176,0.5372
1624873560739000,0,369.16961500,0.5375
1624873570336000,1,1822.78104308,0.5373
1624873581368000,1,37.19961312,0.5373
1624873581368000,1,675.03038688,0.5372
1624873595140000,0,1571.03057600,0.5377
1624873613207000,1,11680.14033876,0.5377
1624873632401000,0,4638.19120985,0.5374
1624873635336000,0,823.86411700,0.5371
1624873635836000,0,823.86411700,0.5371
1624873646297000,1,957.14975809,0.5367
1624873654766000,0,168.85397500,0.5371
1624873664353000,1,71.60000000,0.5367
1624873664447000,0,212.73390200,0.5369
1624873664537000,1,833.35054208,0.5367
1624873664571000,1,1382.59900000,0.5365
1624873667461000,1,1076.71640000,0.5360
1624873671592000,1,0.00001791,0.5360
1624873671596000,1,373.11231823,0.5357
1624873673294000,0,9000.00000000,0.5356
1624873679655000,0,9000.00000000,0.5360
1624873679655000,0,22.32602193,0.5361
1624873680309000,0,15650.86391281,0.5361
1624873713414000,0,824.94122700,0.5359
1624873713884000,0,824.94122700,0.5359
1624873720547000,1,1865.74822100,0.5354
1624873720558000,1,0.00000001,0.5354
1624873720748000,1,4664.37055251,0.5353
1624873720778000,1,0.00000001,0.5353
1624873735586000,1,1866.47952098,0.5354
1624873735588000,1,0.00000001,0.5354
1624873752037000,1,1866.74432000,0.5352
1624873761098000,1,1867.12075000,0.5349
1624873761139000,1,0.00000043,0.5349
1624873773329000,1,1758.81704722,0.5344
1624873785518000,1,3617.70273246,0.5341
1624873792605000,0,548.45355007,0.5352
1624873798285000,1,1868.00000000,0.5346
1624873801013000,0,1020.89313300,0.5348
1624873845377000,0,71.60000000,0.5346
1624873851661000,1,10000.00000000,0.5343
1624873872371000,1,1871.96517634,0.5338
1624873872371000,1,9000.00000000,0.5338
1624873872371000,1,2491.05230271,0.5337
1624873912798000,1,450.00000001,0.5346
1624873915146000,1,2190.85572546,0.5346
1624873950547000,1,1409.02000000,0.5346
1624873953327000,1,11741.03577838,0.5348
1624873953327000,1,4672.49538343,0.5346
1624873953327000,1,1868.89339085,0.5346
1624873953327000,1,9000.00000000,0.5346
1624873953346000,0,9000.00000000,0.5346
1624873953403000,0,2071.47864794,0.5346
1624873992231000,0,95.26834639,0.5358
1624873994939000,0,933.98824000,0.5359
1624874008108000,1,11732.08257000,0.5353
1624874035183000,1,482.54392737,0.5349
1624874037812000,1,50.00000000,0.5349
1624874078268000,1,7000.00000000,0.5354
1624874101758000,0,760.14352102,0.5358
1624874105399000,0,11800.88930000,0.5360
1624874105399000,0,11727.50615075,0.5360
1624874105399000,0,17697.17700000,0.5360
1624874105399000,0,5183.29833741,0.5361
1624874114462000,1,134.57805176,0.5356
1624874118320000,1,1173.02926800,0.5355
1624874140078000,0,54.16000000,0.5364
1624874160263000,0,51.83720474,0.5364
1624874164788000,1,11715.84020855,0.5361
1624874217734000,1,71.60000000,0.5363
1624874217734000,1,851.50038403,0.5363
1624874230435000,0,88.14397344,0.5362
1624874231721000,0,500.00000000,0.5363
1624874245953000,1,134.66917700,0.5360
1624874247958000,1,1951.00000000,0.5360
1624874280282000,0,454.03381377,0.5364
1624874334028000,0,71.60000000,0.5360
1624874334690000,0,12106.09213000,0.5360
1624874443520000,0,203.71004700,0.5360
1624874450555000,0,302.68910000,0.5360
1624874451079000,0,0.00006800,0.5360
1624874498243000,0,298.32426500,0.5364
1624874520261000,1,88.74013245,0.5367
1624874543077000,0,176.05483125,0.5369
1624874569555000,0,231.68993908,0.5368
1624874627514000,0,3706.96995380,0.5368
1624874650168000,1,350.00000000,0.5357
1624874657392000,0,334.15638351,0.5360
1624874661024000,1,1866.25658789,0.5355
1624874674871000,0,278.51560954,0.5359
1624874682653000,0,584.00000000,0.5357
1624874684918000,1,8216.21580000,0.5354
1624874685952000,1,1867.08435000,0.5352
1624874702521000,1,466.80317000,0.5350
1624874703370000,1,71.60000000,0.5349
1624874704237000,1,395.14257390,0.5348
1624874704588000,1,27202.30742610,0.5348
1624874705514000,1,201.49014162,0.5344
1624874705514000,1,201.58876392,0.5343
1624874709110000,0,9000.00000000,0.5340
1624874711158000,0,100.00000000,0.5344
1624874718782000,0,2764.53198992,0.5340
1624874718784000,0,1385.32431913,0.5340
1624874747029000,1,1663.31945314,0.5342
1624874761682000,0,9000.00000000,0.5333
1624874778718000,0,1872.41372000,0.5345
1624874779043000,0,0.00000854,0.5345
1624874784955000,1,9000.00000000,0.5341
1624874784955000,1,1870.50850832,0.5341
1624874784955000,1,11754.57932288,0.5341
1624874784955000,1,9000.00000000,0.5340
1624874784955000,1,1583.27587280,0.5340
1624874798271000,1,974.00000000,0.5343
1624874850039000,1,349.10004200,0.5343
1624874855272000,0,93.00941300,0.5348
1624874880297000,0,64.81733933,0.5345
1624874921720000,1,300.00000000,0.5336
1624874946056000,1,988.48171000,0.5337
1624875013744000,1,1000.00000000,0.5343
1624875017015000,1,1873.56690300,0.5343
1624875018246000,1,311.40000000,0.5343
1624875050267000,1,267.83000000,0.5348
1624875110573000,0,278.57126700,0.5346
1624875179932000,1,9505.32937000,0.5348
1624875180025000,1,2236.90135000,0.5348
1624875198314000,0,11739.48030000,0.5354
1624875206216000,0,342.07396400,0.5357
1624875239831000,0,92.67328600,0.5355
1624875240388000,1,151.19149109,0.5350
1624875259618000,1,0.00000340,0.5348
1624875259618000,1,7499.99999660,0.5347
1624875262504000,1,4244.23731000,0.5347
1624875266337000,1,0.00000251,0.5347
1624875285461000,0,556.85080000,0.5347
1624875298063000,1,47.24578000,0.5339
1624875300751000,0,47.24578000,0.5345
1624875322000000,1,226.39452400,0.5341
1624875397255000,0,71.60000000,0.5336
1624875398016000,0,831.18111000,0.5336
1624875404834000,0,0.00000429,0.5336
1624875456965000,0,76.60700900,0.5352
1624875462238000,1,466.16476000,0.5349
1624875465309000,1,9000.00000000,0.5353
1624875490047000,1,270.90250000,0.5349
1624875520163000,1,9000.00000000,0.5349
1624875520163000,1,11740.27769622,0.5348
1624875520163000,1,14118.23160000,0.5347
1624875520163000,1,1868.68384859,0.5347
1624875520163000,1,9000.00000000,0.5347
1624875520163000,1,4030.51500000,0.5347
1624875520163000,1,15653.88626934,0.5347
1624875520163000,1,3713.60000000,0.5347
1624875520163000,1,2364.30000000,0.5345
1624875520163000,1,23483.23354447,0.5345
1624875520163000,1,4672.25078122,0.5344
1624875520163000,1,12150.20513145,0.5344
1624875520163000,1,500.00000000,0.5344
1624875520163000,1,11400.00000000,0.5344
1624875520163000,1,27091.68380271,0.5343
1624875558458000,1,3671.41256900,0.5346
1624875595450000,1,390.06052647,0.5349
1624875600896000,1,1869.70406000,0.5345
1624875621944000,0,502.00000000,0.5347
1624875623966000,0,4147.00000000,0.5347
1624875632565000,0,0.74563312,0.5347
1624875678761000,0,54.42727800,0.5352
1624875680980000,0,195.22321879,0.5352
1624875721596000,0,91.57311732,0.5351
1624875733164000,0,181.07000000,0.5349
1624875778838000,1,1872.18240000,0.5334
1624875778896000,0,185.76631600,0.5339
1624875828414000,1,71.60000000,0.5326
1624875831742000,1,15031.71749995,0.5326
1624875846046000,1,960.53043342,0.5325
1624875870716000,0,41740.74316939,0.5325
1624875871470000,1,1876.77175301,0.5322
1624875871569000,1,2100.22990111,0.5320
1624875872308000,1,2592.13487184,0.5320
1624875872319000,1,2000.00000000,0.5320
1624875874330000,1,16856.81800005,0.5316
1624875874362000,0,1023.86095700,0.5319
1624875875235000,1,9633.50382255,0.5316
1624875879740000,0,7519.66161000,0.5316
1624875884047000,1,11809.08270000,0.5314
1624875895250000,1,0.00009138,0.5314
1624875898002000,0,126.72336000,0.5309
1624875898258000,1,196.71644027,0.5303
1624875903996000,1,500.00000000,0.5305
1624875903996000,1,639.03851572,0.5304
1624875941994000,0,2028.07489100,0.5320
1624875954888000,1,1880.88065381,0.5313
1624875954889000,1,0.00000001,0.5313
1624875955349000,1,4702.14718849,0.5311
1624875955349000,1,1880.75333712,0.5311
1624875955349000,1,10346.36606558,0.5310
1624875955349000,1,1880.75333713,0.5310
1624875959430000,0,11839.17270000,0.5309
1624875960822000,0,132.61398804,0.5314
1624875973313000,0,227.93000000,0.5312
1624875997919000,1,810.82080000,0.5308
1624876017570000,1,11822.46400000,0.5302
1624876017797000,1,1781.69634291,0.5302
1624876018266000,1,1937.68624602,0.5302
1624876018327000,1,7464.07973440,0.5302
1624876018352000,1,100.00000000,0.5302
1624876019031000,1,1841.32234459,0.5300
1624876019552000,1,600.00000000,0.5294
1624876019667000,1,1361.83350000,0.5294
1624876019667000,1,8400.00000000,0.5294
1624876019667000,1,628.57826470,0.5294
1624876080823000,1,56.59960526,0.5311
1624876086953000,1,427.62360000,0.5313
1624876089849000,1,323.34972100,0.5314
1624876090418000,1,1195.70017680,0.5314
1624876125511000,1,1896.06517200,0.5311
1624876162660000,1,549.33172100,0.5311
1624876173565000,1,112.08400800,0.5303
1624876175672000,1,1897.31574800,0.5303
1624876292355000,1,1374.33689200,0.5312
1624876299770000,0,4726.18198062,0.5316
1624876327697000,1,478.49000000,0.5316
1624876351912000,0,245.00000000,0.5320
1624876367725000,0,5.00000000,0.5320
1624876374983000,0,2897.19920000,0.5324
1624876382157000,1,1449.52471600,0.5320
1624876419132000,1,999.96930599,0.5324
1624876440267000,0,186.09022556,0.5327
1624876524312000,0,1839.61080000,0.5319
1624876555060000,1,11500.00000000,0.5311
1624876557100000,1,4000.00000000,0.5307
1624876610876000,1,4463.87047600,0.5309
1624876611991000,0,2543.37252549,0.5314
1624876612284000,0,71.60000000,0.5314
1624876612290000,0,24222.44058224,0.5314
1624876612365000,0,3149.14819808,0.5314
1624876612366000,0,2959.85869419,0.5314
1624876624481000,1,71.60000000,0.5316
1624876624854000,1,8000.00000000,0.5316
1624876624964000,1,1000.00000000,0.5316
1624876653983000,1,951.14531600,0.5310
1624876711409000,1,9000.00000000,0.5304
1624876716995000,1,122.42000000,0.5301
1624876744871000,1,6000.00000000,0.5311
1624876766217000,0,1001.16931884,0.5310
1624876771846000,1,621.54589077,0.5305
1624876817932000,0,56.10653500,0.5296
1624876821477000,0,71.60000000,0.5296
1624876826402000,1,37.79823040,0.5291
1624876826402000,1,37.79816960,0.5291
1624876861003000,0,187.91341000,0.5296
1624876869579000,0,2030.52063384,0.5295
1624876878891000,1,0.00006080,0.5291
1624876886243000,1,1890.66114922,0.5284
1624876886243000,1,12180.00000000,0.5284
1624876886243000,1,3438.12086918,0.5284
1624876888995000,1,7918.05330000,0.5284
1624876888995000,1,12731.74370000,0.5284
1624876889520000,1,561.87913082,0.5284
1624876889570000,0,3106.98350000,0.5284
1624876889648000,0,5331.13736000,0.5284
1624876891636000,1,879.40852361,0.5282
1624876895605000,1,9000.00000000,0.5290
1624876898054000,1,10500.00000000,0.5288
1624876914315000,1,62.22840000,0.5293
1624876914318000,1,0.00003541,0.5293
1624876920272000,1,151.95554721,0.5290
1624876957862000,1,3374.16229500,0.5296
1624877004971000,0,11561.87914000,0.5306
1624877005049000,0,6920.51562000,0.5306
1624877012234000,0,0.00000007,0.5306
1624877022210000,1,7889.49030000,0.5304
1624877059766000,0,93.51323000,0.5312
1624877093005000,1,249.71910326,0.5301
1624877149778000,1,120.00000000,0.5305
1624877199878000,0,300.22151600,0.5309
1624877199878000,0,7165.92659900,0.5309
1624877206165000,0,179.76552295,0.5313
1624877247800000,0,50.00000000,0.5305
1624877261976000,1,758.27946400,0.5303
1624877276777000,0,154.00000000,0.5310
1624877276871000,0,0.88807100,0.5310
1624877281344000,0,38.60176174,0.5313
1624877299225000,0,112.08915000,0.5312
1624877320500000,1,47.57695900,0.5303
1624877324527000,0,47.57695900,0.5307
1624877344279000,0,246.84311697,0.5308
1624877380097000,1,11843.86804078,0.5302
1624877380097000,1,7890.86670000,0.5302
1624877380668000,1,4000.00000000,0.5300
1624877380749000,1,1885.74720000,0.5299
1624877412913000,0,11856.85416000,0.5299
1624877412952000,0,0.00000740,0.5299
1624877448971000,1,300.00000000,0.5313
1624877449493000,1,8700.00000000,0.5313
1624877449632000,1,300.00000000,0.5313
1624877451434000,1,9000.00000000,0.5309
1624877451434000,1,5149.00862900,0.5308
1624877464743000,0,3706.00000000,0.5319
1624877472346000,1,39.75000000,0.5311
1624877482830000,1,71.75000000,0.5312
1624877494496000,0,622.32473800,0.5317
1624877572641000,1,240.38247669,0.5314
1624877573511000,0,182.13000000,0.5319
1624877600115000,1,9000.00000000,0.5316
1624877600115000,1,223.56481600,0.5316
1624877615246000,0,54.60000000,0.5321
1624877640338000,1,373.96420114,0.5315
1624877710758000,1,471.68862800,0.5315
1624877745950000,1,11813.75190000,0.5312
1624877746216000,1,11822.80320000,0.5311
1624877751210000,1,0.00001259,0.5311
1624877751210000,1,300.00000000,0.5310
1624877760275000,0,93.05210919,0.5309
1624877763407000,0,8906.94789000,0.5309
1624877773957000,1,457.08528300,0.5307
1624877775203000,0,147.09387778,0.5311
1624877777873000,1,2091.26778476,0.5307
1624877786299000,1,858.67720000,0.5306
1624877794461000,1,79.76682600,0.5306
1624877838243000,1,11834.30480000,0.5305
1624877865062000,1,11840.75400000,0.5303
1624877865062000,1,1651.91572485,0.5303
1624877865079000,1,10188.52945196,0.5303
1624877873147000,0,92.71618200,0.5304
1624877891136000,0,9000.00000000,0.5303
1624877894682000,0,187.12166100,0.5303
1624877896245000,1,71.49818000,0.5301
1624877900453000,0,11661.58921285,0.5303
1624877900644000,0,11848.71087385,0.5303
1624877900644000,0,3950.48952615,0.5304
1624877900673000,0,9000.00000000,0.5304
1624877914290000,0,221.97000000,0.5309
1624877917565000,0,207.76000000,0.5307
1624877917566000,0,207.76000000,0.5307
1624877947802000,1,47.31424800,0.5296
1624877962581000,0,51.34000000,0.5299
1624877995055000,0,62.89380900,0.5300
1624878000818000,0,92.92277504,0.5298
1624878032117000,1,7592.65709100,0.5304
1624878040137000,1,120.00000000,0.5304
1624878042950000,0,1658.37478342,0.5310
1624878045195000,0,109.43000000,0.5310
1624878069500000,1,219.22000000,0.5305
1624878081302000,0,11844.00000000,0.5306
1624878087330000,1,11828.74000000,0.5306
1624878115071000,0,0.63264624,0.5306
1624878115071000,0,9000.00000000,0.5306
1624878115071000,0,2607.88764533,0.5307
1624878157096000,1,50.00000000,0.5300
1624878234285000,1,50.00000000,0.5305
1624878242337000,0,11608.95350230,0.5306
1624878254782000,1,676.00000000,0.5302
1624878260859000,0,11846.52055000,0.5306
1624878261045000,0,0.00000810,0.5306
1624878261444000,0,2801.45649257,0.5308
1624878310781000,1,15786.74341000,0.5304
1624878310795000,1,0.00000617,0.5304
1624878315900000,1,50.00000000,0.5301
1624878344568000,0,8154.38533046,0.5302
1624878364899000,0,83.25837085,0.5302
1624878372289000,0,462.27186537,0.5302
1624878386501000,0,476.99132631,0.5303
1624878400357000,0,112.51694308,0.5306
1624878419628000,0,8820.00000000,0.5302
1624878453160000,0,174.77737461,0.5301
1624878454202000,0,174.78621456,0.5301
1624878458165000,0,174.78704335,0.5301
1624878476370000,0,11621.53567184,0.5301
1624878492154000,1,71.60000000,0.5297
1624878493336000,1,11862.82672084,0.5297
1624878504062000,0,11864.83594000,0.5296
1624878508948000,0,0.00000130,0.5296
1624878509186000,0,11861.23957959,0.5298
1624878520055000,1,4000.00000000,0.5294
1624878600279000,1,358.48270279,0.5301
1624878618684000,0,56.26828700,0.5303
1624878619773000,1,15795.95110000,0.5300
1624878698178000,1,123.00000000,0.5296
1624878698810000,1,11734.62520853,0.5296
1624878698810000,1,9000.00000000,0.5296
1624878708392000,0,56.18416300,0.5299
1624878781002000,0,103.00000000,0.5296
1624878788768000,1,246.45000000,0.5289
1624878810771000,1,141.72778000,0.5286
1624878831945000,1,9000.00000000,0.5283
1624878831945000,1,15290.73870908,0.5283
1624878855346000,0,100.00000000,0.5286
1624878907010000,1,1500.00000000,0.5287
1624878926020000,0,11869.42520000,0.5299
1624878927817000,0,0.00008232,0.5299
1624878927817000,0,11869.42527768,0.5299
1624878933748000,1,9000.00000000,0.5294
1624878952077000,1,2355.90203400,0.5289
1624879009343000,1,84.47150000,0.5279
1624879009369000,1,0.00003960,0.5279
1624879009558000,1,1342.00000000,0.5277
1624879009635000,1,3977.00000000,0.5276
1624879010212000,1,4000.00000000,0.5273
1624879010212000,1,500.00000000,0.5271
1624879010212000,1,500.00000000,0.5268
1624879010314000,1,500.00000000,0.5270
1624879010481000,1,4999.99997836,0.5268
1624879010481000,1,1895.10641127,0.5267
1624879010481000,1,1342.00000000,0.5267
1624879010633000,1,12318.91477788,0.5264
1624879010633000,1,4737.68896748,0.5264
1624879010633000,1,15891.47436701,0.5262
1624879010633000,1,2051.92188763,0.5261
1624879011061000,1,1282.92868617,0.5267
1624879012123000,0,61.34040000,0.5267
1624879021631000,1,505.75000000,0.5258
1624879022787000,0,617.69091300,0.5261
1624879034336000,1,1900.99612197,0.5256
1624879034336000,1,100.00000000,0.5256
1624879034336000,1,500.00000000,0.5253
1624879034336000,1,522.08099603,0.5253
1624879037210000,1,2023.40042546,0.5255
1624879045036000,0,1559.03924383,0.5263
1624879049145000,1,49.77570000,0.5257
1624879049197000,1,254.81380000,0.5257
1624879049203000,1,1596.43645047,0.5257
1624879049782000,1,1901.02595047,0.5252
1624879049782000,1,321.89777953,0.5252
1624879050232000,1,198.27815665,0.5252
1624879050232000,1,142.92584335,0.5251
1624879050311000,1,118.68480000,0.5251
1624879050633000,1,314.98130000,0.5251
1624879052955000,0,11974.31773000,0.5252
1624879057828000,0,367.51160600,0.5259
1624879073648000,0,1543.43244705,0.5263
1624879073663000,0,1543.10800000,0.5263
1624879074431000,0,94.31652900,0.5263
1624879075548000,0,71.60000000,0.5263
1624879076435000,0,200.00000000,0.5263
1624879076450000,0,2968.17842152,0.5263
1624879086466000,1,189.00000000,0.5261
1624879139109000,1,955.40411600,0.5272
1624879142175000,1,1910.80823600,0.5272
1624879154437000,1,247.82080400,0.5270
1624879166719000,1,71.60000000,0.5270
1624879180854000,1,15898.24525000,0.5267
1624879218796000,0,71.60000000,0.5264
1624879239322000,0,4115.65144338,0.5270
1624879239325000,0,4115.65144338,0.5270
1624879239334000,0,768.69711324,0.5270
1624879254050000,1,11928.90700000,0.5266
1624879254353000,1,0.00005849,0.5266
1624879290350000,0,74.77975300,0.5268
1624879320292000,0,436.59731043,0.5267
1624879360567000,1,490.60349100,0.5258
1624879367555000,1,5010.00000038,0.5257
1624879416572000,0,300.00000000,0.5253
1624879421530000,1,0.00007371,0.5251
1624879421530000,1,465.99992629,0.5250
1624879421570000,1,0.00007371,0.5250
1624879465119000,0,9000.00000000,0.5248
1624879465119000,0,11561.29964295,0.5249
1624879470651000,1,1472.90000000,0.5245
1624879514647000,1,1000.00000000,0.5254
1624879533408000,0,11956.47001000,0.5257
1624879533996000,0,0.00000382,0.5257
1624879533996000,0,10499.99999618,0.5258
1624879534065000,0,5443.45414000,0.5258
1624879539701000,0,0.00000755,0.5258
1624879539701000,0,764.47819245,0.5259
1624879539754000,0,11188.77681044,0.5259
1624879541590000,1,243.09838277,0.5257
1624879541597000,1,2491.89345057,0.5257
1624879541668000,1,6265.00816000,0.5257
1624879541867000,1,0.00000666,0.5257
1624879544857000,0,7132.05635000,0.5254
1624879545198000,0,4835.01233000,0.5254
1624879559644000,1,268.90000000,0.5253
1624879561319000,0,0.00000323,0.5254
1624879693594000,1,104.41000000,0.5260
1624879707057000,0,156.82200000,0.5263
1624879707057000,0,4569.42153204,0.5263
1624879745745000,0,567.28897757,0.5262
1624879839732000,0,184.13000000,0.5259
1624879874354000,0,13000.00000000,0.5257
1624879874356000,0,1104.66747013,0.5257
1624879897094000,1,64.55590400,0.5259
1624879947130000,1,729.49998200,0.5257
1624879947610000,1,115.96180000,0.5257
1624879958176000,1,78.79180400,0.5258
1624879958269000,1,40.47919000,0.5258
1624879983641000,1,543.45301500,0.5253
1624880002555000,0,499.99999999,0.5262
1624880005731000,0,0.00000001,0.5262
1624880018982000,1,3430.00000000,0.5260
1624880025937000,0,316.04434721,0.5266
1624880046131000,0,58.66427817,0.5264
1624880123513000,0,1549.09793638,0.5282
1624880137127000,1,9000.00000000,0.5276
1624880173303000,0,282.61328864,0.5281
1624880216527000,1,1533.58372100,0.5272
1624880220243000,0,232.38916000,0.5281
1624880230900000,0,82.52000000,0.5281
1624880262084000,1,12835.01233000,0.5274
1624880262186000,1,71.60000000,0.5274
1624880273431000,1,142.98662000,0.5273
1624880284470000,1,165.00000000,0.5273
1624880292491000,1,1119.00000000,0.5279
1624880292596000,1,190.00000000,0.5279
1624880292965000,1,1100.00000000,0.5279
1624880293125000,1,303.00000000,0.5279
1624880293136000,1,190.00000000,0.5279
1624880333166000,1,2172.53881231,0.5277
1624880335010000,1,11000.00000000,0.5277
1624880345229000,1,1290.11155400,0.5275
1624880345701000,0,56.95019000,0.5280
1624880384064000,1,84.50000000,0.5273
1624880390193000,0,1193.13972200,0.5277
1624880395467000,1,11928.37081000,0.5274
1624880397555000,0,183.50000000,0.5278
1624880399477000,0,645.74859400,0.5278
1624880421987000,1,284.22548555,0.5274
1624880430336000,0,1729.51651771,0.5279
1624880435435000,1,11923.66274000,0.5278
1624880454467000,1,1100.00000000,0.5279
1624880455503000,1,0.00000809,0.5278
1624880455503000,1,94.99999191,0.5277
1624880478302000,1,98.32299700,0.5278
1624880517643000,1,65.68400000,0.5281
1624880532831000,0,58.80841200,0.5285
1624880538893000,1,406.21014800,0.5291
1624880546037000,1,681.00000000,0.5291
1624880551674000,0,9420.08409661,0.5295
1624880596601000,1,115.63190000,0.5286
1624880612601000,0,7551.88000000,0.5288
1624880612607000,0,1448.12000000,0.5288
1624880712672000,1,11907.07594000,0.5285
1624880717661000,1,0.00000544,0.5285
1624880717830000,1,11914.87580000,0.5281
1624880720920000,1,0.00000560,0.5281
1624880769015000,1,67.70000000,0.5276
1624880779536000,0,249.88572200,0.5283
1624880779724000,0,609.47737300,0.5283
1624880790323000,1,103.11653000,0.5279
1624880816438000,1,11925.76593000,0.5278
1624880831304000,1,0.00000436,0.5278
1624880831304000,1,720.32999564,0.5274
1624880839559000,0,183.43000000,0.5280
1624880967424000,0,385.02923234,0.5278
1624880982937000,1,142.59701000,0.5275
1624880993321000,0,11691.07389261,0.5281
1624881000148000,0,183.35000000,0.5282
1624881044632000,1,11924.42838000,0.5278
1624881054497000,1,200.00000000,0.5274
1624881054497000,1,130.00000000,0.5274
1624881059452000,1,13500.00000000,0.5274
1624881059608000,1,2279.27308000,0.5274
1624881064995000,1,47.81736400,0.5268
1624881065611000,0,47.16383216,0.5274
1624881094628000,0,353.94865990,0.5274
1624881095619000,0,354.00613273,0.5274
1624881127582000,0,11943.06239136,0.5274
1624881132580000,0,11706.79336848,0.5274
1624881132919000,0,238.91415038,0.5274
1624881187396000,1,192.70526200,0.5270
1624881189467000,0,300.00000001,0.5276
1624881198860000,1,202.81255000,0.5270
1624881240252000,0,140.83037763,0.5276
1624881254650000,1,11949.41023959,0.5268
1624881254650000,1,2016.58976041,0.5267
1624881330940000,1,78.53114000,0.5269
1624881391717000,1,79.44710900,0.5262
1624881407641000,1,15946.22508441,0.5262
1624881407641000,1,1342.00000000,0.5261
1624881407641000,1,7711.77491559,0.5261
1624881498456000,0,275.92000000,0.5268
1624881573117000,0,270.13556585,0.5265
1624881573246000,0,188.95987314,0.5266
1624881616692000,0,70.00000000,0.5272
1624881624503000,1,874.54415700,0.5265
1624881644635000,1,11947.56849000,0.5268
1624881670388000,1,1000.00000000,0.5265
1624881671067000,1,213.00000000,0.5264
1624881678795000,0,189.07477292,0.5263
1624881717920000,1,62.76470700,0.5238
1624881720283000,0,500.00000000,0.5251
1624881720283000,0,81.99884722,0.5255
1624881739216000,1,3800.00000000,0.5246
1624881753078000,1,301.86758182,0.5254
1624881781929000,0,55.29000000,0.5255
1624881840245000,1,300.00000000,0.5245
1624881863978000,0,6540.94920800,0.5262
1624881921810000,1,4742.62710000,0.5276
1624881925153000,0,622.01320000,0.5279
1624881926639000,0,193.99760000,0.5279
1624881927283000,1,56000.00000000,0.5276
1624881933896000,0,1015.86200000,0.5277
1624881948139000,0,0.00004700,0.5279
1624881948139000,0,0.00008500,0.5279
1624881956389000,0,232.00005000,0.5286
1624881960274000,1,300.00000000,0.5278
1624881973330000,0,328.63200000,0.5286
1624881987795000,0,121.11780899,0.5289
1624881987847000,0,0.00000001,0.5289
1624881992531000,0,82.15836100,0.5291
1624882018820000,1,9000.00000000,0.5303
1624882054077000,0,1427.69216700,0.5315
1624882059581000,1,819.45506700,0.5309
1624882060210000,1,819.45506700,0.5309
1624882080239000,1,58.03110216,0.5305
1624882089103000,1,5600.15590000,0.5306
1624882134799000,0,219.34754500,0.5306
1624882182485000,0,56.32818984,0.5301
1624882200267000,1,215.54143879,0.5299
1624882226032000,1,11881.80024000,0.5300
1624882236600000,0,136.49086500,0.5303
1624882242961000,0,43.07992600,0.5302
1624882258730000,1,0.00000891,0.5300
1624882263598000,1,162.00000000,0.5298
1624882322851000,0,93.89861090,0.5298
1624882324700000,1,1218.19200000,0.5295
1624882326426000,1,300.00000000,0.5296
1624882365338000,0,11885.04903361,0.5303
1624882365338000,0,8448.79870000,0.5303
1624882365338000,0,12680.36150000,0.5303
1624882365338000,0,4617.55707984,0.5304
1624882382195000,1,83.00000000,0.5298
1624882409690000,0,11890.95951976,0.5299
1624882492295000,0,111.08981392,0.5304
1624882567748000,0,11884.26569000,0.5301
1624882590902000,0,1870.68760100,0.5308
1624882660175000,1,830.28008700,0.5321
1624882660623000,0,99.63644000,0.5329
1624882680260000,0,79.60462642,0.5329
1624882717169000,1,396.22140000,0.5325
1624882751757000,1,4694.72954000,0.5320
1624882751863000,1,0.00000613,0.5320
1624882783187000,0,886.47778400,0.5319
1624882816737000,0,186.71684900,0.5314
1624882841735000,0,54.73000000,0.5308
1624882952968000,0,187.20636500,0.5303
1624882959520000,0,1004.14183140,0.5306
1624882972936000,1,11875.20691000,0.5300
1624882975877000,0,1166.84012100,0.5302
1624882985567000,1,0.00000777,0.5300
1624882985567000,1,11878.53059025,0.5298
1624882985567000,1,1228.17630198,0.5297
1624882985602000,1,1360.56214262,0.5297
1624882985865000,1,1886.78550000,0.5295
1624882986230000,0,365.25000000,0.5297
1624882995712000,1,1888.46026000,0.5292
1624882996066000,1,0.00000357,0.5292
1624883001209000,1,9000.00000000,0.5289
1624883001209000,1,4843.15479281,0.5289
1624883086834000,0,1889.75802626,0.5295
1624883132239000,0,9000.00000000,0.5293
1624883132239000,0,11906.83327356,0.5293
1624883132239000,0,2041.90275244,0.5293
1624883133246000,0,13170.43040000,0.5295
1624883133246000,0,11905.81477300,0.5295
1624883151248000,0,5158.76740100,0.5295
1624883151355000,1,40.00000000,0.5292
1624883160261000,1,226.11127967,0.5284
1624883163541000,0,11910.48970000,0.5290
1624883187893000,0,206.21836100,0.5290
1624883221571000,0,187.54949300,0.5291
1624883229651000,0,54.91000000,0.5290
1624883253356000,1,405.51000000,0.5284
1624883264902000,1,1572.62576100,0.5287
1624883294049000,0,303.97899000,0.5283
1624883340778000,0,11940.21882000,0.5274
1624883340823000,0,0.00000559,0.5274
1624883355693000,0,11942.48431000,0.5274
1624883355718000,0,0.00000248,0.5274
1624883373248000,0,447.04828400,0.5274
1624883400291000,0,93.84775808,0.5280
1624883454263000,0,567.91579526,0.5269
1624883456273000,1,149.12000000,0.5265
1624883456423000,0,56.49328900,0.5269
1624883553833000,0,71.60000000,0.5266
1624883567788000,0,2823.64659700,0.5274
1624883600635000,0,61.49195400,0.5270
1624883641134000,1,557.50998300,0.5261
1624883645293000,0,11959.67490000,0.5266
1624883663379000,0,583.56791300,0.5271
1624883681635000,1,131.41820000,0.5264
1624883686493000,0,376.62907300,0.5269
1624883693599000,0,282.58439400,0.5272
1624883709754000,0,2138.87021821,0.5271
1624883730746000,0,75.52094900,0.5274
1624883753032000,0,101.63392900,0.5273
1624883755690000,0,226.45082309,0.5273
1624883770145000,1,2000.00000000,0.5270
1624883795490000,0,11932.45888920,0.5275
1624883797271000,0,11928.84331781,0.5277
1624883797302000,0,0.00000001,0.5277
1624883816508000,1,51.35294200,0.5274
1624883818869000,1,71.60000000,0.5274
1624883818892000,1,1823.09354378,0.5274
1624883827841000,0,4383.25094804,0.5274
1624883837092000,0,7193.83365910,0.5273
1624883838084000,0,4742.46686000,0.5273
1624883907936000,0,11940.12978749,0.5271
1624883962902000,0,0.00000239,0.5273
1624883962902000,0,208.24310361,0.5273
1624883987079000,1,678.00000000,0.5271
