timestamp ms,type,amount,price
1628468029777000,1,3778.43386000,0.9999
1628468036130000,1,600.00000000,0.9999
1628468036130000,1,290.78742000,0.9999
1628468643519000,1,175.46617000,0.9998
1628468643519000,1,253.72006000,0.9998
1628469411275000,0,249.62554000,1.0015
1628469531384000,0,4.09452000,1.0015
1628469531384000,0,245.52604000,1.0015
1628508353007000,0,239.05970000,1.0014
1628509097871000,0,175.46617000,1.0013
1628509097871000,0,69.19789000,1.0013
1628510165385000,0,324.26871000,1.0013
1628510203432000,0,203.92674000,1.0013
1628514387978000,1,599.95256000,0.9999
1628514395402000,1,0.04744000,0.9999
1628514395402000,1,599.92256000,0.9999
1628518357530000,1,439.38522000,0.9999
1628518586467000,1,160.61478000,0.9999
1628519719473000,1,175.72785000,0.9999
1628519719473000,1,600.00000000,0.9998
1628519719473000,1,9735.06084000,0.9998
1628519731440000,1,600.00000000,0.9998
1628519731440000,1,264.93916000,0.9998
1628519731440000,1,7018.15236000,0.9998
1628519744582000,1,1071.51000000,0.9998
1628519744582000,1,538.73203000,0.9998
1628519744582000,1,4302.07661000,0.9994
1628520833767000,1,600.00000000,0.9998
1628520833767000,1,8268.47796000,0.9998
1628526535353000,1,600.00000000,0.9994
1628526535353000,1,1617.11949000,0.9994
1628526563247000,1,600.00000000,0.9994
1628526563247000,1,3.12100000,0.9994
1628526563247000,1,2722.55823000,0.9851
1628526587476000,1,549.47320000,0.9983
1628526587476000,1,1495.93626000,0.9983
1628526587476000,1,1280.26978000,0.9982
1628532259595000,0,175.72785000,1.0001
1628532379670000,0,249.94248000,1.0002
1628532499647000,0,249.94248000,1.0002
1628532859781000,0,249.94248000,1.0002
1628533399932000,0,169.47339000,1.0002
1628535200760000,0,249.95500000,1.0001
1628535346221000,1,250.03000000,0.9994
1628535346221000,1,600.00000000,0.9994
1628535346221000,1,35.75252000,0.9994
1628535346221000,1,178.14551000,0.9866
1628535346221000,1,24477.95197000,0.9866
1628535589243000,1,600.00000000,0.9994
1628535589243000,1,669.51000000,0.9993
1628535589243000,1,7180.47647000,0.9993
1628535589243000,1,4320.95353000,0.9992
1628535592759000,1,600.00000000,0.9993
1628535592759000,1,2592.73500000,0.9992
1628535600695000,1,600.00000000,0.9992
1628535600695000,1,1794.55125000,0.9992
1628535605864000,1,1795.91343000,0.9992
1628535610864000,1,1346.93508000,0.9992
1628535615115000,1,1010.20131000,0.9992
1628535623518000,1,3030.60393000,0.9992
1628536730302000,1,465.00000000,0.9993
1628537661187000,1,135.00000000,0.9993
1628537781193000,1,250.16761000,0.9993
1628537901290000,1,250.17011000,0.9993
1628538021361000,1,250.17011000,0.9993
1628538141407000,1,250.17011000,0.9993
1628538381437000,1,250.17011000,0.9993
1628538501488000,1,250.17011000,0.9993
1628538621521000,1,124.97751000,0.9993
1628538741615000,1,250.17011000,0.9993
1628539101768000,1,124.85385000,0.9993
1628539521837000,1,120.07376000,0.9993
1628541202255000,1,125.31627000,0.9993
1628543903114000,1,175.79483000,0.9994
1628543975100000,1,148.96822000,0.9994
1628543975112000,1,275.23695000,0.9994
1628544073481000,0,107.94868000,0.9997
1628544074552000,0,10.69513000,0.9997
1628544074552000,0,89.30487000,0.9997
1628544076142000,0,104.11669000,0.9997
1628544077235000,0,105.95550000,0.9997
1628544078333000,0,42.13263000,0.9997
1628544078333000,0,57.86737000,0.9997
1628544392553000,0,157.61005000,0.9994
1628545163987000,1,250.16010000,0.9993
1628545284084000,1,149.87999000,0.9993
