timestamp ms,type,amount,price
1628726508092000,0,101.92000000,0.3367
1628726510089000,0,1337.00000000,0.3366
1628726523751000,0,932.00000000,0.3370
1628726523838000,0,1606.51070000,0.3370
1628726543756000,0,1317.55830000,0.3377
1628726543956000,0,0.00009645,0.3377
1628726543956000,0,1317.51920355,0.3378
1628726543974000,0,0.00018534,0.3378
1628726543974000,0,8563.81401466,0.3378
1628726579452000,0,149.55131264,0.3394
1628726580819000,1,4900.00000000,0.3388
1628726591039000,0,1227.00000000,0.3393
1628726610892000,0,999.99999999,0.3400
1628726610914000,0,0.00000001,0.3400
1628726620317000,0,73.87600000,0.3405
1628726626113000,0,0.00008000,0.3405
1628726647573000,0,88.38450485,0.3410
1628726647573000,0,1321.99999515,0.3410
1628726647783000,0,0.00000485,0.3410
1628726656443000,0,1053.94027648,0.3416
1628726689544000,1,846.69690000,0.3410
1628726708731000,1,506.73000000,0.3395
1628726755501000,0,2150.00000000,0.3386
1628726755843000,0,744.00000000,0.3386
1628726792121000,0,1156.00000000,0.3397
1628726793371000,0,1179.00000000,0.3397
1628726817427000,0,28672.75187000,0.3410
1628726821738000,0,0.00000969,0.3410
1628726821738000,0,1971.20654700,0.3413
1628726821738000,0,3000.00000000,0.3413
1628726821738000,0,4927.45170189,0.3413
1628726821738000,0,25251.17462250,0.3413
1628726821738000,0,11792.35802699,0.3415
1628726821738000,0,14667.03042518,0.3415
1628726821818000,0,1971.01682714,0.3415
1628726821818000,0,2928.98317286,0.3415
1628726821824000,0,1998.46852903,0.3415
1628726822841000,1,932.00000000,0.3414
1628726845420000,1,2000.00000000,0.3410
1628726889587000,0,598.37915470,0.3411
1628726896252000,0,733.00000000,0.3411
1628726896562000,0,733.00000000,0.3411
1628726897005000,0,1085.00000000,0.3411
1628726979097000,0,1011.00000000,0.3410
1628727031053000,0,104.00000000,0.3419
1628727070182000,0,3044.00000000,0.3427
1628727074262000,1,729.00000000,0.3427
1628727123109000,1,12000.00000000,0.3429
1628727149772000,0,87.86915833,0.3430
1628727149772000,0,1078.99999167,0.3430
1628727151680000,0,0.00000833,0.3430
1628727187660000,0,706.00000000,0.3433
1628727204897000,1,57.95540548,0.3435
1628727256710000,0,1275.00000000,0.3444
1628727258262000,0,71.55933493,0.3445
1628727263317000,0,1.46039459,0.3445
1628727263317000,0,1257.53960541,0.3445
1628727318933000,0,3000.00000000,0.3438
1628727319133000,0,5172.50958000,0.3438
1628727319208000,0,4550.04617000,0.3438
1628727319393000,0,0.00000958,0.3438
1628727330302000,1,2550.04617000,0.3429
1628727330570000,1,626.63264607,0.3428
1628727335603000,0,1485.90579011,0.3429
1628727376861000,1,4900.00000000,0.3421
1628727376861000,1,500.00000000,0.3419
1628727376861000,1,73963.28710550,0.3419
1628727390629000,1,149.55131264,0.3421
1628727417846000,0,1458.00000000,0.3422
1628727421929000,1,649.36992000,0.3422
1628727421979000,1,0.00000582,0.3422
1628727421979000,1,2959.34769266,0.3422
1628727439060000,0,963.00000000,0.3426
1628727500588000,1,728.00000000,0.3433
1628727509852000,1,5066.53587000,0.3432
1628727511094000,1,73.01400000,0.3432
1628727520928000,0,332.00000000,0.3434
1628727533738000,1,4900.00000000,0.3435
1628727533810000,1,4500.00000000,0.3435
1628727555503000,0,3132.00000000,0.3443
1628727557353000,1,726.00000000,0.3441
1628727582625000,0,655.00000000,0.3441
1628727589635000,1,726.00000000,0.3439
1628727624773000,0,3283.00000000,0.3441
1628727634773000,0,2978.00000000,0.3444
1628727673467000,0,475.00000000,0.3444
1628727680922000,0,72.87679025,0.3448
1628727680922000,0,73.02320975,0.3449
1628727680955000,0,0.00293270,0.3449
1628727734816000,0,968.00000000,0.3438
1628727737410000,0,3500.00000000,0.3440
1628727811898000,0,1204.00000000,0.3446
1628727831960000,0,557.00000000,0.3447
1628727855140000,1,13000.00000000,0.3445
1628727856062000,1,658.52512361,0.3443
1628727870733000,0,1342.00000000,0.3445
1628727893333000,0,73.00400000,0.3450
1628727893333000,0,87.35600000,0.3450
1628727893342000,0,0.00378667,0.3450
1628727896009000,0,72.96410000,0.3452
1628727912501000,0,3253.00000000,0.3448
1628727922732000,1,4342.00000000,0.3446
1628727922978000,1,649.26334000,0.3445
1628728018870000,0,988.92980343,0.3439
1628728018938000,1,2869.00000000,0.3438
1628728047667000,0,2650.00000000,0.3440
1628728048947000,0,981.00000000,0.3440
1628728053746000,0,5175.74600000,0.3444
1628728073806000,0,725.00000000,0.3449
1628728073903000,0,14730.97000000,0.3449
1628728081324000,1,613.70559000,0.3446
1628728105940000,0,1550.00000000,0.3444
1628728159599000,0,3605.00000000,0.3445
1628728169413000,0,3000.00000000,0.3446
1628728169464000,1,675.95000000,0.3446
1628728169465000,1,8598.03107000,0.3446
1628728169498000,1,4900.00000000,0.3446
1628728169514000,1,19600.00000000,0.3446
1628728169644000,1,2240.80000000,0.3446
1628728169768000,1,0.00633386,0.3446
1628728201416000,1,3000.00000000,0.3440
1628728201416000,1,1900.00000000,0.3440
1628728201602000,1,500.00000000,0.3440
1628728230968000,0,1042.00000000,0.3434
1628728235383000,1,575.18000000,0.3432
1628728250004000,1,0.00824112,0.3432
1628728305039000,0,3103.00000000,0.3413
1628728308767000,0,2320.81340000,0.3419
1628728308788000,0,0.00001225,0.3419
1628728318913000,1,4900.00000000,0.3415
1628728318913000,1,730.00000000,0.3415
1628728318913000,1,20824.42903510,0.3415
1628728321213000,1,4900.00000000,0.3415
1628728336324000,1,73.16536000,0.3409
1628728337862000,1,0.00000634,0.3409
1628728348083000,0,2223.36050000,0.3407
1628728348724000,0,1878.00000000,0.3408
1628728378487000,0,484.00000000,0.3406
1628728398849000,1,88.23269000,0.3400
1628728398998000,1,0.00000904,0.3400
1628728399475000,1,73.38707000,0.3399
1628728399973000,1,0.00000304,0.3399
1628728404683000,0,735.00000000,0.3399
1628728407707000,0,675.95000000,0.3400
1628728407717000,0,1907.05000000,0.3400
1628728444094000,0,530.00000000,0.3398
1628728444148000,0,1708.31794075,0.3399
1628728472471000,0,824.00000000,0.3400
1628728490378000,0,719.00000000,0.3408
1628728490512000,0,1256.16710000,0.3409
1628728490614000,0,0.00000759,0.3409
1628728490614000,0,3140.31505241,0.3409
1628728512481000,0,854.51095000,0.3415
1628728513536000,0,2337.30000000,0.3416
1628728514094000,0,47.70000000,0.3416
1628728532950000,0,941.03759582,0.3406
1628728533334000,0,2352.59398955,0.3407
1628728533334000,0,4147.40601045,0.3407
1628728533401000,0,1969.28798000,0.3407
1628728561868000,1,2712.00000000,0.3409
1628728600808000,0,1650.00000000,0.3409
1628728606076000,0,1036.00000000,0.3409
1628728641894000,0,588.00000000,0.3407
1628728709726000,0,1960.00000000,0.3404
1628728711766000,0,2300.00000000,0.3404
1628728725632000,0,1061.25066000,0.3406
1628728771510000,0,513.00000000,0.3413
1628728802387000,1,772.99634955,0.3415
1628728840467000,0,2450.00000000,0.3416
1628728891070000,0,2194.00000000,0.3414
1628728896222000,0,1930.00000000,0.3417
1628728954367000,0,232.00000000,0.3426
1628728956538000,1,6000.00000000,0.3425
1628728956785000,1,825.52567230,0.3424
1628728963312000,0,259.00000000,0.3427
1628728995175000,0,664.00000000,0.3425
1628729006267000,1,729.00000000,0.3424
1628729025056000,0,71.91932860,0.3428
1628729025631000,0,1.46774140,0.3428
1628729054314000,0,1739.00000000,0.3435
1628729057446000,0,71.70205280,0.3435
1628729064373000,1,819.11540000,0.3434
1628729064604000,1,819.11540476,0.3434
1628729064939000,1,819.11540000,0.3433
1628729094737000,0,1.46330720,0.3435
1628729109883000,1,807.75691000,0.3429
1628729110002000,1,0.00000297,0.3429
1628729110002000,1,806.99990703,0.3428
1628729142182000,0,2712.00000000,0.3428
1628729190541000,0,1510.00000000,0.3423
1628729236181000,0,2085.00000000,0.3426
1628729241225000,1,909.37514587,0.3423
1628729241225000,1,2273.43785413,0.3423
1628729285312000,0,1885.00000000,0.3442
1628729305625000,0,857.00000000,0.3446
1628729389098000,0,233.02221769,0.3439
1628729460532000,0,1593.00000000,0.3435
1628729492606000,0,3415.00000000,0.3435
1628729494909000,0,3013.00000000,0.3435
1628729535716000,0,3702.00000000,0.3434
1628729549124000,0,2243.00000000,0.3438
1628729602278000,0,673.00000000,0.3434
1628729699441000,0,1442.00000000,0.3438
1628729742751000,0,1733.00000000,0.3441
1628729770919000,0,2559.00000000,0.3439
1628729787005000,0,178.00000000,0.3440
1628729858059000,0,1619.00000000,0.3441
1628729874204000,0,5000.00000000,0.3445
1628729874286000,0,4000.00000000,0.3445
1628729874379000,0,5500.00000000,0.3445
1628729874462000,0,5000.00000000,0.3445
1628729874528000,0,4000.00000000,0.3445
1628729874668000,0,5000.00000000,0.3445
1628729874717000,0,304733.77643504,0.3445
1628729880169000,1,4082.70669000,0.3445
1628729889516000,0,1774.00000000,0.3447
1628729909511000,0,854.00000000,0.3449
1628729935929000,0,87.35970000,0.3450
1628729951768000,0,1204.00000000,0.3451
1628729953087000,0,72.71958000,0.3452
1628729953087000,0,72.86042000,0.3453
1628729957117000,0,0.00147000,0.3453
1628729973417000,1,1172.14298000,0.3453
1628729973669000,1,1172.14298000,0.3452
1628729975045000,1,10500.00000000,0.3450
1628729998941000,1,1161.37902596,0.3452
1628730027694000,0,3632.00000000,0.3444
1628730027789000,0,3038.00000000,0.3445
1628730037427000,1,2294.60400000,0.3441
1628730046927000,1,1153.98671000,0.3438
1628730071592000,1,4565.56716000,0.3436
1628730071635000,1,93.17484000,0.3436
1628730100639000,0,2752.36906009,0.3434
1628730152887000,1,4505.12333000,0.3431
1628730163868000,0,1257.00000000,0.3433
1628730194760000,0,3066.00000000,0.3435
1628730227226000,1,3566.00000000,0.3430
1628730344650000,0,2417.00000000,0.3427
1628730351412000,1,11017.00000000,0.3426
1628730423689000,0,2020.00000000,0.3423
1628730447394000,0,2369.00000000,0.3427
1628730483700000,0,254.69539107,0.3430
1628730507318000,0,1058.00000000,0.3429
1628730511912000,0,900.00000000,0.3429
1628730554643000,0,1183.00000000,0.3436
1628730580017000,0,952.00000000,0.3438
1628730661463000,0,727.00000000,0.3441
1628730666228000,0,856.00000000,0.3444
1628730691811000,0,747.96312873,0.3443
1628730692401000,0,921.03687000,0.3443
1628730702587000,0,0.00000127,0.3443
1628730731987000,1,12500.00000000,0.3441
1628730759491000,0,3308.00000000,0.3444
1628730778738000,0,1515.00000000,0.3446
1628730816186000,0,646.00000000,0.3452
1628730843293000,0,2984.00000000,0.3453
1628730850412000,1,6258.03687000,0.3451
1628730906946000,0,160.94338092,0.3453
1628730940579000,0,3210.00000000,0.3448
1628730976760000,0,403.00000000,0.3453
1628731050755000,0,525.00000000,0.3458
1628731071607000,1,6710.00000000,0.3457
1628731071664000,1,4500.00000000,0.3457
1628731071716000,1,1455.83800000,0.3457
1628731071716000,1,3366.86800000,0.3457
1628731089079000,0,1127.00000000,0.3461
1628731096572000,0,1084.00000000,0.3466
1628731149384000,1,1129.61128000,0.3463
1628731190946000,0,635.00000000,0.3461
1628731191176000,0,722.00000000,0.3462
1628731224749000,0,2059.00000000,0.3463
1628731234776000,0,71.13428000,0.3466
1628731235533000,0,1.45172000,0.3466
1628731236308000,0,72.53100000,0.3468
1628731292434000,0,1969.00000000,0.3468
1628731295061000,0,86.85620000,0.3470
1628731295572000,0,0.00008656,0.3470
1628731302954000,0,72.32531000,0.3475
1628731302954000,0,413.11193000,0.3475
1628731303110000,0,72.32531929,0.3475
1628731328556000,1,1108.31254000,0.3476
1628731356047000,0,1428.00000000,0.3480
1628731420475000,1,4900.00000000,0.3474
1628731420475000,1,85811.01000000,0.3474
1628731426236000,0,330.00000000,0.3477
1628731484820000,0,726.00000000,0.3484
1628731487204000,0,662.00000000,0.3484
1628731535827000,0,1093.00000000,0.3473
1628731622817000,0,1528.00000000,0.3472
1628731625364000,0,1277.00000000,0.3472
1628731646500000,0,1161.00000000,0.3474
1628731709145000,0,1725.00000000,0.3475
1628731752341000,0,3087.00000000,0.3480
1628731784939000,1,10000.00000000,0.3475
1628731784991000,1,2500.00000000,0.3475
1628731835488000,0,2549.00000000,0.3477
1628731839439000,0,1174.00000000,0.3478
1628731870372000,0,857.00000000,0.3486
1628731896146000,1,5000.00000000,0.3485
1628731931376000,0,3000.00000000,0.3480
1628731931376000,0,4900.00000000,0.3481
1628731931376000,0,1428.00000000,0.3481
1628731931427000,1,675.95000000,0.3481
1628731931431000,1,9000.00000000,0.3481
1628731931487000,1,19600.00000000,0.3481
1628731938903000,1,14.07981987,0.3481
1628731948644000,0,502.00000000,0.3482
1628731963103000,0,86.35850000,0.3490
1628731963366000,0,0.00005706,0.3490
1628731988616000,0,1355.00000000,0.3489
1628731988733000,0,1522.57207000,0.3489
1628731988806000,0,0.00000542,0.3489
1628731988806000,0,1354.99999458,0.3489
1628731988915000,0,0.00000542,0.3489
1628731989916000,0,716.00000000,0.3493
1628731991013000,0,483.01006000,0.3493
1628731991021000,0,0.00000305,0.3493
1628732001314000,1,4900.00000000,0.3492
1628732050929000,0,2402.00000000,0.3493
1628732149910000,0,1022.00000000,0.3485
1628732158782000,0,1234.00000000,0.3485
1628732251442000,0,2299.00000000,0.3484
1628732258348000,0,911.00000000,0.3485
1628732269731000,1,1142.99181081,0.3479
1628732269731000,1,1142.94586508,0.3479
1628732295141000,0,2364.00000000,0.3482
1628732295307000,0,718.00000000,0.3482
1628732382578000,0,1249.50000000,0.3487
1628732419250000,1,14341.52519000,0.3484
1628732425332000,1,0.00000916,0.3484
1628732431560000,0,2965.00000000,0.3484
1628732477159000,0,1600.00000000,0.3485
1628732594682000,1,2889.88583000,0.3477
1628732594756000,1,0.00000095,0.3477
1628732612387000,0,2015.00000000,0.3476
1628732655583000,0,4281.00000000,0.3476
1628732747464000,0,2519.00000000,0.3474
1628732747549000,0,675.95000000,0.3475
1628732747558000,0,43.05000000,0.3475
1628732819387000,0,537.13800000,0.3471
1628732880982000,0,1307.00000000,0.3470
1628732881705000,1,4900.00000000,0.3470
1628732881705000,1,3000.00000000,0.3469
1628732881705000,1,720.00000000,0.3468
1628732881705000,1,242.50211982,0.3468
1628732881705000,1,2906.58437400,0.3467
1628732881705000,1,243.46634718,0.3467
1628732881705000,1,3000.22600000,0.3467
1628732881791000,0,23068.11297887,0.3467
1628732882717000,0,1407.00000000,0.3469
1628732897848000,0,2069.76000000,0.3471
1628732990389000,0,202.00000000,0.3482
1628733035133000,0,1330.00000000,0.3478
1628733086955000,0,1562.00000000,0.3482
1628733124879000,0,2342.00000000,0.3480
1628733175842000,0,124151.71000000,0.3487
1628733195919000,0,1627.00000000,0.3490
1628733218737000,0,299.00000000,0.3487
1628733225056000,0,1053.00000000,0.3493
1628733263206000,0,715.00000000,0.3497
1628733263670000,0,776.00000000,0.3498
1628733275245000,0,3000.00000000,0.3500
1628733275345000,0,19600.00000000,0.3500
1628733275378000,0,19600.00000000,0.3500
1628733275400000,0,5800.00000000,0.3500
1628733309095000,0,540.17180490,0.3500
1628733367358000,0,1103.00000000,0.3494
1628733384748000,1,3000.00000000,0.3493
1628733384748000,1,14303.12683162,0.3493
1628733420634000,0,551.00000000,0.3496
1628733458808000,1,1072.85480000,0.3494
1628733458820000,1,0.00003834,0.3494
1628733458820000,1,3295.99996166,0.3494
1628733459188000,1,3175.00000000,0.3493
1628733459188000,1,1072.85480000,0.3493
1628733459200000,1,0.00003834,0.3493
1628733459200000,1,2827.12019698,0.3493
1628733459435000,1,3089.00000000,0.3493
1628733461263000,0,4556.02147000,0.3496
1628733469635000,0,4900.00000000,0.3497
1628733469635000,0,1202.00000000,0.3497
1628733501701000,1,1061.92640000,0.3494
1628733501734000,1,0.00009532,0.3494
1628733501734000,1,2765.99990468,0.3494
1628733501990000,1,2360.00000000,0.3494
1628733502073000,1,1062.34199507,0.3493
1628733502073000,1,1826.74410493,0.3493
1628733502310000,1,1062.34200000,0.3493
1628733515322000,0,2754.00000000,0.3496
1628733557869000,0,678.00000000,0.3503
1628733595987000,0,4900.00000000,0.3509
1628733596053000,1,675.95000000,0.3510
1628733596113000,1,19254.00000000,0.3510
1628733596139000,1,13221.56143907,0.3510
1628733632102000,0,1170.00000000,0.3504
1628733662611000,1,117.56018312,0.3498
1628733663016000,1,117.79678573,0.3498
1628733691286000,0,1399.00000000,0.3497
1628733774533000,0,1333.00000000,0.3492
1628733783593000,1,715.00000000,0.3490
1628733805420000,0,1619.00000000,0.3491
1628733856914000,0,1489.00000000,0.3496
1628733864245000,0,714.00000000,0.3498
1628734001476000,0,2104.00000000,0.3490
1628734045527000,0,1397.00000000,0.3499
1628734099748000,0,675.95000000,0.3498
1628734099761000,0,609.05000000,0.3498
1628734181864000,1,1012.00000000,0.3503
1628734222601000,1,713.00000000,0.3501
1628734240046000,1,714.00000000,0.3499
1628734240105000,1,12000.00000000,0.3499
1628734242717000,0,1271.00000000,0.3501
1628734277297000,0,1502.00000000,0.3508
1628734298400000,0,1933.00000000,0.3508
1628734365962000,0,85.86640000,0.3510
1628734366119000,0,0.00009953,0.3510
1628734366119000,0,480.59501273,0.3510
1628734366119000,0,711.99989774,0.3510
1628734366454000,0,3051.00000000,0.3510
1628734369775000,0,1830.00000000,0.3513
1628734434835000,0,557.00000000,0.3516
1628734455247000,0,3164.00000000,0.3518
1628734504710000,1,1019.48129000,0.3517
1628734519970000,0,705.00000000,0.3517
1628734614424000,0,1263.00000000,0.3515
1628734637623000,0,1702.00000000,0.3517
1628734808367000,0,1924.00000000,0.3496
1628734846584000,0,2026.00000000,0.3499
1628734850393000,0,1145.00000000,0.3499
1628734881369000,0,1716.00000000,0.3503
1628734936592000,0,1472.00000000,0.3505
1628734939503000,0,1371.00000000,0.3505
1628735000590000,0,2540.16000000,0.3507
1628735000797000,0,51.84000000,0.3507
1628735029883000,0,862.00000000,0.3506
1628735053734000,0,1988.00000000,0.3509
1628735078245000,0,1345.35544106,0.3513
1628735128742000,0,2927.00000000,0.3512
1628735184869000,0,1157.00000000,0.3519
1628735193768000,0,809.00000000,0.3521
1628735220395000,1,1082.92953000,0.3516
1628735252034000,0,1909.00000000,0.3520
1628735294738000,0,478.19000000,0.3528
1628735298638000,1,1025.55265142,0.3524
1628735314005000,0,1210.00000000,0.3528
1628735314023000,0,0.00203767,0.3528
1628735315899000,0,844.46000000,0.3529
1628735322679000,1,4900.00000000,0.3527
1628735406322000,0,1496.00000000,0.3518
1628735449708000,1,1500.00000000,0.3512
1628735449770000,1,1500.00000000,0.3511
1628735464126000,0,2144.00000000,0.3514
1628735478539000,1,4500.00000000,0.3513
1628735481964000,0,430.76583740,0.3514
1628735531786000,1,3855.63154000,0.3513
1628735557127000,0,1138.27146884,0.3510
1628735557309000,0,1074.72853000,0.3510
1628735566133000,1,1074.72853000,0.3507
1628735632697000,0,883.96000000,0.3501
1628735643414000,0,18.04000000,0.3501
1628735663186000,0,1146.00000000,0.3504
1628735715412000,0,3189.00000000,0.3501
1628735796767000,0,1013.00000000,0.3505
1628735796767000,0,2120.39053271,0.3505
1628735863592000,0,2196.00000000,0.3503
1628735888300000,0,714.00000000,0.3504
1628735888547000,0,1116.00000000,0.3504
1628735891395000,0,2315.00000000,0.3504
1628735954107000,0,2194.00000000,0.3510
1628736023715000,0,70.91313891,0.3508
1628736031216000,0,1430.37822736,0.3508
1628736031457000,0,418.62177264,0.3508
1628736049744000,0,1766.00000000,0.3514
1628736094327000,0,2376.50000000,0.3515
1628736119547000,1,1056.43185000,0.3512
1628736153892000,0,2495.00000000,0.3514
1628736158916000,0,797.00000000,0.3514
1628736252972000,0,1408.26000000,0.3512
1628736252981000,0,28.74000000,0.3512
1628736279175000,0,927.00000000,0.3508
1628736288099000,0,64.80853245,0.3511
1628736356541000,1,713.00000000,0.3501
1628736419385000,0,4911.00000000,0.3498
1628736559738000,0,1749.00000000,0.3494
1628736610852000,0,2177.00000000,0.3497
1628736628576000,1,6283.56815000,0.3496
1628736688124000,0,2264.00000000,0.3501
1628736697561000,0,3739.00000000,0.3501
1628736726788000,0,1761.00000000,0.3505
1628736866740000,0,3022.00000000,0.3501
1628736880921000,0,2251.39952030,0.3502
1628736985077000,0,2151.00000000,0.3501
1628736985226000,0,370.10660437,0.3502
1628737027505000,0,1518.00000000,0.3503
1628737057100000,0,3875.00000000,0.3505
1628737130038000,0,1244.60000000,0.3504
1628737130055000,0,25.40000000,0.3504
1628737140480000,1,1059.48614457,0.3500
1628737140480000,1,840.51385543,0.3500
1628737140524000,1,1808.20704143,0.3500
1628737151798000,0,1273.00000000,0.3503
1628737177653000,0,1032.00000000,0.3503
1628737248101000,0,1193.00000000,0.3494
1628737347064000,1,2533.00000000,0.3482
1628737350117000,1,318.16626506,0.3478
1628737367079000,0,717.00000000,0.3484
1628737381651000,0,2284.00000000,0.3485
1628737505863000,0,1668.00000000,0.3479
1628737542959000,0,287.00000000,0.3485
1628737554783000,0,243.00000000,0.3485
1628737617342000,0,1348.00000000,0.3487
1628737639965000,0,1147.00000000,0.3485
1628737742889000,0,2440.00000000,0.3487
1628737744962000,1,1787.00000000,0.3487
1628737754369000,1,4220.77000000,0.3485
1628737754417000,1,0.00700000,0.3485
1628737755053000,1,12012.98000000,0.3484
1628737837345000,0,1530.00000000,0.3486
1628737905697000,0,2959.00000000,0.3486
1628737931769000,0,1487.00000000,0.3489
1628737962011000,0,777.00000000,0.3490
1628737962877000,0,716.00000000,0.3491
1628737962877000,0,724.20013287,0.3491
1628737962877000,0,718.82051853,0.3491
1628737962917000,0,867.39152102,0.3491
1628737990752000,1,715.00000000,0.3491
1628737990890000,1,2981.29500000,0.3491
1628738002185000,1,1047.48200000,0.3486
1628738023153000,0,1153.00000000,0.3488
1628738111787000,0,1488.00000000,0.3487
1628738181859000,0,2965.00000000,0.3491
1628738186498000,0,3039.00000000,0.3491
1628738280485000,0,1929.00000000,0.3484
1628738304445000,1,500.00000000,0.3474
1628738304696000,1,1038.10109431,0.3474
1628738319232000,1,71.89700000,0.3469
1628738319383000,1,0.00096800,0.3469
1628738328653000,0,2262.00000000,0.3471
1628738369133000,1,1123.91145000,0.3463
1628738394383000,1,1079.36464000,0.3462
1628738419667000,0,5359.62000000,0.3467
1628738419685000,0,109.38000000,0.3467
1628738491783000,0,2790.00000000,0.3472
1628738503886000,0,720.00000000,0.3473
1628738503886000,0,3000.00000000,0.3474
1628738503886000,0,26449.95017589,0.3474
1628738503886000,0,14403.21959841,0.3474
1628738503886000,0,3000.22600000,0.3475
1628738503886000,0,4337.77079949,0.3475
1628738511690000,1,1072.48808000,0.3469
1628738511811000,1,2681.16479000,0.3468
1628738513732000,0,350.00000000,0.3471
1628738581799000,0,2209.00000000,0.3471
1628738641626000,0,1023.00000000,0.3472
1628738702612000,0,1816.00000000,0.3472
1628738705243000,1,5000.00000000,0.3470
1628738705292000,1,588.58904000,0.3470
1628738705718000,1,324451.35332311,0.3470
1628738722763000,1,4900.00000000,0.3468
1628738762638000,0,1334.00000000,0.3470
1628738795235000,0,375.00000000,0.3474
1628738827696000,0,1422.00000000,0.3474
1628738848150000,0,1471.00000000,0.3476
1628738917654000,1,3000.00000000,0.3476
1628738917654000,1,14376.40100611,0.3476
1628738949773000,0,1764.00000000,0.3472
1628738976153000,1,330.99999960,0.3469
1628739008340000,0,1958.00000000,0.3474
1628739164991000,0,2223.00000000,0.3475
1628739220118000,1,943.98130000,0.3471
1628739228488000,1,0.00009350,0.3471
1628739228488000,1,2872.05814489,0.3467
1628739228488000,1,940.23284833,0.3467
1628739228488000,1,14405.98570121,0.3467
1628739228488000,1,940.12987682,0.3466
1628739228488000,1,32752.75990905,0.3466
1628739234916000,0,132.00000000,0.3471
1628739286729000,0,2662.00000000,0.3474
1628739310789000,0,2733.00000000,0.3480
1628739402770000,0,2277.52000000,0.3484
1628739403206000,0,46.48000000,0.3484
1628739419982000,0,121.52000000,0.3484
1628739420070000,0,2.48000000,0.3484
1628739475024000,1,9800.00000000,0.3479
1628739482295000,0,2293.00000000,0.3483
1628739564247000,0,3516.00000000,0.3474
1628739625937000,0,1087.00000000,0.3476
1628739663043000,0,469.00000000,0.3474
1628739675626000,1,4900.00000000,0.3472
1628739691246000,0,4900.00000000,0.3473
1628739698149000,0,2799.00000000,0.3473
1628739722751000,1,2923.70195354,0.3471
1628739722751000,1,14396.49659907,0.3471
1628739722751000,1,4899.99999999,0.3471
1628739764136000,0,1476.00000000,0.3469
1628739768031000,0,221.66342381,0.3474
1628739768073000,0,398.50999883,0.3474
1628739768090000,0,150.27090000,0.3474
1628739768103000,0,834.82546390,0.3474
1628739768112000,0,2382.94781308,0.3474
1628739768118000,0,489.07536895,0.3474
1628739768175000,0,644.60000000,0.3474
1628739768195000,0,800.00000000,0.3474
1628739791730000,0,2143.00000000,0.3476
1628739810666000,0,802.00000000,0.3475
1628739927036000,0,2305.00000000,0.3478
1628739988122000,0,2003.00000000,0.3478
1628740032750000,0,71.89700000,0.3479
1628740062674000,0,551.00000000,0.3479
1628740079185000,1,500.00000000,0.3481
1628740080372000,1,573.28000000,0.3481
1628740089644000,0,1846.00000000,0.3482
1628740109856000,0,1115.00000000,0.3486
1628740117586000,0,171.67397347,0.3486
1628740185733000,0,1371.00000000,0.3478
1628740258975000,0,2223.00000000,0.3475
1628740272399000,1,1119.09710000,0.3472
1628740359254000,1,1075.13968254,0.3461
1628740359254000,1,1075.19553685,0.3460
1628740359259000,1,86.70269645,0.3460
1628740359535000,0,3000.00000000,0.3461
1628740359535000,0,1900.00000000,0.3461
1628740359536000,0,3000.00000000,0.3461
1628740359536000,0,1900.00000000,0.3461
1628740359568000,0,4900.00000000,0.3461
1628740365732000,0,3218.00000000,0.3461
1628740388104000,1,14461.58421506,0.3461
1628740388149000,1,542.01878494,0.3461
1628740401342000,1,72.13915960,0.3458
1628740402735000,1,72.15376000,0.3458
1628740402794000,1,3694.25300000,0.3458
1628740402803000,1,221.89224000,0.3458
1628740402849000,1,72.15376605,0.3457
1628740414186000,0,5745.00000000,0.3457
1628740428676000,0,322.00000000,0.3457
1628740461074000,1,72.26454000,0.3452
1628740461125000,1,0.00000995,0.3452
1628740461288000,1,1046.89081958,0.3450
1628740461288000,1,1046.39304559,0.3450
1628740461288000,1,72.30003483,0.3450
1628740468153000,0,136.83356011,0.3454
1628740482503000,1,0.00012168,0.3450
1628740482503000,1,72.35867832,0.3447
1628740482514000,1,0.00020083,0.3447
1628740482543000,1,1037.68660000,0.3446
1628740482701000,1,0.00005805,0.3446
1628740482869000,1,1037.65657075,0.3446
1628740482869000,1,72.39457875,0.3446
1628740483258000,1,72.41349280,0.3445
1628740483258000,1,72.42610765,0.3444
1628740483258000,1,1037.65657075,0.3442
1628740483258000,1,2594.21950877,0.3442
1628740483258000,1,72.46818894,0.3442
1628740483258000,1,2593.19536797,0.3442
1628740483258000,1,725.00000000,0.3441
1628740483258000,1,2934.17692128,0.3441
1628740483258000,1,87.20676725,0.3440
1628740483258000,1,14512.20789438,0.3439
1628740483258000,1,231.23063806,0.3439
1628740483258000,1,277.46897990,0.3437
1628740483258000,1,12841.84100132,0.3437
1628740506369000,0,3322.00000000,0.3450
1628740560218000,0,1421.00000000,0.3456
1628740578026000,0,2581.00000000,0.3460
1628740651243000,0,2873.00000000,0.3456
1628740709774000,0,1119.00000000,0.3456
1628740752936000,1,774.00000000,0.3453
1628740753427000,1,7706.48460000,0.3453
1628740816158000,0,3370.00000000,0.3454
1628740833738000,0,212.00000000,0.3460
1628740876765000,0,1776.00000000,0.3466
1628740880768000,0,159.08000000,0.3464
1628740881015000,0,0.00748260,0.3464
1628740899307000,0,70.96522294,0.3467
1628740901133000,0,1.44826986,0.3467
1628740901133000,0,58.20829726,0.3468
1628740926608000,0,14.25989168,0.3468
1628740933509000,1,720.00000000,0.3465
1628740933730000,1,884.68972000,0.3465
1628740933813000,1,0.00000577,0.3465
1628740945728000,1,827.47931310,0.3463
1628740945728000,1,2069.42652690,0.3463
1628740945781000,1,0.00000369,0.3463
1628740945781000,1,5379.41397999,0.3462
1628740946047000,1,722.00000000,0.3462
1628740952992000,0,1618.00000000,0.3466
1628740976730000,0,527.00000000,0.3468
1628741020790000,0,2278.00000000,0.3466
1628741058336000,0,2987.04000000,0.3466
1628741068481000,0,59.74080000,0.3466
1628741069542000,0,1.21920000,0.3466
1628741097770000,0,3390.34163774,0.3466
1628741097770000,0,500.00000000,0.3466
1628741097770000,0,3390.34163774,0.3466
1628741097770000,0,3000.22600000,0.3467
1628741097770000,0,14436.70454413,0.3467
1628741097770000,0,245.32953769,0.3468
1628741097776000,0,14430.16820746,0.3468
1628741097776000,0,2887.45387453,0.3469
1628741097776000,0,254.85774779,0.3469
1628741097776000,0,357.70430242,0.3470
1628741097776000,0,247.30020121,0.3470
1628741097776000,0,1734.02684212,0.3471
1628741097777000,0,1129.82562869,0.3471
1628741097777000,0,18781.68554684,0.3471
1628741097779000,0,2866.68639008,0.3471
1628741097779000,0,2917.74667357,0.3472
1628741097779000,0,72.42610765,0.3473
1628741097779000,0,2903.61584522,0.3474
1628741097779000,0,72.39457875,0.3475
1628741097779000,0,3568.00000000,0.3476
1628741097779000,0,72.30003483,0.3476
1628741097779000,0,72.35867832,0.3477
1628741097779000,0,72.15376605,0.3479
1628741097779000,0,72.13915960,0.3484
1628741097779000,0,72.26454000,0.3485
1628741097779000,0,58131.00000000,0.3487
1628741097779000,0,86.35855706,0.3490
1628741097794000,1,81862.01000000,0.3491
1628741097809000,1,22036.44509815,0.3491
1628741097856000,0,500.00000000,0.3466
1628741097856000,0,241.28850880,0.3475
1628741097856000,0,252.23384183,0.3477
1628741097856000,0,6367.12764937,0.3485
1628741097904000,0,839.31924552,0.3492
1628741097979000,0,839.31924552,0.3488
1628741098014000,0,2870.07332721,0.3488
1628741099115000,0,4900.00000000,0.3488
1628741099115000,0,2298.98039105,0.3488
1628741099870000,1,91579.61000000,0.3482
1628741102917000,0,4900.00000000,0.3486
1628741107506000,0,4802.00000000,0.3490
1628741114070000,0,3365.16844291,0.3492
1628741116319000,1,3578.00000000,0.3492
1628741122722000,0,1238.00000000,0.3493
1628741159485000,1,866.22440000,0.3494
1628741170319000,1,3575.00000000,0.3495
1628741189992000,1,6631.40444000,0.3496
1628741190151000,1,14297.08094000,0.3495
1628741236175000,1,3568.00000000,0.3496
1628741236304000,1,2015.00000000,0.3497
1628741246938000,0,71.89700000,0.3499
1628741246938000,0,3589.99300000,0.3499
1628741247191000,0,0.00700000,0.3499
1628741289509000,0,5000.00000000,0.3507
1628741290805000,0,85.86649953,0.3510
1628741290951000,0,3512.89900000,0.3513
1628741290952000,0,85.86640000,0.3513
1628741290953000,0,4768.00107946,0.3513
1628741290953000,0,3346.72214572,0.3513
1628741291096000,0,15065.31390000,0.3514
1628741291155000,0,3512.89900000,0.3514
1628741291168000,0,0.00009622,0.3514
1628741291501000,0,1129.37690145,0.3518
1628741291531000,0,2211.27061261,0.3518
1628741297849000,0,1274.00000000,0.3524
1628741338699000,1,3568.00000000,0.3524
1628741403074000,0,718.00000000,0.3524
1628741456145000,0,1158.00000000,0.3528
1628741540245000,0,0.00569099,0.3529
1628741540775000,0,3949.00000000,0.3530
1628741540775000,0,85.21000000,0.3530
1628741540777000,0,0.00005071,0.3530
1628741547740000,1,10689.00000000,0.3529
1628741547761000,1,3000.00000000,0.3529
1628741547761000,1,568.00000000,0.3528
1628741547816000,1,3000.00000000,0.3528
1628741547816000,1,717.35370000,0.3527
1628741561388000,1,3568.00000000,0.3526
1628741562279000,1,1059.14005917,0.3522
1628741562279000,1,1058.99601083,0.3522
1628741568243000,1,1051.33307000,0.3517
1628741606984000,0,1503.00000000,0.3515
1628741612747000,0,1026.00000000,0.3515
1628741616280000,0,711.00000000,0.3518
1628741616300000,0,2500.00000000,0.3518
1628741616600000,0,3337.76120384,0.3520
1628741617042000,0,3337.93870000,0.3522
1628741668488000,1,710.00000000,0.3518
1628741668488000,1,3568.00000000,0.3518
1628741668538000,1,1074.19050000,0.3517
1628741668574000,1,0.00005141,0.3517
1628741668574000,1,2685.48264859,0.3517
1628741672832000,1,1074.45919063,0.3512
1628741672832000,1,1056.94177806,0.3512
1628741673030000,1,1057.50745741,0.3510
1628741673030000,1,1056.94177805,0.3510
1628741674129000,1,1057.50745000,0.3505
1628741674132000,1,0.00000741,0.3505
1628741674132000,1,1056.94177806,0.3505
1628741689198000,1,3568.00000000,0.3500
1628741731825000,0,2001.00000000,0.3500
1628741737954000,1,4900.00000000,0.3495
1628741737954000,1,0.00000849,0.3495
1628741737954000,1,3099.99999151,0.3494
1628741781225000,1,4900.00000000,0.3487
1628741803002000,1,4900.00000000,0.3483
1628741803002000,1,14347.26626181,0.3483
1628741803201000,0,19767.52114205,0.3482
1628741833795000,1,86.20440000,0.3480
1628741833828000,1,0.00001941,0.3480
1628741833849000,1,885.19740000,0.3479
1628741833921000,1,0.00009499,0.3479
1628741833921000,1,483.69990501,0.3478
1628741834007000,1,401.62400000,0.3478
1628741834017000,1,0.00069610,0.3478
1628741834017000,1,881.68124325,0.3478
1628741834067000,1,885.19749499,0.3478
1628741834067000,1,832.01528069,0.3478
1628741834068000,1,2952.00335734,0.3478
1628741834111000,1,878.10000000,0.3478
1628741834149000,1,211.26786448,0.3478
1628741880295000,0,1252.00000000,0.3472
1628741922671000,1,71.97264000,0.3466
1628741922706000,1,0.00000779,0.3466
1628741970255000,1,86.70260000,0.3460
1628741970455000,1,0.00009645,0.3460
1628742078736000,1,578.26363923,0.3445
1628742105160000,0,3075.00000000,0.3449
1628742158692000,0,937.00000000,0.3452
1628742174526000,1,2865.05772465,0.3447
1628742174720000,1,906.71410000,0.3446
1628742174886000,1,0.00008300,0.3446
1628742175334000,1,4356.88082188,0.3444
1628742175392000,1,1537.91107266,0.3444
1628742176106000,1,523.30781508,0.3441
1628742176147000,1,1658.33283606,0.3441
1628742176155000,1,535.89990000,0.3441
1628742176156000,1,850.45944886,0.3441
1628742176156000,1,2405.14658797,0.3440
1628742176173000,1,2971.95741203,0.3440
1628742181695000,0,3411.96085000,0.3444
1628742192077000,0,726.00000000,0.3445
1628742196130000,0,3176.00000000,0.3447
1628742196302000,0,3406.95077000,0.3448
1628742210332000,0,3398.73859924,0.3457
1628742210522000,0,401.62400000,0.3458
1628742210669000,0,3001.18409911,0.3458
1628742210739000,0,6399.45000000,0.3458
1628742210749000,0,2096.62544923,0.3458
1628742210749000,0,3398.27255525,0.3459
1628742215302000,0,721.00000000,0.3465
1628742224089000,1,962.29590000,0.3463
1628742224155000,1,0.00000040,0.3463
1628742224155000,1,3605.99999960,0.3463
1628742224812000,1,3609.00000000,0.3461
1628742233340000,1,4780.33545000,0.3458
1628742256276000,1,0.00000401,0.3458
1628742268267000,0,1154.00000000,0.3461
1628742270748000,0,301.00000000,0.3462
1628742306272000,1,2610.00000000,0.3465
1628742310871000,1,7000.00000000,0.3462
1628742334606000,0,1251.00000000,0.3458
1628742341002000,1,1163.00000000,0.3457
1628742341002000,1,3568.00000000,0.3456
1628742341002000,1,269.00000000,0.3456
1628742371283000,1,811.00000000,0.3448
1628742371403000,1,1039.07280000,0.3447
1628742371509000,1,0.00001031,0.3447
1628742371686000,0,4900.00000000,0.3448
1628742371777000,1,675.95000000,0.3447
1628742371787000,1,7897.79008784,0.3447
1628742423914000,0,8504.85802576,0.3456
1628742423914000,0,3401.17051380,0.3456
1628742424204000,1,3000.00000000,0.3457
1628742459016000,0,1312.00000000,0.3461
1628742551965000,0,243.00000000,0.3456
1628742554703000,0,3131.00000000,0.3456
1628742593728000,1,3568.00000000,0.3448
1628742614269000,0,2544.00000000,0.3447
1628742664501000,0,3000.00000000,0.3458
1628742703520000,1,3568.00000000,0.3455
1628742708753000,1,913.00000000,0.3449
1628742723652000,0,1945.00000000,0.3452
1628742789841000,0,3273.00000000,0.3453
1628742800824000,1,3568.00000000,0.3451
1628742819049000,1,724.00000000,0.3450
1628742864105000,0,2903.00000000,0.3448
1628742885997000,1,12000.00000000,0.3448
1628742886046000,1,2490.88010000,0.3448
1628742904887000,0,1632.00000000,0.3449
1628742951131000,0,908.00000000,0.3451
1628742967648000,0,675.95000000,0.3452
1628742967781000,0,107.05000000,0.3452
1628743015378000,0,918.00000000,0.3451
1628743042543000,0,1549.00000000,0.3449
1628743048910000,1,3568.00000000,0.3448
1628743050474000,1,3568.00000000,0.3446
1628743050534000,1,2885.00000000,0.3446
1628743082647000,1,3568.00000000,0.3447
1628743098986000,1,3568.00000000,0.3447
1628743134734000,0,2053.00000000,0.3450
1628743142908000,1,3568.00000000,0.3447
1628743167942000,0,1006.00000000,0.3448
1628743186270000,0,137.00400000,0.3450
1628743191163000,0,1878.00000000,0.3450
1628743228601000,0,2503.00000000,0.3452
1628743344471000,0,2977.00000000,0.3448
1628743394185000,0,1619.00000000,0.3453
1628743399943000,0,4900.00000000,0.3460
1628743399943000,0,26243.49179524,0.3460
1628743399943000,0,72833.71384886,0.3460
1628743451167000,0,1279.00000000,0.3454
1628743597361000,1,725.00000000,0.3444
1628743599834000,1,87.20670000,0.3440
1628743599838000,1,0.00006725,0.3440
1628743619246000,1,72.61580000,0.3435
1628743619267000,1,0.00005933,0.3435
1628743619267000,1,72.63264067,0.3434
1628743619296000,1,0.00013361,0.3434
1628743619296000,1,1082.42216639,0.3433
1628743619314000,1,0.00019177,0.3433
1628743619342000,1,72.67721353,0.3432
1628743619342000,1,1000.00000000,0.3432
1628743619342000,1,9.70338647,0.3432
1628743619535000,1,72.68780000,0.3432
1628743619539000,1,72.67721000,0.3432
1628743619558000,1,72.68700000,0.3432
1628743619570000,1,864.37034816,0.3432
1628743619570000,1,2704.80981960,0.3432
1628743619653000,1,72.68780231,0.3432
1628743619707000,1,1082.38066423,0.3431
1628743619835000,1,440.49082470,0.3432
1628743619888000,1,641.93153346,0.3432
1628743623083000,0,319.03374581,0.3434
1628743637260000,0,3640.00000000,0.3434
1628743637356000,0,5606.00000000,0.3434
1628743641395000,1,1048.41905061,0.3430
1628743641395000,1,1502.91428534,0.3430
1628743641527000,1,413.00000000,0.3430
1628743641537000,1,705.01617069,0.3430
1628743641537000,1,3375.68430130,0.3430
1628743648407000,1,72.78740000,0.3427
1628743648413000,1,0.00008796,0.3427
1628743648413000,1,72.78951204,0.3427
1628743648910000,1,0.00009986,0.3427
1628743649333000,1,72.79590000,0.3427
1628743695174000,0,3662.00000000,0.3436
1628743705585000,1,993.92207641,0.3434
1628743705585000,1,449.55299056,0.3434
1628743705767000,1,544.11464772,0.3434
1628743764169000,0,2709.00000000,0.3438
1628743770732000,0,2246.00000000,0.3439
1628743818810000,0,1317.00000000,0.3440
1628743838934000,1,4500.00000000,0.3436
1628743841942000,1,3568.00000000,0.3436
1628743857100000,1,3568.00000000,0.3435
1628743867292000,1,0.00008447,0.3427
1628743867292000,1,729.00000000,0.3425
1628743867292000,1,14580.28484146,0.3425
1628743867292000,1,3568.00000000,0.3425
1628743867292000,1,982.47096262,0.3425
1628743867292000,1,2930.30576849,0.3425
1628743867292000,1,241.34033163,0.3425
1628743867292000,1,72.84062372,0.3425
1628743867292000,1,25562.28188544,0.3424
1628743867292000,1,72.84700522,0.3424
1628743867292000,1,6371.75040163,0.3424
1628743867292000,1,72.85764355,0.3424
1628743867292000,1,14579.51440465,0.3424
1628743867292000,1,250.18825057,0.3424
1628743867292000,1,33963.52344065,0.3423
1628743894757000,0,1273.00000000,0.3434
1628743939638000,0,1973.00000000,0.3437
1628743954984000,0,4900.00000000,0.3439
1628743954984000,0,3000.00000000,0.3439
1628743954984000,0,24288.29373245,0.3440
1628743954984000,0,14548.17457635,0.3441
1628743954984000,0,3000.22600000,0.3441
1628743954984000,0,2888.90180464,0.3441
1628743954984000,0,3413.81866277,0.3441
1628743954984000,0,47144.36918736,0.3441
1628744028211000,0,2276.00000000,0.3437
1628744058881000,1,4900.00000000,0.3429
1628744058881000,1,976.06961302,0.3429
1628744058936000,0,72.68700000,0.3429
1628744058943000,0,4051.24338698,0.3429
1628744077900000,0,1000.00000000,0.3431
1628744090200000,1,971.67277149,0.3426
1628744090200000,1,971.35532851,0.3426
1628744090482000,1,0.00017133,0.3426
1628744096664000,1,961.53201000,0.3428
1628744096800000,1,0.00000176,0.3428
1628744096800000,1,2403.83001824,0.3427
1628744108139000,0,861.00000000,0.3430
1628744132005000,0,14590.05204243,0.3429
1628744138177000,1,2507.39938085,0.3428
1628744142133000,0,1842.00000000,0.3430
1628744177722000,0,1775.00000000,0.3426
1628744187498000,1,970.90698000,0.3422
1628744187535000,1,0.00000340,0.3422
1628744187564000,1,970.73120000,0.3422
1628744187586000,1,72.91720000,0.3421
1628744187654000,1,970.90698340,0.3421
1628744187654000,1,0.00007565,0.3421
1628744187654000,1,5340.09884095,0.3421
1628744187708000,1,970.73125876,0.3421
1628744187743000,1,970.90710000,0.3421
1628744188235000,1,87.71670000,0.3420
1628744188237000,1,0.00003343,0.3420
1628744188299000,1,72.95992000,0.3419
1628744191260000,1,0.00000980,0.3419
1628744191260000,1,72.98126020,0.3418
1628744191318000,1,0.00001539,0.3418
1628744191383000,1,72.98981000,0.3418
1628744191417000,1,0.00000741,0.3418
1628744257363000,1,73.03255650,0.3416
1628744257363000,1,73.03144350,0.3416
1628744261180000,1,0.00111300,0.3416
1628744267296000,0,1016.00000000,0.3417
1628744293601000,0,1682.00000000,0.3420
1628744297713000,0,2083.00000000,0.3421
1628744356419000,0,2538.00000000,0.3417
1628744368597000,1,71.61383876,0.3414
1628744368922000,1,1.46150691,0.3414
1628744404843000,0,2774.00000000,0.3419
1628744421805000,1,2228.00000000,0.3419
1628744438855000,0,1256.00000000,0.3417
1628744464835000,0,146.06400000,0.3417
1628744464884000,0,1469.93600000,0.3417
1628744497585000,1,730.00000000,0.3422
1628744555768000,0,1735.00000000,0.3426
1628744590292000,1,847.94609242,0.3417
1628744590292000,1,848.14430758,0.3417
1628744590293000,1,0.00012088,0.3417
1628744590519000,1,848.14442000,0.3416
1628744590597000,1,0.00000846,0.3416
1628744590853000,1,848.14442846,0.3415
1628744591733000,1,786.33395564,0.3413
1628744620227000,1,73.12400000,0.3411
1628744621718000,1,0.00061524,0.3411
1628744644878000,1,73.19112000,0.3408
1628744651983000,0,1803.00000000,0.3413
1628744726830000,0,1931.00000000,0.3418
1628744735808000,1,785.64887754,0.3412
1628744735808000,1,1964.12219385,0.3412
1628744735808000,1,14634.76937340,0.3412
1628744735871000,0,73.12400000,0.3412
1628744735874000,0,1547.44577565,0.3412
1628744751568000,0,1819.16000000,0.3417
1628744751607000,0,3080.84000000,0.3417
1628744796880000,1,0.00000728,0.3408
1628744811602000,0,4900.00000000,0.3409
1628744823287000,1,73.25776000,0.3405
1628744836605000,1,0.00000041,0.3405
1628744836801000,1,71.81791514,0.3404
1628744838506000,1,1.46567133,0.3404
1628744838506000,1,71.79493149,0.3404
1628744840867000,1,1.49511434,0.3404
1628744840926000,1,73.34600000,0.3401
1628744844932000,1,0.00007468,0.3401
1628744844932000,1,86.46804357,0.3400
1628744858355000,1,4900.00000000,0.3400
1628744858355000,1,1.76465547,0.3400
1628744858355000,1,3000.00000000,0.3400
1628744858355000,1,14698.18862861,0.3399
1628744858355000,1,789.58044158,0.3398
1628744858355000,1,14702.28371406,0.3398
1628744858355000,1,2947.70299302,0.3398
1628744858355000,1,1973.54484326,0.3398
1628744858355000,1,60170.71868757,0.3397
1628744858568000,1,3133.39053271,0.3399
1628744869823000,0,2424.00000000,0.3401
1628744878221000,1,73.48860000,0.3394
1628744878223000,1,0.00008724,0.3394
1628744878223000,1,73.49510000,0.3394
1628744878225000,1,0.00008281,0.3394
1628744878494000,1,73.52330000,0.3393
1628744878550000,1,0.00004355,0.3393
1628744887928000,0,5852.00000000,0.3399
1628744954975000,1,73.56454000,0.3391
1628744955051000,1,0.00000038,0.3391
1628744959719000,1,73.59000000,0.3390
1628744965243000,1,0.00058323,0.3390
1628744965243000,1,4899.99999677,0.3390
1628745022760000,0,3795.00000000,0.3391
1628745052239000,1,73.66664000,0.3386
1628745073816000,1,0.00000697,0.3386
1628745074984000,1,72.22104049,0.3385
1628745075177000,1,1.47389879,0.3385
1628745082894000,1,73.72300000,0.3384
1628745089018000,1,0.00025333,0.3384
1628745097980000,1,88.75477000,0.3380
1628745098078000,1,0.00000057,0.3380
1628745103817000,0,3891.00000000,0.3383
1628745131673000,1,739.00000000,0.3380
1628745165576000,1,494.63828000,0.3376
1628745167775000,0,4656.39454000,0.3379
1628745199023000,1,0.00000085,0.3376
1628745205120000,1,73.97900000,0.3372
1628745205121000,1,0.00006224,0.3372
1628745221274000,0,5970.00000000,0.3374
1628745227679000,0,602.41089240,0.3375
1628745244313000,0,2556.31266533,0.3374
1628745244358000,0,1785.68733467,0.3374
1628745254742000,1,72.52313990,0.3371
1628745254878000,1,1.48006408,0.3371
1628745266104000,0,1982.00000000,0.3370
1628745302738000,0,6279.67000000,0.3375
1628745302772000,0,211553.35164683,0.3375
1628745304807000,0,1369.00000000,0.3377
1628745317017000,0,2403.00000000,0.3380
1628745330168000,0,4900.00000000,0.3397
1628745330168000,0,73.97900000,0.3397
1628745330168000,0,3456.15648070,0.3399
1628745330168000,0,72.52313990,0.3399
1628745330168000,0,1.48006408,0.3399
1628745330168000,0,3462.08819588,0.3401
1628745330168000,0,90856.59557283,0.3401
1628745373364000,1,1991.00000000,0.3399
1628745393191000,1,6825.51017000,0.3396
1628745393241000,1,7888.49494000,0.3396
1628745393460000,1,0.00000091,0.3396
1628745393460000,1,629.33408909,0.3395
1628745393595000,1,0.00000559,0.3395
1628745408805000,0,1873.00000000,0.3400
1628745434704000,0,2336.87345000,0.3398
1628745434770000,0,0.00000906,0.3398
1628745446327000,0,2372.00000000,0.3402
1628745509000000,1,2992.15154000,0.3389
1628745545843000,1,610.06601197,0.3380
1628745545887000,1,1517.79400000,0.3379
1628745545889000,1,0.00002069,0.3379
1628745545889000,1,14778.92093188,0.3379
1628745546646000,0,4900.00000000,0.3381
1628745661356000,0,3637.00000000,0.3380
1628745681178000,1,823.00000000,0.3368
1628745704986000,1,742.00000000,0.3363
1628745705014000,1,14847.92980143,0.3363
1628745705014000,1,5341.44510019,0.3362
1628745705018000,1,9512.10588496,0.3362
1628745705018000,1,590.58905827,0.3362
1628745705018000,1,1477.05178531,0.3362
1628745705018000,1,8609.62817307,0.3362
1628745705028000,1,590.84880597,0.3361
1628745705028000,1,89.28305705,0.3360
1628745705028000,1,74.24991070,0.3360
1628745705028000,1,2939.93332539,0.3360
1628745705028000,1,497.11494954,0.3359
1628745705028000,1,15997.11389265,0.3359
1628745720315000,0,244.48321046,0.3360
1628745720315000,0,744.00000000,0.3361
1628745720315000,0,2617.30585562,0.3361
1628745732757000,0,3818.00000000,0.3360
1628745745849000,1,6500.00000000,0.3357
1628745756800000,1,20189.37000000,0.3354
1628745761970000,1,0.00483337,0.3354
1628745761970000,1,843.52516663,0.3352
1628745781922000,0,3508.07630082,0.3350
1628745781922000,0,3507.92952991,0.3350
1628745781922000,0,3509.02006927,0.3350
1628745785354000,0,2704.00000000,0.3353
1628745824432000,1,873.00000000,0.3347
1628745824432000,1,3000.00000000,0.3347
1628745824432000,1,26035.23290200,0.3347
1628745824432000,1,14922.36350137,0.3346
1628745824432000,1,705.13058253,0.3345
1628745824432000,1,248.41942425,0.3345
1628745824432000,1,14929.73903028,0.3345
1628745824432000,1,1762.70012959,0.3344
1628745824432000,1,22375.99822679,0.3344
1628745824432000,1,5377.10400000,0.3344
1628745824432000,1,12593.13465658,0.3344
1628745838373000,1,499.61849000,0.3342
1628745838604000,1,0.00000912,0.3342
1628745842778000,0,3514.14024000,0.3344
1628745856072000,1,89.81767000,0.3340
1628745858796000,1,73.26430305,0.3337
1628745873162000,1,1.49518986,0.3337
1628745890654000,0,2122.00000000,0.3332
1628745912466000,1,74.98400000,0.3327
1628745912830000,1,0.00021859,0.3327
1628745912830000,1,502.11978141,0.3326
1628745912970000,1,0.00248992,0.3326
1628745925454000,0,3000.00000000,0.3324
1628745939386000,0,500.00000000,0.3323
1628745947754000,1,90.35872000,0.3320
1628745947994000,1,0.00000413,0.3320
1628745965601000,0,3638.00000000,0.3315
1628745971093000,0,3533.74233000,0.3325
1628745971137000,0,0.00000563,0.3325
1628746034854000,1,75.34400000,0.3311
1628746042552000,1,0.00032765,0.3311
1628746043043000,1,504.67136000,0.3309
1628746045927000,1,0.00000079,0.3309
1628746056528000,1,90.90633617,0.3300
1628746056528000,1,909.09366383,0.3300
1628746056982000,1,90.90633000,0.3300
1628746057029000,1,2500.00000617,0.3300
1628746057029000,1,1000.00000000,0.3300
1628746057474000,1,0.00000585,0.3298
1628746057474000,1,1457.86420685,0.3296
1628746057474000,1,583.20930730,0.3296
1628746072260000,1,91.46062620,0.3280
1628746072260000,1,157.65608380,0.3278
1628746073018000,1,157.51708927,0.3278
1628746073018000,1,90.97148264,0.3278
1628746073018000,1,2563.00726000,0.3277
1628746073018000,1,155.53618863,0.3277
1628746073018000,1,93.24114031,0.3277
1628746073018000,1,3000.00000000,0.3277
1628746073018000,1,8181.81115716,0.3277
1628746073942000,0,3000.00000000,0.3286
1628746073942000,0,131.63734558,0.3287
1628746082982000,1,3756.76672220,0.3268
1628746083010000,1,3033.71675393,0.3268
1628746083232000,1,3000.00000000,0.3267
1628746083232000,1,91.40443000,0.3267
1628746083288000,1,3000.00000000,0.3267
1628746086344000,1,76.40824000,0.3265
1628746086979000,1,0.00000578,0.3265
1628746089462000,1,92.02171713,0.3260
1628746089462000,1,500.00000000,0.3257
1628746089462000,1,4932.92168991,0.3257
1628746096294000,1,192.65180000,0.3257
1628746101053000,1,0.00000708,0.3257
1628746102649000,1,12178.39409000,0.3250
1628746102697000,1,40091.82129000,0.3250
1628746104105000,1,0.00000461,0.3250
1628746108444000,1,92.58970000,0.3240
1628746117875000,0,2521.08400000,0.3238
1628746120243000,0,3100.55520000,0.3242
1628746120359000,0,0.00001283,0.3242
1628746120359000,0,2334.00000000,0.3242
1628746121317000,0,3000.00000000,0.3245
1628746121394000,0,500.00000000,0.3245
1628746121394000,0,16585.12300000,0.3245
1628746121973000,0,500.00000000,0.3245
1628746123335000,0,253.09640000,0.3249
1628746123904000,0,239.85790000,0.3251
1628746124037000,0,3115.43080000,0.3252
1628746124038000,0,0.00002467,0.3252
1628746124038000,0,268.49987533,0.3253
1628746124540000,0,1980.00000000,0.3254
1628746132515000,0,5617.95900000,0.3276
1628746156256000,0,1263.00000000,0.3287
1628746157669000,0,91.60815000,0.3290
1628746158352000,0,0.00000781,0.3290
1628746160425000,0,76.40824000,0.3292
1628746160718000,0,0.00000578,0.3292
1628746168634000,1,758.00000000,0.3295
1628746175523000,1,14000.00000000,0.3284
1628746176333000,1,41000.00000000,0.3284
1628746181525000,0,254.80040000,0.3290
1628746210576000,0,19600.00000000,0.3294
1628746215361000,0,2683.00000000,0.3303
1628746243410000,0,149.86293941,0.3294
1628746309878000,0,708.00000000,0.3274
1628746312007000,0,593.00000000,0.3275
1628746379069000,1,92.58973000,0.3240
1628746389129000,0,3145.00000000,0.3239
1628746391209000,0,6197.40500000,0.3244
1628746395007000,0,19600.00000000,0.3246
1628746395015000,0,46176.11691584,0.3246
1628746395875000,0,38000.00000000,0.3246
1628746407186000,0,14000.00000000,0.3250
1628746408125000,0,297.64100000,0.3251
1628746408712000,0,21029.34481697,0.3251
1628746408724000,0,215721.90418303,0.3251
1628746423067000,1,768.00000000,0.3252
1628746442794000,0,4900.00000000,0.3274
1628746442794000,0,243.26645186,0.3274
1628746442794000,0,242.44079625,0.3275
1628746442794000,0,2521.08406000,0.3275
1628746442794000,0,4900.00000000,0.3275
1628746442794000,0,255.54348886,0.3276
1628746442794000,0,241.57741728,0.3276
1628746442794000,0,3045.82621429,0.3278
1628746442794000,0,3000.22600000,0.3278
1628746442794000,0,1733.76316969,0.3278
1628746448109000,0,2244.00000000,0.3274
1628746468336000,1,256.03979000,0.3279
1628746474325000,1,839.00000000,0.3271
1628746485465000,0,763.00000000,0.3281
1628746485563000,0,763.00000000,0.3283
1628746521123000,1,244.35615340,0.3275
1628746521123000,1,22.27245720,0.3273
1628746528087000,1,763.00000000,0.3268
1628746535838000,1,171.67000000,0.3265
1628746543568000,1,194.41275000,0.3265
1628746553294000,1,169.26564000,0.3261
1628746553402000,1,0.00000163,0.3261
1628746553402000,1,423.16409837,0.3260
1628746553458000,1,0.00000569,0.3260
1628746553458000,1,1099.46518431,0.3260
1628746561772000,0,765.00000000,0.3268
1628746561774000,0,2828.92942838,0.3268
1628746561909000,0,831.00000000,0.3268
1628746572079000,0,765.00000000,0.3271
1628746572175000,0,3084.07060000,0.3272
1628746573300000,0,2597.00000000,0.3272
1628746579941000,1,195.19864000,0.3266
1628746581149000,1,3624.00000000,0.3270
1628746624550000,0,2951.00000000,0.3265
1628746641511000,0,199.00000000,0.3272
1628746642000000,1,763.00000000,0.3270
1628746642000000,1,3000.00000000,0.3270
1628746661966000,0,8952.40716454,0.3284
1628746661966000,0,3579.62175546,0.3284
1628746668499000,1,2091.00000000,0.3282
1628746682242000,1,253.01958000,0.3287
1628746709568000,0,3577.81709000,0.3285
1628746715308000,0,91.60815000,0.3290
1628746747807000,0,2653.00000000,0.3295
1628746762234000,1,2151.00000000,0.3297
1628746762234000,1,500.00000000,0.3297
1628746762292000,1,7569.49308000,0.3297
1628746762344000,1,0.00000331,0.3297
1628746772758000,1,4538.28097000,0.3301
1628746779555000,1,2005.00000000,0.3301
1628746784949000,1,4535.08562000,0.3303
1628746786873000,1,0.00000904,0.3303
1628746787016000,1,4536.78738000,0.3302
1628746806132000,0,3551.81157719,0.3309
1628746806132000,0,2167.29333123,0.3309
1628746811631000,0,91.05465092,0.3310
1628746813070000,1,3016.54376000,0.3311
1628746813386000,1,0.00000238,0.3311
1628746813952000,1,190.71964321,0.3309
1628746816071000,1,2265.00000000,0.3309
1628746821371000,1,1508.12455000,0.3311
1628746824283000,0,804.00000000,0.3315
1628746826081000,1,1507.95601000,0.3312
1628746836495000,1,2663.00000000,0.3321
1628746836563000,1,1503.60063000,0.3320
1628746861851000,1,2527.68415000,0.3323
1628746869056000,1,751.00000000,0.3322
1628746916414000,0,88.69763671,0.3330
1628746919165000,0,1.81015585,0.3330
1628746946593000,1,89.75974063,0.3322
1628746946593000,1,224.35158979,0.3322
1628746946593000,1,583.46143958,0.3322
1628746948082000,1,89.81298954,0.3321
1628746948082000,1,224.53246046,0.3321
1628746960685000,0,149.08153785,0.3328
1628746967988000,1,74.84943000,0.3323
1628746968095000,1,0.00000628,0.3323
1628746968095000,1,183.89770372,0.3323
1628746982649000,1,500.00000000,0.3322
1628746982828000,1,149.76428000,0.3322
1628746993658000,1,0.00000466,0.3320
1628746993750000,1,675.95000000,0.3317
1628746997859000,0,223.44000000,0.3321
1628747004832000,0,4.56000000,0.3321
1628747006166000,0,149.08150000,0.3324
1628747006251000,0,1177.91850000,0.3324
1628747095134000,0,384.00000000,0.3315
1628747110997000,1,0.00000091,0.3312
1628747110997000,1,0.00000736,0.3311
1628747110997000,1,754.00000000,0.3309
1628747127927000,1,0.00000399,0.3302
1628747127927000,1,252.23619601,0.3302
1628747152917000,0,1314.00000000,0.3292
1628747188467000,0,1208.00000000,0.3292
1628747230669000,1,91.46060000,0.3280
1628747274838000,1,9555.51121000,0.3270
1628747276609000,0,1838.00000000,0.3273
1628747291893000,0,632.00000000,0.3284
1628747347105000,1,108.23792251,0.3282
1628747347105000,1,258.83158265,0.3282
1628747347105000,1,761.00000000,0.3281
1628747347105000,1,254.08233105,0.3281
1628747347105000,1,3076.78233823,0.3279
1628747347105000,1,118.87509204,0.3279
1628747347105000,1,250.24944034,0.3279
1628747347105000,1,2000.00000000,0.3279
1628747347105000,1,3000.22600000,0.3279
1628747347105000,1,3083.42229677,0.3278
1628747347105000,1,25623.19790142,0.3278
1628747347105000,1,265.93473447,0.3278
1628747347105000,1,22973.85107124,0.3277
1628747348265000,1,169.46976870,0.3279
1628747358263000,0,1069.00000000,0.3287
1628747361261000,0,27033.52393328,0.3290
1628747369973000,0,2445.00000000,0.3292
1628747392122000,0,3546.00000000,0.3313
1628747411805000,1,205.64661162,0.3313
1628747411805000,1,488.40716838,0.3313
1628747412227000,0,865.00000000,0.3317
1628747414898000,1,135.01400856,0.3315
1628747414898000,1,337.53502139,0.3315
1628747414898000,1,877.59104005,0.3315
1628747418950000,1,135.18424117,0.3311
1628747418950000,1,337.96059883,0.3311
1628747422571000,1,6500.00000000,0.3311
1628747423106000,1,124.16387000,0.3309
1628747428360000,1,114.92930000,0.3307
1628747450574000,1,7554.75620000,0.3305
1628747452007000,1,109.41065000,0.3301
1628747467495000,0,1344.00000000,0.3307
1628747469243000,1,105.73994000,0.3306
1628747469368000,1,0.00000165,0.3306
1628747469368000,1,999.99999835,0.3306
1628747474929000,1,3021.32631000,0.3306
1628747481078000,1,1321.09124000,0.3309
1628747482219000,1,102.62048550,0.3308
1628747500393000,0,559.00000000,0.3308
1628747526083000,1,757.46093043,0.3315
1628747528098000,0,2799.00000000,0.3318
1628747530121000,0,3533.37588000,0.3326
1628747534336000,0,88.69763671,0.3330
1628747535191000,0,1.81015585,0.3330
1628747545865000,1,6332.37588000,0.3328
1628747555289000,0,75.34400000,0.3336
1628747573190000,1,3575.34400000,0.3337
1628747603304000,0,1050.00000000,0.3337
1628747611737000,1,1050.00000000,0.3340
1628747644087000,1,14952.15322000,0.3339
1628747646156000,1,0.00000054,0.3339
1628747646156000,1,748.97387447,0.3338
1628747646764000,1,6047.84678000,0.3339
1628747692826000,1,131.63734558,0.3337
1628747693117000,1,14842.13240000,0.3337
1628747693369000,1,0.00004910,0.3337
1628747706671000,0,3407.00000000,0.3335
1628747725178000,1,3500.00000000,0.3337
1628747747436000,0,3512.77920423,0.3345
1628747747436000,0,3000.00000000,0.3345
1628747747436000,0,3512.90342653,0.3347
1628747747442000,0,2981.65411735,0.3347
1628747747442000,0,897.76766095,0.3347
1628747747442000,0,2021.47075184,0.3347
1628747747446000,0,1491.43257479,0.3347
1628747747446000,0,14960.10866098,0.3347
1628747748813000,0,89.96700000,0.3350
1628747748879000,0,0.00046366,0.3350
1628747748879000,0,3504.19144370,0.3354
1628747748879000,0,500.00000000,0.3355
1628747748879000,0,1032.68808146,0.3355
1628747763037000,0,4900.00000000,0.3348
1628747767452000,1,13307.00000000,0.3345
1628747767509000,1,1622.59928241,0.3345
1628747767509000,1,877.40071759,0.3345
1628747774850000,0,1581.00000000,0.3348
1628747796646000,1,471.90585000,0.3343
1628747821544000,1,1729.00000000,0.3350
1628747821544000,1,464.14713000,0.3350
1628747821710000,1,0.00000305,0.3350
1628747821710000,1,8499.99999695,0.3350
1628747824313000,1,5915.94702000,0.3348
1628747848541000,0,1575.00000000,0.3349
1628747861573000,0,4900.00000000,0.3350
1628747869120000,1,745.00000000,0.3350
1628747869201000,1,9000.00000000,0.3350
1628747871369000,1,746.00000000,0.3347
1628747876448000,1,533.57710000,0.3345
1628747876458000,1,0.00009531,0.3345
1628747876458000,1,745.99990469,0.3345
1628747886493000,1,367.85633172,0.3339
1628747886566000,0,201.98300000,0.3339
1628747886596000,0,176.83047932,0.3339
1628747938490000,1,154.46075400,0.3330
1628747946341000,0,2568.00000000,0.3333
1628747946754000,0,8813.97500000,0.3337
1628747961204000,1,391.26499000,0.3338
1628747980517000,1,2500.00000000,0.3338
1628747980517000,1,153.94243000,0.3338
1628748001758000,1,153.48270000,0.3329
1628748002215000,1,383.86360000,0.3328
1628748002412000,1,383.65401346,0.3326
1628748002412000,1,153.54538654,0.3326
1628748021963000,0,1585.00000000,0.3325
1628748029984000,1,146.69432000,0.3327
1628748030075000,1,0.00000653,0.3327
1628748030075000,1,146.73573574,0.3327
1628748040293000,1,145.51700000,0.3320
1628748065924000,1,144.13340000,0.3320
1628748066031000,1,0.00001158,0.3320
1628748069146000,1,144.13341000,0.3315
1628748080024000,1,154.22299000,0.3318
1628748117728000,0,1882.06310460,0.3318
1628748124237000,0,339.00000000,0.3318
1628748140889000,0,3141.00000000,0.3320
1628748141907000,0,3199.00000000,0.3318
1628748168731000,0,2299.07331000,0.3330
1628748184717000,1,174.25499000,0.3329
1628748217761000,0,18752.13200000,0.3341
1628748223816000,0,3000.00000000,0.3344
1628748224857000,0,4984.74400000,0.3343
1628748265054000,1,140.21086000,0.3343
1628748265172000,1,0.00000464,0.3343
1628748265172000,1,140.20079536,0.3343
1628748266333000,1,140.30492000,0.3342
1628748306870000,1,134.99432260,0.3343
1628748306870000,1,2853.11079740,0.3343
1628748325075000,1,2991.83536000,0.3337
1628748326764000,0,1043.00000000,0.3342
1628748326829000,0,290.78610009,0.3342
1628748326921000,0,968.22290000,0.3342
1628748326970000,0,74.62072780,0.3342
1628748326970000,0,2424.09564840,0.3343
1628748326972000,0,3517.30124215,0.3343
1628748336089000,1,747.00000000,0.3340
1628748388930000,0,2272.00000000,0.3336
1628748437503000,1,993.00737000,0.3329
1628748449393000,0,1991.00000000,0.3332
1628748518825000,1,1000.00000000,0.3331
1628748542239000,0,720.46313872,0.3333
1628748542592000,0,487.53686128,0.3333
1628748673587000,1,90.90630000,0.3300
1628748673641000,1,0.00003617,0.3300
1628748682757000,0,500.00000000,0.3300
1628748682757000,0,4900.00000000,0.3300
1628748682757000,0,1882.06310920,0.3300
1628748689647000,0,0.00000002,0.3300
1628748690158000,0,659.00000000,0.3302
1628748695734000,0,18000.00000000,0.3305
1628748695813000,0,7919.30970000,0.3305
1628748721787000,1,121.88560525,0.3309
1628748721787000,1,304.71399475,0.3309
1628748721813000,1,0.00001837,0.3309
1628748721813000,1,753.99998163,0.3309
1628748724803000,0,1866.84577534,0.3312
1628748728835000,0,929.00000000,0.3312
1628748741817000,1,113.23220000,0.3313
1628748741884000,1,0.00001820,0.3313
1628748749731000,0,1435.35444947,0.3312
1628748762347000,0,42500.00000000,0.3311
1628748762402000,0,8073.37410000,0.3311
1628748762464000,0,7000.00000000,0.3311
1628748784422000,1,754.00000000,0.3309
1628748784532000,1,2989.81534000,0.3309
1628748788108000,1,234.56693000,0.3304
1628748788370000,1,0.00000492,0.3304
1628748788370000,1,234.56693492,0.3304
1628748788370000,1,93.84038016,0.3304
1628748800448000,1,83.17203367,0.3302
1628748800448000,1,755.99999633,0.3302
1628748800572000,1,0.00000367,0.3302
1628748800572000,1,207.95021633,0.3301
1628748800619000,1,0.00000368,0.3301
1628748801218000,1,207.95022001,0.3299
1628748801218000,1,83.17203367,0.3299
1628748801218000,1,83.11254632,0.3299
1628748801289000,1,0.00013480,0.3299
1628748820058000,1,84.96409000,0.3294
1628748833900000,0,233.56000000,0.3292
1628748856960000,1,85.08770330,0.3286
1628748856960000,1,212.70369670,0.3286
1628748856960000,1,0.00004819,0.3286
1628748856960000,1,85.08046382,0.3286
1628748856960000,1,2975.69058799,0.3286
1628748856961000,1,85.08053887,0.3286
1628748857310000,1,85.08770330,0.3284
1628748857310000,1,212.70373670,0.3284
1628748866009000,0,2401.00000000,0.3290
1628748880049000,0,0.00444560,0.3292
1628748934742000,1,91.46062000,0.3280
1628748935123000,1,0.00000620,0.3280
1628748935153000,1,100.60460158,0.3278
1628748935153000,1,251.55136606,0.3278
1628748935173000,1,100.60700000,0.3277
1628748935231000,1,100.67393709,0.3276
1628748935231000,1,3065.17497865,0.3276
1628748935277000,1,251.55136606,0.3276
1628748935277000,1,100.60705431,0.3276
1628748935870000,1,100.67393709,0.3274
1628748935870000,1,251.55136606,0.3274
1628748943765000,1,3000.00000000,0.3273
1628748943765000,1,15254.54768382,0.3273
1628748943765000,1,125.76326929,0.3272
1628748943823000,1,2938.84150000,0.3272
1628748944237000,0,3000.00000000,0.3272
1628748944237000,0,1900.00000000,0.3272
1628748944260000,0,3000.00000000,0.3272
1628748969950000,0,4985.00000000,0.3273
1628748983237000,0,1501.00000000,0.3283
1628749003041000,1,3000.00000000,0.3287
1628749029459000,0,2951.00000000,0.3292
1628749039336000,1,758.00000000,0.3292
1628749042975000,0,119.00000000,0.3296
1628749043056000,0,3563.23663000,0.3296
1628749043131000,0,0.00000642,0.3296
1628749043131000,0,8907.94338358,0.3297
1628749049738000,1,573.62919000,0.3293
1628749049804000,1,0.00000787,0.3293
1628749049804000,1,499.99999213,0.3293
1628749107170000,0,2145.00000000,0.3300
1628749108908000,1,757.00000000,0.3299
1628749128930000,1,757.00000000,0.3296
1628749140255000,1,464.98951000,0.3298
1628749146140000,1,7995.38232000,0.3292
1628749152908000,1,0.00000524,0.3292
1628749175429000,1,459.49475000,0.3289
1628749175500000,1,0.00000711,0.3289
1628749175500000,1,500.00000000,0.3289
1628749189155000,0,1940.00000000,0.3293
1628749193672000,1,758.00000000,0.3291
1628749193890000,1,456.90486000,0.3291
1628749194068000,1,0.00000309,0.3291
1628749194068000,1,758.99999691,0.3290
1628749250775000,1,427.00448000,0.3295
1628749271474000,0,1474.00000000,0.3307
1628749279789000,1,1991.00000000,0.3310
1628749279789000,1,619.92379733,0.3310
1628749279789000,1,9389.07620267,0.3310
1628749322435000,0,3543.00314547,0.3317
1628749322435000,0,3540.35143625,0.3317
1628749322480000,0,3000.00000000,0.3317
1628749322718000,0,23011.36857727,0.3319
1628749322753000,0,3540.42983220,0.3319
1628749322753000,0,3540.35143625,0.3319
1628749335292000,1,784.20348039,0.3317
1628749335292000,1,215.79651961,0.3317
1628749364419000,0,1334.00000000,0.3313
1628749372017000,1,779.35220000,0.3316
1628749396027000,0,1211.25505743,0.3317
1628749449253000,0,725.00000000,0.3311
1628749450172000,1,1147.00000000,0.3309
1628749459781000,1,7079.29459000,0.3310
1628749496883000,0,1588.00000000,0.3309
1628749499331000,0,1037.00000000,0.3309
1628749508545000,1,828.43811000,0.3311
1628749508865000,1,0.00000179,0.3311
1628749508865000,1,828.41311821,0.3310
1628749513491000,1,817.03581000,0.3308
1628749577986000,1,822.66980000,0.3299
1628749578049000,1,0.00009073,0.3299
1628749615398000,0,773.00000000,0.3300
1628749737638000,1,3568.00000000,0.3291
1628749757097000,0,3934.00000000,0.3290
1628749774365000,0,500.00000000,0.3300
1628749774365000,0,4900.00000000,0.3300
1628749774365000,0,3556.78445226,0.3301
1628749774365000,0,757.00000000,0.3302
1628749774365000,0,8892.10781250,0.3302
1628749774365000,0,15159.93782711,0.3302
1628749774365000,0,8033.95921340,0.3302
1628749889359000,0,2692.00000000,0.3293
1628749917224000,1,888.67260290,0.3291
1628749917224000,1,2999.99999710,0.3291
1628749917245000,1,0.00000290,0.3291
1628749917245000,1,20487.16956460,0.3290
1628749917246000,1,20487.16956749,0.3290
1628749917394000,1,889.40679768,0.3290
1628749917420000,1,500.00000000,0.3290
1628749917420000,1,1722.28850000,0.3290
1628749917425000,1,500.00000194,0.3290
1628749917425000,1,5276.43869806,0.3289
1628749917457000,1,500.00000996,0.3289
1628749918258000,1,2222.28850194,0.3282
1628749918258000,1,889.40679768,0.3282
1628749918258000,1,5776.43860038,0.3282
1628749938777000,1,12500.00000000,0.3279
1628749955130000,0,733.00000000,0.3283
1628749983888000,0,2378.00000000,0.3280
1628749983888000,0,353.00000000,0.3280
1628749986978000,0,626.00000000,0.3280
1628749988178000,0,3578.26584000,0.3283
1628749996360000,1,3500.00000000,0.3276
1628749997083000,1,2107.60000000,0.3276
1628749997393000,1,0.00619009,0.3276
1628750035443000,1,76.41994000,0.3264
1628750036125000,1,0.00000975,0.3264
1628750036125000,1,782.79294693,0.3261
1628750036125000,1,1965.61798023,0.3260
1628750036125000,1,782.79294693,0.3260
1628750036125000,1,92.02171713,0.3260
1628750036125000,1,0.77439903,0.3260
1628750042841000,0,3000.00000000,0.3265
1628750042857000,0,3597.41410000,0.3265
1628750042988000,0,3000.00010000,0.3262
1628750042991000,0,2053.05090000,0.3262
1628750045304000,0,5884.00000000,0.3270
1628750051781000,1,666.55221000,0.3263
1628750070629000,1,670.80747000,0.3262
1628750071096000,0,151.69070340,0.3264
1628750082228000,1,651.18642000,0.3260
1628750102659000,0,2580.00000000,0.3264
1628750117788000,0,1829.00000000,0.3267
1628750117910000,0,7500.00000000,0.3268
1628750124773000,1,1002.31000060,0.3269
1628750133355000,1,764.00000000,0.3268
1628750133660000,1,672.19651000,0.3267
1628750146423000,1,2500.00000000,0.3273
1628750146423000,1,8009.25806451,0.3273
1628750182787000,0,1395.52000000,0.3277
1628750183898000,0,28.48000000,0.3277
1628750183898000,0,10230.74600000,0.3278
1628750183922000,0,28.48000000,0.3278
1628750198872000,1,11286.54356000,0.3277
1628750198936000,1,3955.24922000,0.3277
1628750199628000,1,630.41407000,0.3276
1628750219733000,0,1324.22278966,0.3283
1628750219847000,0,1675.77721034,0.3283
1628750237962000,1,609.25200000,0.3282
1628750243830000,1,590.65490000,0.3276
1628750243923000,1,0.00001040,0.3276
1628750254764000,0,2046.00000000,0.3276
1628750268310000,1,478.96331232,0.3275
1628750268863000,1,66.69800000,0.3274
1628750282898000,0,1324.00000000,0.3278
1628750289453000,1,762.00000000,0.3274
1628750289586000,1,443.37320654,0.3273
1628750289586000,1,1108.43300346,0.3273
1628750292591000,1,763.00000000,0.3272
1628750301361000,1,396.16188262,0.3269
1628750301361000,1,990.35627738,0.3269
1628750305836000,1,318.97396000,0.3265
1628750310302000,1,3043.09127000,0.3258
1628750324592000,1,341.34465000,0.3259
1628750328850000,1,330.16108874,0.3254
1628750328850000,1,825.15974492,0.3254
1628750328850000,1,2145.41533680,0.3254
1628750328850000,1,767.00000000,0.3252
1628750328850000,1,3000.00000000,0.3252
1628750328850000,1,76.71843764,0.3251
1628750328850000,1,3086.23762984,0.3251
1628750328850000,1,3000.22600000,0.3251
1628750328850000,1,25696.54886998,0.3251
1628750328850000,1,256.29619797,0.3250
1628750328850000,1,2616.02599938,0.3249
1628750351397000,1,315.87277000,0.3255
1628750354839000,0,152.76111520,0.3257
1628750364897000,1,12277.57941000,0.3254
1628750366850000,1,0.00000051,0.3254
1628750368632000,0,2212.00000000,0.3256
1628750377431000,1,283.55310000,0.3254
1628750377615000,1,283.72553416,0.3253
1628750389330000,0,766.00000000,0.3262
1628750389330000,0,3000.00000000,0.3262
1628750389330000,0,830.28874239,0.3262
1628750402582000,0,675.95000000,0.3265
1628750402753000,0,528.05000000,0.3265
1628750407408000,0,500.00000000,0.3265
1628750407794000,0,3470.28614917,0.3267
1628750407840000,0,125.22861666,0.3267
1628750438516000,0,76.71843764,0.3276
1628750438516000,0,2952.83165324,0.3278
1628750479597000,0,1842.00000000,0.3278
1628750489429000,1,762.00000000,0.3276
1628750556725000,0,2571.00000000,0.3284
1628750566138000,0,3572.00016616,0.3289
1628750586834000,1,393.89254000,0.3286
1628750586960000,1,0.00000579,0.3286
1628750586960000,1,984.64749421,0.3285
1628750596685000,0,163.00000000,0.3290
1628750605252000,0,76.41994000,0.3292
1628750620716000,0,4759.50211768,0.3302
1628750620742000,0,350.08650042,0.3302
1628750620753000,0,4233.41255808,0.3302
1628750620788000,0,5450.41082382,0.3302
1628750625894000,1,15141.38750000,0.3299
1628750626627000,1,0.00000019,0.3299
1628750633633000,0,3932.42600000,0.3301
1628750656043000,0,1763.00000000,0.3304
1628750689836000,0,469.00000000,0.3305
1628750715365000,1,690.85520000,0.3303
1628750732442000,0,1919.00000000,0.3306
1628750755716000,0,91.05465000,0.3310
1628750755845000,0,0.00000092,0.3310
1628750825357000,0,2102.00000000,0.3306
1628750903835000,0,1954.00000000,0.3300
1628750947495000,1,660.66440000,0.3297
1628750947615000,1,0.00001619,0.3297
1628750947615000,1,1651.66104047,0.3296
1628750947615000,1,4294.48124334,0.3296
1628750948391000,1,1651.66104047,0.3295
1628750948391000,1,348.33895953,0.3295
1628750961573000,0,757.00000000,0.3302
1628750961573000,0,1643.00000000,0.3302
1628751033195000,1,100.00000000,0.3302
1628751066138000,0,4690.00000000,0.3298
1628751095709000,1,599.13016000,0.3290
1628751127902000,0,2222.00000000,0.3290
1628751193843000,1,598.93710000,0.3288
1628751198696000,0,577.69093243,0.3290
1628751198875000,0,3979.00000000,0.3290
1628751214283000,1,597.05860000,0.3283
1628751220953000,1,3000.00000000,0.3282
1628751231101000,0,7509.19900000,0.3286
1628751231305000,0,3058.00000000,0.3285
1628751242485000,0,936.00000000,0.3287
1628751248220000,0,829.00000000,0.3289
1628751248220000,0,1089.90816724,0.3289
1628751248430000,0,829.00000000,0.3289
1628751248925000,0,9826.24000000,0.3289
1628751262311000,0,0.00883276,0.3289
1628751262311000,0,979.76831877,0.3289
1628751266297000,0,38.23168123,0.3289
1628751269341000,0,758.00000000,0.3296
1628751278149000,0,861.67754248,0.3301
1628751288109000,0,609.05225766,0.3302
1628751288133000,0,2948.27991819,0.3302
1628751293036000,1,607.92466720,0.3303
1628751293036000,1,1519.81165280,0.3303
1628751293837000,0,310.47826350,0.3307
1628751301918000,1,597.05765882,0.3306
1628751301976000,1,755.00000000,0.3306
1628751314926000,1,594.74270358,0.3301
1628751315125000,1,1486.91075709,0.3301
1628751315125000,1,3866.01449291,0.3301
1628751328531000,0,305.00995807,0.3302
1628751329149000,0,1000.00963053,0.3303
1628751329205000,0,1999.99036947,0.3303
1628751329205000,0,1520.31421362,0.3304
1628751332201000,0,1006.00000000,0.3304
1628751347958000,0,1340.00000000,0.3308
1628751354831000,1,686.81146244,0.3308
1628751354831000,1,1716.59310943,0.3308
1628751369053000,0,1109.00000000,0.3311
1628751370559000,1,662.69496000,0.3308
1628751370729000,1,0.00000001,0.3308
1628751370729000,1,1656.78742999,0.3308
1628751385902000,0,438.00000000,0.3310
1628751448744000,0,962.00000000,0.3314
1628751459732000,0,753.00000000,0.3320
1628751459774000,0,8845.05452452,0.3321
1628751459774000,0,3538.08297548,0.3321
1628751459930000,0,0.00005514,0.3321
1628751459930000,0,22994.11857225,0.3322
1628751460566000,0,4087.89968848,0.3326
1628751460570000,0,812.10031152,0.3326
1628751460570000,0,8842.13424011,0.3326
1628751460570000,0,3537.21588525,0.3326
1628751460864000,0,310.47826350,0.3326
1628751477280000,0,296.00000000,0.3325
1628751515586000,0,495.01941400,0.3322
1628751515609000,0,1000.00000000,0.3322
1628751515739000,0,1118.16666895,0.3322
1628751515774000,0,921.66249859,0.3322
1628751517076000,0,15506.51200000,0.3322
1628751526470000,1,500.00000000,0.3320
1628751526586000,0,726.00000000,0.3324
1628751540163000,0,3532.74072151,0.3324
1628751540163000,0,8831.81977735,0.3325
1628751540163000,0,3008.96132796,0.3325
1628751540163000,0,5052.59051103,0.3326
1628751540191000,0,9996.55481125,0.3326
1628751540209000,0,4121.98400000,0.3327
1628751540209000,0,3038.68233596,0.3327
1628751540209000,1,15049.77959384,0.3328
1628751540265000,1,22955.28448990,0.3328
1628751540303000,0,3048.54600000,0.3329
1628751540329000,0,0.00002258,0.3329
1628751540378000,0,90.50770000,0.3330
1628751540437000,1,3000.00000000,0.3328
1628751540511000,0,0.00009256,0.3330
1628751540511000,0,3532.63130744,0.3330
1628751540515000,0,0.00001166,0.3330
1628751540515000,0,1501.97528834,0.3330
1628751540530000,0,3536.55509999,0.3330
1628751540650000,0,2871.78940100,0.3330
1628751540650000,0,921.22007786,0.3330
1628751540650000,0,3576.10645566,0.3330
1628751540671000,0,9262.94279104,0.3330
1628751540698000,0,1831.66445206,0.3330
1628751548178000,0,861.00000000,0.3334
1628751557452000,1,151.69070340,0.3335
1628751562643000,1,500.00000000,0.3337
1628751562643000,1,3742.00000000,0.3337
1628751562643000,1,1227.45265615,0.3337
1628751562643000,1,14963.85919789,0.3337
1628751562643000,1,3068.63164037,0.3336
1628751562643000,1,3042.33121476,0.3336
1628751562643000,1,1227.87913072,0.3336
1628751562643000,1,20798.91609958,0.3334
1628751563306000,1,3741.00000000,0.3339
1628751566663000,1,3742.00000000,0.3337
1628751566994000,1,1199.94510000,0.3336
1628751566996000,1,0.00000355,0.3336
1628751566996000,1,2999.86275887,0.3336
1628751567272000,1,3744.00000000,0.3335
1628751567272000,1,7802.25984442,0.3335
1628751567272000,1,2999.86275887,0.3334
1628751567272000,1,429.05375671,0.3334
1628751567361000,1,770.89130000,0.3334
1628751567370000,1,0.00004684,0.3334
1628751567525000,1,675.95000000,0.3335
1628751567527000,1,520.88823296,0.3335
1628751567529000,1,3747.00000000,0.3334
1628751572193000,1,14995.81944000,0.3329
1628751572217000,1,0.00000685,0.3329
1628751572217000,1,3749.00000000,0.3329
1628751572362000,1,3000.00000000,0.3327
1628751572509000,1,751.00000000,0.3327
1628751572562000,1,3000.00000000,0.3327
1628751633341000,0,752.00000000,0.3324
1628751633595000,0,1629.00000000,0.3324
1628751637766000,0,2077.00000000,0.3324
1628751664353000,1,1126.16090226,0.3321
1628751693687000,0,943.00000000,0.3317
1628751762968000,1,252.76111520,0.3311
1628751800432000,0,1388.00000000,0.3312
1628751805414000,0,2124.00000000,0.3314
1628751849052000,1,4500.00000000,0.3323
1628751868256000,0,1214.00000000,0.3327
1628751924982000,1,453.35259000,0.3323
1628751929755000,1,0.00000419,0.3323
1628751945386000,0,919.00000000,0.3326
1628751975912000,0,2808.00000000,0.3325
1628751975912000,0,25759.46000000,0.3326
1628751996541000,0,750.00000000,0.3333
1628752057900000,0,1329.00000000,0.3334
1628752088276000,0,3043.00000000,0.3335
1628752105802000,0,4900.00000000,0.3337
1628752106242000,0,254.00000000,0.3337
1628752106311000,0,749.00000000,0.3338
1628752108165000,0,4900.00000000,0.3339
1628752115664000,0,23988.97000000,0.3340
1628752115860000,0,0.00900000,0.3340
1628752124995000,1,1121.43489046,0.3342
1628752163813000,0,1805.00000000,0.3345
1628752163900000,0,6376.81700000,0.3346
1628752188483000,0,10000.00000000,0.3350
1628752191320000,0,89.96746000,0.3350
1628752191339000,0,0.00000366,0.3350
1628752254866000,1,1119.64118000,0.3343
1628752290830000,0,1290.00000000,0.3343
1628752308788000,1,1110.49522869,0.3339
1628752308788000,1,2776.24697131,0.3339
1628752322759000,0,198.00000000,0.3344
1628752359304000,0,749.00000000,0.3348
1628752380614000,0,68.60000000,0.3350
1628752395582000,0,1936.00000000,0.3350
1628752452119000,0,1781.64000000,0.3353
1628752465027000,1,2373.07071000,0.3350
1628752468853000,0,645.00000000,0.3353
1628752494089000,0,87.00000000,0.3351
1628752499747000,0,87.00000000,0.3352
1628752499747000,0,74.98400000,0.3355
1628752499747000,0,6790.47600000,0.3355
1628752499764000,0,0.00747613,0.3355
1628752582542000,1,1152.22988747,0.3339
1628752603192000,0,748.00000000,0.3340
1628752603561000,0,2981.00000000,0.3339
1628752675746000,0,313.00000000,0.3339
1628752696898000,0,2583.00000000,0.3338
1628752732426000,0,29682.81100000,0.3346
1628752749318000,1,1082.69145877,0.3348
1628752749318000,1,2707.38192294,0.3348
1628752749408000,0,6639.02161829,0.3348
1628752839472000,0,1244.00000000,0.3348
1628752917959000,0,2926.00000000,0.3345
1628752926311000,0,2801.00000000,0.3346
1628752957153000,1,1061.40229000,0.3342
1628752982903000,0,951.00000000,0.3343
1628753018887000,0,3219.00000000,0.3342
1628753044792000,0,675.95000000,0.3344
1628753044883000,0,1936.05000000,0.3344
1628753127503000,1,1050.12728000,0.3345
1628753127609000,1,0.00000120,0.3345
1628753127609000,1,2625.32339880,0.3344
1628753127944000,1,0.00001108,0.3344
1628753127944000,1,529.00325433,0.3343
1628753158771000,0,1052.00000000,0.3343
1628753183359000,0,2265.00000000,0.3342
1628753196260000,0,747.00000000,0.3343
1628753196260000,0,741.13244795,0.3343
1628753200399000,0,14961.62000000,0.3344
1628753200490000,0,0.00915739,0.3344
1628753244912000,0,3666.00000000,0.3342
1628753303637000,0,1665.00000000,0.3344
1628753360767000,0,1627.00000000,0.3342
1628753393739000,0,798.00000000,0.3342
1628753462745000,0,1494.97412782,0.3328
1628753483800000,0,3533.12540669,0.3322
1628753487773000,0,2596.00000000,0.3322
1628753605700000,0,2826.00000000,0.3319
1628753647515000,0,244.68000000,0.3319
1628753651094000,0,0.00300000,0.3319
1628753651094000,0,3943.99700000,0.3319
1628753651215000,0,0.00300000,0.3319
1628753651913000,0,156.43600000,0.3319
1628753711396000,0,2824.00000000,0.3324
1628753743437000,1,1073.30537000,0.3323
1628753745724000,0,1303.00000000,0.3325
1628753748749000,1,2682.73550000,0.3322
1628753788653000,0,1135.00000000,0.3326
1628753805755000,1,1084.67840000,0.3323
1628753805809000,1,0.00008164,0.3323
1628753832249000,0,2435.00000000,0.3323
1628753853359000,0,751.00000000,0.3328
1628753892187000,0,1719.00000000,0.3330
1628753909275000,0,545.00000000,0.3331
1628753973494000,0,2249.00000000,0.3333
1628754009378000,0,4900.00000000,0.3334
1628754037127000,0,612.82482146,0.3331
1628754056558000,1,1102.31872000,0.3325
1628754056805000,1,0.00000522,0.3325
1628754056805000,1,2755.55417478,0.3324
1628754056824000,1,0.00001081,0.3324
1628754057033000,1,1103.27970000,0.3324
1628754065161000,0,1323.00000000,0.3328
1628754068790000,0,3525.52516475,0.3333
1628754068790000,0,3523.49334673,0.3333
1628754082403000,1,1110.55746000,0.3332
1628754082463000,1,0.00000737,0.3332
1628754082463000,1,1110.55746737,0.3332
1628754082463000,1,7221.09117526,0.3332
1628754094112000,0,155.00000000,0.3336
1628754100110000,0,748.00000000,0.3339
1628754143994000,1,3521.00000000,0.3340
1628754148230000,0,748.00000000,0.3344
1628754148230000,0,717.26305875,0.3345
1628754151289000,0,586.05271396,0.3345
1628754151808000,0,677.94000000,0.3345
1628754151832000,0,0.00728604,0.3345
1628754207867000,0,2448.00000000,0.3338
1628754305713000,0,341.00000000,0.3337
1628754327695000,0,742.00000000,0.3346
1628754348032000,0,575.00000000,0.3346
1628754386711000,0,2532.00000000,0.3347
1628754474785000,0,1826.00000000,0.3347
1628754503522000,0,1176.00000000,0.3347
1628754570294000,0,148.93640082,0.3349
1628754666477000,0,13080.16193000,0.3340
1628754669149000,0,1459.00000000,0.3343
1628754691465000,0,1656.00000000,0.3346
1628754695503000,0,746.00000000,0.3348
1628754695667000,0,3622.48650000,0.3348
1628754695758000,0,0.00000986,0.3348
1628754753194000,0,862.40000000,0.3349
1628754763036000,0,17.60000000,0.3349
1628754786838000,0,1116.00000000,0.3351
1628754815545000,0,617.00000000,0.3354
1628754865169000,0,2280.00000000,0.3357
1628754897749000,0,230.00000000,0.3359
1628754903811000,0,1127.00000000,0.3362
1628754910903000,0,73.26430305,0.3365
1628754919244000,0,2382.00000000,0.3365
1628754979227000,0,1015.00000000,0.3364
1628755046363000,0,1385.00000000,0.3364
1628755123316000,0,1223.00000000,0.3365
1628755146220000,0,1.49518986,0.3365
1628755146220000,0,3114.99481014,0.3365
1628755146258000,0,0.00518986,0.3365
1628755219724000,0,1854.00000000,0.3366
1628755222269000,0,294.99937678,0.3370
1628755239570000,0,89.43354000,0.3370
1628755240545000,0,0.00000797,0.3370
1628755249638000,1,1080.42943080,0.3369
1628755249638000,1,14830.98906920,0.3369
1628755318782000,1,1104.71275813,0.3342
1628755319221000,1,1694.84785385,0.3340
1628755332328000,0,846.00000000,0.3347
1628755348330000,0,1563.00000000,0.3361
1628755420407000,1,1091.80659000,0.3353
1628755431139000,0,2348.00000000,0.3357
1628755529156000,1,311.84186960,0.3344
1628755536393000,0,2409.00000000,0.3350
1628755576030000,0,2026.00000000,0.3347
1628755581165000,0,78.77300000,0.3348
1628755599622000,0,5500.00000000,0.3354
1628755599705000,0,3255.52721000,0.3354
1628755674442000,0,1756.00000000,0.3342
1628755722072000,0,2571.52000000,0.3342
1628755722118000,0,52.48000000,0.3342
1628755740781000,1,1091.76435000,0.3339
1628755801677000,0,2318.68000000,0.3339
1628755801745000,0,47.32000000,0.3339
1628755822750000,0,1173.00000000,0.3343
1628755860078000,0,746.00000000,0.3349
1628755886955000,0,1666.00000000,0.3349
1628755927760000,0,906.00000000,0.3353
1628755927845000,0,745.00000000,0.3354
1628755935368000,0,1075.11398963,0.3358
1628756010758000,0,2856.70000000,0.3348
1628756017491000,0,180.00000000,0.3348
1628756052086000,1,743.99997021,0.3356
1628756055625000,1,744.00000000,0.3355
1628756064242000,0,1713.00000000,0.3359
1628756087748000,0,140.16096794,0.3372
1628756120607000,0,956.00000000,0.3372
1628756132070000,0,845.00000000,0.3372
1628756169150000,1,743.00000000,0.3360
1628756213730000,1,746.00000000,0.3350
1628756218858000,1,1224.89753000,0.3345
1628756262837000,0,1509.00000000,0.3350
1628756284834000,0,3732.00000000,0.3350
1628756284834000,0,8523.48967718,0.3352
1628756390822000,0,2007.00000000,0.3346
1628756408270000,0,1869.00000000,0.3350
1628756441344000,0,514.00000000,0.3355
1628756471005000,0,1811.53000000,0.3359
1628756471021000,0,610.47000000,0.3359
1628756577469000,0,2600.87419345,0.3356
1628756596344000,0,3291.00000000,0.3360
1628756728504000,0,958.00000000,0.3354
1628756767712000,0,1848.00000000,0.3359
1628756848796000,0,3199.00000000,0.3364
1628756917569000,0,2048.00000000,0.3365
1628756967264000,0,2429.00000000,0.3364
1628757073310000,0,1092.70000000,0.3380
1628757083259000,0,1115.00000000,0.3380
1628757085793000,1,1283.00000000,0.3383
1628757086312000,1,149.86293941,0.3383
1628757134790000,1,1103.15607053,0.3379
1628757170888000,0,5000.00000000,0.3374
1628757170960000,0,4500.00000000,0.3374
1628757171446000,0,867.00000000,0.3375
1628757171706000,0,886.00000000,0.3375
1628757183692000,0,638.00000000,0.3374
1628757263724000,0,1953.00000000,0.3370
1628757309633000,0,1910.00000000,0.3371
1628757343745000,0,490.00000000,0.3374
1628757370738000,0,1495.00000000,0.3376
1628757388495000,0,1712.00000000,0.3378
1628757398324000,1,1076.60505117,0.3377
1628757398577000,1,2691.15079000,0.3376
1628757398670000,1,0.00000964,0.3376
1628757398670000,1,738.99999036,0.3376
1628757446900000,0,2157.00000000,0.3384
1628757449676000,1,3000.00000000,0.3381
1628757497838000,0,2237.00000000,0.3382
1628757561770000,0,1155.00000000,0.3384
1628757565793000,0,1747.00000000,0.3384
1628757629333000,0,2909.00000000,0.3374
1628757732622000,0,4349.00000000,0.3373
1628757757214000,1,871.22294000,0.3370
1628757807035000,0,479.99921624,0.3365
1628757807055000,0,2093.00078376,0.3365
1628757853916000,1,85960.40000000,0.3360
1628757869616000,0,363.42424740,0.3359
1628757881153000,0,515.00000000,0.3356
1628757921626000,0,2992.92000000,0.3363
1628757922749000,0,61.08000000,0.3363
1628757980693000,0,1415.00000000,0.3361
1628757985206000,0,111.72000000,0.3361
1628757985604000,0,2.28000000,0.3361
1628758033217000,0,2056.00000000,0.3368
1628758153982000,0,3589.00000000,0.3366
1628758302858000,0,2637.00000000,0.3357
1628758307585000,1,1051.75894000,0.3356
1628758349362000,0,514.00000000,0.3362
1628758413369000,1,744.00000000,0.3356
1628758413466000,1,1000.00000000,0.3355
1628758468263000,0,2171.00000000,0.3356
1628758534196000,0,1695.00000000,0.3355
1628758543426000,0,1514.10000000,0.3358
1628758543505000,0,30.90000000,0.3358
1628758576666000,0,2446.00000000,0.3362
1628758576693000,1,8954.47116880,0.3360
1628758612872000,0,743.00000000,0.3364
1628758639730000,0,3179.00000000,0.3369
1628758664068000,0,1168.43670000,0.3368
1628758664532000,0,0.00002954,0.3368
1628758668835000,1,1090.18599270,0.3369
1628758668835000,1,3991.13506730,0.3369
1628758723148000,0,1835.00000000,0.3366
1628758743720000,1,3500.00000000,0.3367
1628758828699000,0,290.98832847,0.3359
1628758876626000,0,3270.26000000,0.3356
1628758876637000,0,66.74000000,0.3356
1628758889848000,0,704.46077028,0.3355
1628758934201000,0,285.57789844,0.3351
1628759011059000,0,3396.00000000,0.3342
1628759061920000,0,3721.00000000,0.3348
1628759102147000,0,2963.73670000,0.3351
1628759111090000,1,675.95000000,0.3350
1628759112526000,1,324.05000000,0.3350
1628759242399000,0,3585.00000000,0.3338
1628759242806000,0,3516.91686829,0.3342
1628759242806000,0,8789.88240331,0.3342
1628759254965000,1,748.00000000,0.3336
1628759257182000,1,300.00000000,0.3333
1628759299747000,0,6320.00000000,0.3325
1628759358950000,0,1382.00000000,0.3325
1628759405914000,1,90.35872000,0.3320
1628759415046000,0,1073.00000000,0.3323
1628759416563000,1,1110.27197000,0.3321
1628759486294000,0,1391.99200000,0.3321
1628759487367000,0,850.00800000,0.3321
1628759487546000,0,675.95000000,0.3322
1628759614367000,1,25392.93000000,0.3317
1628759614414000,1,0.00493949,0.3317
1628759621626000,1,753.00000000,0.3313
1628759709996000,1,74.00284555,0.3303
1628759710069000,1,1.51026215,0.3303
1628759714866000,0,1375.00000000,0.3306
1628759776729000,0,1708.00000000,0.3311
1628759809593000,0,2191.00000000,0.3311
1628759883605000,1,1127.58601470,0.3316
1628759888674000,0,3000.00000000,0.3318
1628759888674000,0,99801.05421700,0.3318
1628759912122000,0,3381.00000000,0.3318
1628759957559000,1,3000.00000000,0.3326
1628760016699000,0,74.00284555,0.3332
1628760016699000,0,1.51026215,0.3332
1628760016699000,0,1731.99689230,0.3332
1628760016724000,0,0.00310770,0.3332
1628760019926000,1,750.00000000,0.3328
1628760054309000,1,749.00000000,0.3333
1628760077671000,0,930.00000000,0.3340
1628760143165000,0,1575.00000000,0.3352
1628760150697000,0,829.00000000,0.3354
1628760183114000,1,1516.00000000,0.3362
1628760203650000,0,2336.00000000,0.3364
1628760251668000,0,1125.00000000,0.3356
1628760258613000,0,1000.00000000,0.3360
1628760312535000,0,2647.00000000,0.3363
1628760333245000,1,1149.58819000,0.3355
1628760362812000,0,744.00000000,0.3360
1628760379913000,1,1134.72859111,0.3350
1628760379913000,1,7375.82380722,0.3350
1628760379913000,1,2836.82846167,0.3350
1628760387626000,1,0.00001145,0.3350
1628760402216000,0,1846.00000000,0.3351
1628760450946000,0,2249.00000000,0.3348
1628760492034000,0,1195.00000000,0.3358
1628760493873000,1,926.56741000,0.3355
1628760531512000,1,743.00000000,0.3360
1628760561358000,0,1911.00000000,0.3364
1628760567417000,0,2498.00000000,0.3367
1628760584830000,0,89.43350000,0.3370
1628760584852000,0,0.00004797,0.3370
1628760618068000,1,948.45986000,0.3369
1628760624911000,0,1743.00000000,0.3373
1628760650614000,0,3500.00000000,0.3376
1628760653462000,0,387.00000000,0.3377
1628760661079000,1,920.32350000,0.3376
1628760661233000,1,0.00007605,0.3376
1628760661372000,1,5984.22490000,0.3375
1628760668829000,0,2182.00000000,0.3378
1628760681947000,0,1667.90000000,0.3383
1628760681996000,0,1720.30219831,0.3383
1628760682017000,0,1969.18802056,0.3383
1628760692794000,0,670.00000000,0.3383
1628760698325000,0,22567.96558397,0.3386
1628760698325000,0,8679.79441603,0.3386
1628760720667000,1,1064.90983331,0.3382
1628760720667000,1,1065.58296669,0.3382
1628760731126000,0,2139.00000000,0.3384
1628760745043000,1,1025.99506144,0.3384
1628760751159000,0,74.24990000,0.3388
1628760806688000,0,2215.00000000,0.3385
1628760810348000,0,24347.37827799,0.3386
1628760826844000,0,0.00001070,0.3388
1628760826844000,0,319.99998930,0.3388
1628760852986000,0,2100.00000000,0.3387
1628760873147000,1,1217.03404000,0.3380
1628760881524000,0,738.00000000,0.3385
1628760881524000,0,3000.00000000,0.3385
1628760881524000,0,852.00000000,0.3386
1628760881524000,0,7352.58242504,0.3386
1628760887988000,0,872.00000000,0.3385
1628760926394000,1,740.00000000,0.3375
1628760990150000,0,2003.00000000,0.3376
1628761012857000,0,14820.13000000,0.3376
1628761012880000,0,0.00346060,0.3376
1628761075801000,0,2974.00000000,0.3371
1628761081814000,0,3037.00000000,0.3375
1628761141737000,0,910.00000000,0.3374
1628761179811000,0,2480.00000000,0.3375
1628761186359000,0,435.00000000,0.3377
1628761202725000,0,1031.00000000,0.3379
1628761293995000,0,741.00000000,0.3373
1628761293995000,0,1839.00000000,0.3373
1628761359293000,0,62.72000000,0.3373
1628761386785000,0,317.00000000,0.3372
1628761430743000,0,3586.00000000,0.3372
1628761446201000,0,3378.00000000,0.3374
1628761458819000,0,9520.90000000,0.3377
1628761458852000,0,5304.66758751,0.3377
1628761464491000,0,149.00000000,0.3377
1628761561325000,0,2916.00000000,0.3373
1628761565342000,0,2512.00000000,0.3375
1628761667037000,0,1071.00000000,0.3366
1628761734530000,0,745.00000000,0.3357
1628761740889000,0,1597.00000000,0.3360
1628761764264000,0,2244.00000000,0.3358
1628761794921000,0,782.00000000,0.3356
1628761883946000,0,1224.76113503,0.3357
1628761885782000,0,1083.23886000,0.3357
1628761885901000,0,0.00000497,0.3357
1628761937569000,0,1768.00000000,0.3362
1628762019280000,0,2498.00000000,0.3368
1628762021499000,0,2492.00000000,0.3368
1628762060069000,0,11155.22513000,0.3369
1628762060107000,0,3695.67032824,0.3369
1628762060107000,0,1201.00000000,0.3369
1628762130899000,0,1926.00000000,0.3374
1628762184860000,0,600.00000000,0.3383
1628762188422000,0,835.00000000,0.3383
1628762233487000,0,2319.00000000,0.3381
1628762351280000,0,1792.40000000,0.3377
1628762351291000,0,120.60000000,0.3377
1628762432965000,0,966.00000000,0.3385
1628762631435000,0,4248.00000000,0.3380
1628762632060000,1,60.00000000,0.3379
1628762633732000,0,2969.00875325,0.3382
1628762668621000,0,348.88000000,0.3381
1628762671849000,0,192.08000000,0.3381
1628762675062000,0,62.72000000,0.3381
1628762707318000,0,3995.00000000,0.3381
1628762847443000,0,3835.00000000,0.3384
1628762906934000,1,1136.72650000,0.3378
1628762906962000,1,0.00000528,0.3378
1628762933590000,0,1969.00000000,0.3377
1628762949755000,0,4864.00000000,0.3380
1628762954298000,0,279.36093625,0.3384
1628763033625000,1,80.00000000,0.3382
1628763100912000,1,60.00000000,0.3379
1628763173996000,0,2004.00000000,0.3381
1628763177234000,0,878.00000000,0.3381
1628763196553000,0,58.82674628,0.3383
1628763244771000,0,681.00000000,0.3383
1628763264852000,0,2312.00000000,0.3384
1628763323960000,0,738.00000000,0.3386
1628763323960000,0,386.67802680,0.3387
1628763324208000,0,2200.32197320,0.3387
1628763352450000,0,88.90590000,0.3390
1628763352454000,0,0.00003198,0.3390
1628763438774000,0,1749.00000000,0.3393
1628763522546000,0,175.88230615,0.3394
1628763574748000,0,1050.00000000,0.3391
1628763622187000,0,58.71739643,0.3389
1628763643651000,0,14767.92121110,0.3388
1628763643651000,0,1404.99878890,0.3388
1628763644532000,0,0.00121110,0.3388
1628763644532000,0,14767.91878890,0.3388
1628763664409000,1,4000.00000000,0.3382
1628763664470000,1,10768.18780000,0.3382
1628763664471000,1,0.00005083,0.3382
1628763664821000,1,1118.26485097,0.3380
1628763664901000,1,1119.09128533,0.3380
1628763712193000,0,5698.16931000,0.3382
1628763722755000,0,2405.00000000,0.3382
1628763756803000,0,1662.00000000,0.3384
1628763798591000,1,2770.88732509,0.3378
1628763798591000,1,229.11267491,0.3378
1628763802543000,0,1484.81770706,0.3380
1628763915619000,1,2930.31389000,0.3374
1628763915768000,1,0.00000867,0.3374
1628763915768000,1,1082.60175969,0.3373
1628763941107000,1,3000.00000000,0.3372
1628763956905000,0,2467.00000000,0.3376
1628763978290000,0,2412.00000000,0.3378
1628763997416000,0,389.00000000,0.3380
1628764037684000,0,3477.00000000,0.3380
1628764041740000,0,3256.00000000,0.3380
1628764106613000,0,2468.00000000,0.3382
1628764195362000,0,951.60381763,0.3381
1628764195371000,0,951.60381763,0.3381
1628764199397000,0,811.79000000,0.3381
1628764199400000,0,0.00236474,0.3381
1628764207892000,1,2200.00500000,0.3379
1628764233372000,0,581.00000000,0.3381
1628764313996000,0,1301.00000000,0.3381
1628764362796000,1,441.03223760,0.3376
1628764474933000,1,1128.93035000,0.3372
1628764475183000,1,1128.93035662,0.3372
1628764475672000,1,1128.93035662,0.3368
1628764475672000,1,1876.05951508,0.3368
1628764475699000,1,318.56612291,0.3368
1628764475722000,1,627.50624322,0.3368
1628764476163000,1,1000.00000000,0.3367
1628764529799000,1,25000.00000000,0.3363
1628764547481000,1,1095.40025000,0.3364
1628764547704000,1,0.00000900,0.3364
1628764547704000,1,2738.89913595,0.3363
1628764547704000,1,7121.24385078,0.3363
1628764557011000,0,746.64879714,0.3367
1628764561659000,0,2392.00000000,0.3366
1628764575227000,1,1041.36504000,0.3361
1628764593690000,0,3032.00000000,0.3362
1628764601544000,0,3716.00000000,0.3365
1628764601544000,0,2500.00000000,0.3365
1628764601544000,0,24914.09716036,0.3365
1628764601544000,0,14873.71445964,0.3365
1628764602746000,0,3657.00000000,0.3365
1628764602746000,0,0.00000017,0.3365
1628764602746000,0,14869.37160444,0.3367
1628764602746000,0,3000.22600000,0.3367
1628764607534000,0,5500.00000000,0.3365
1628764607926000,0,3489.94261000,0.3366
1628764612515000,0,2450.77184200,0.3369
1628764616196000,1,1053.30455000,0.3363
1628764664680000,1,6500.00000000,0.3357
1628764664694000,1,20277.70165869,0.3357
1628764708237000,0,2083.65580387,0.3360
1628764708258000,0,1410.79293109,0.3360
1628764708258000,0,1030.06101059,0.3360
1628764708304000,0,375.93898941,0.3360
1628764708391000,0,2801.53902151,0.3358
1628764708428000,0,1021.46097849,0.3358
1628764819406000,0,1924.00000000,0.3355
1628764957456000,0,1064.08632652,0.3356
1628764957663000,0,704.91367348,0.3356
1628765145753000,0,5391.00000000,0.3356
1628765194901000,0,1052.00000000,0.3357
1628765217419000,0,1221.00000000,0.3360
1628765221464000,0,1947.00000000,0.3360
1628765252037000,0,2449.00000000,0.3360
1628765363125000,1,3568.00000000,0.3365
1628765368726000,1,3568.00000000,0.3365
1628765368822000,1,742.00000000,0.3365
1628765410611000,0,4243.00000000,0.3368
1628765419899000,0,2635.88000000,0.3368
1628765423267000,0,190.12000000,0.3368
1628765497312000,1,320.73518080,0.3367
1628765503627000,0,316.94345776,0.3373
1628765539932000,0,3705.00000000,0.3369
1628765590681000,0,2080.00000000,0.3371
1628765664873000,0,680.00000000,0.3366
1628765664898000,0,0.00000060,0.3366
1628765760868000,0,1220.00000000,0.3361
1628765760996000,0,3491.37152219,0.3362
1628765822847000,0,1070.00000000,0.3363
1628765823340000,0,2608.70000000,0.3366
1628765823421000,0,880.17900835,0.3366
1628765852717000,0,759.00000000,0.3368
1628765941863000,1,1032.00000000,0.3364
1628765957435000,0,1174.00000000,0.3361
1628766023053000,0,2712.00000000,0.3357
1628766082148000,0,2219.00000000,0.3362
1628766140234000,0,1644.00000000,0.3369
1628766166093000,0,58.92952324,0.3377
1628766178099000,1,740.00000000,0.3376
1628766195186000,0,2662.00000000,0.3380
1628766243719000,1,739.00000000,0.3379
1628766298927000,1,12000.00000000,0.3376
1628766299291000,1,796.54974898,0.3375
1628766318842000,0,1811.00000000,0.3375
1628766368007000,0,4900.00000000,0.3380
1628766368007000,0,2940.20179305,0.3380
1628766368007000,0,14802.32964634,0.3380
1628766368007000,0,3000.22600000,0.3380
1628766368007000,0,3473.16205520,0.3380
1628766368007000,0,49990.72658632,0.3380
1628766368917000,0,58.88070300,0.3380
1628766396660000,0,153.38016140,0.3381
1628766450863000,0,58.93475878,0.3377
1628766471961000,0,1649.00000000,0.3377
1628766509270000,0,58.85458255,0.3381
1628766514018000,0,1284.00000000,0.3381
1628766563799000,0,2048.00000000,0.3380
1628766584792000,0,58.83022437,0.3383
1628766620965000,0,3444.00000000,0.3383
1628766677522000,1,5573.27042000,0.3373
1628766707219000,0,59.03966535,0.3371
1628766711760000,0,1310.00000000,0.3371
1628766774702000,0,1290.16782930,0.3370
1628766803357000,0,59.06069149,0.3370
1628766811221000,0,4795.00000000,0.3370
1628766837445000,1,741.00000000,0.3371
1628766851250000,0,2709.00000000,0.3370
1628766898856000,1,780.76416000,0.3362
1628766908522000,0,2977.24000000,0.3363
1628766909735000,0,59.54480000,0.3363
1628766912999000,0,1.21520000,0.3363
1628766918838000,0,59.06945681,0.3369
1628766930434000,1,0.00000944,0.3362
1628766935220000,1,3000.00000000,0.3356
1628766987599000,0,59.40447761,0.3350
1628767021325000,1,747.00000000,0.3343
1628767032491000,0,1892.00000000,0.3348
1628767040979000,0,59.45239446,0.3347
1628767060655000,1,88.02131673,0.3340
1628767081366000,1,1.79635340,0.3340
1628767082753000,1,70.56000000,0.3337
1628767083070000,1,4.20775546,0.3337
1628767092324000,0,5421.00000000,0.3341
1628767148572000,0,59.66271923,0.3336
1628767156512000,0,3260.00000000,0.3337
1628767158392000,0,2861.00000000,0.3337
1628767184259000,1,749.00000000,0.3336
1628767303621000,0,740.00000000,0.3338
1628767307335000,0,1937.00000000,0.3340
1628767310561000,0,748.00000000,0.3344
1628767311093000,0,19600.00000000,0.3344
1628767311292000,0,68685.02000000,0.3344
1628767315798000,1,500.00000000,0.3345
1628767315798000,1,3030.31000000,0.3345
1628767316018000,1,87364.93000000,0.3345
1628767348924000,0,1109.00000000,0.3346
1628767357116000,0,333.00000000,0.3346
1628767359108000,1,5500.00000000,0.3345
1628767398305000,0,1844.00000000,0.3348
1628767459336000,0,59.61446288,0.3338
1628767468155000,0,1648.00000000,0.3339
1628767474719000,0,2926.00000000,0.3339
1628767484557000,0,147.93486326,0.3342
1628767542734000,0,228.00000000,0.3345
1628767586406000,0,59.45239446,0.3347
1628767608777000,0,385.00000000,0.3347
1628767695813000,0,2588.00000000,0.3345
1628767728611000,1,841.93231000,0.3344
