timestamp ms,type,amount,price
1624147275084000,1,104.16304989,0.2880
1624147275098000,1,902.94113566,0.2879
1624147275098000,1,201.35886434,0.2879
1624147277804000,1,697.23622457,0.2877
1624147319580000,1,19206.98420040,0.2873
1624147319582000,1,393.69842629,0.2873
1624147319635000,1,15026.94918120,0.2873
1624147320467000,1,4137.83899007,0.2870
1624147320508000,1,4137.83899007,0.2870
1624147320573000,1,73.97358780,0.2870
1624147340662000,0,1104.30000000,0.2867
1624147340763000,0,2732.24000000,0.2867
1624147340778000,0,683.45991840,0.2867
1624147340789000,0,2104.54008160,0.2867
1624147341156000,0,2832.57544446,0.2867
1624147341217000,0,0.00000001,0.2867
1624147342544000,0,231.95130000,0.2872
1624147342615000,0,200.95290000,0.2872
1624147342739000,0,522.53110000,0.2872
1624147342750000,0,228.40180000,0.2872
1624147342833000,0,187.87580000,0.2872
1624147344850000,1,81.72100000,0.2870
1624147344931000,1,110.13200000,0.2870
1624147345869000,1,762.34652756,0.2870
1624147348736000,1,1104.30000000,0.2865
1624147351236000,0,2819.88024896,0.2868
1624147352253000,1,2479.19050000,0.2865
1624147378874000,0,2536.09282050,0.2871
1624147378874000,0,196.14717950,0.2871
1624147385687000,0,643.00000000,0.2871
1624147398620000,0,455.00000000,0.2877
1624147444794000,0,461.30000000,0.2885
1624147447811000,0,132.73810000,0.2885
1624147447886000,0,96.71750000,0.2885
1624147447918000,0,102.39330000,0.2885
1624147448015000,0,86.09840000,0.2885
1624147448155000,0,90.16000000,0.2885
1624147448185000,0,332.82020000,0.2885
1624147448194000,0,141.68850000,0.2885
1624147448195000,0,104.35440000,0.2885
1624147448215000,0,99.87380000,0.2885
1624147448290000,0,127.14480000,0.2885
1624147448368000,0,201.95390000,0.2885
1624147448380000,0,100.71650000,0.2885
1624147448507000,0,397.00136742,0.2885
1624147449023000,0,1202.00000000,0.2886
1624147449788000,0,4499.99999999,0.2888
1624147449789000,0,0.00000001,0.2888
1624147561621000,0,1929.27304873,0.2879
1624147581562000,0,1884.97610000,0.2874
1624147596478000,1,700.43618777,0.2865
1624147596478000,1,2129.42631223,0.2864
1624147604222000,0,685.75090000,0.2868
1624147631849000,0,1800.82524000,0.2867
1624147632028000,0,0.00000055,0.2867
1624147632028000,0,1642.99999945,0.2867
1624147634589000,0,0.00000055,0.2867
1624147657261000,1,104.89143736,0.2860
1624147657414000,1,487.92490000,0.2859
1624147657482000,1,78.66264064,0.2859
1624147698769000,0,566.58740000,0.2862
1624147699167000,0,1076.69280805,0.2862
1624147699167000,0,4108.45938195,0.2862
1624147747900000,0,1028.00000000,0.2861
1624147810985000,0,579.00000000,0.2865
1624147885703000,0,1616.00000000,0.2871
1624147945507000,0,201.81430000,0.2875
1624147945712000,0,149.67400000,0.2875
1624147945940000,1,40780.34395511,0.2875
1624147945940000,1,3000.00000000,0.2875
1624147945940000,1,2500.00000000,0.2875
1624147945940000,1,4499.99999489,0.2875
1624147948011000,1,4499.99990000,0.2874
1624147980416000,1,351.48830000,0.2872
1624147989336000,1,17045.52418000,0.2872
1624147998737000,0,803.00000000,0.2874
1624148033927000,1,4500.00000000,0.2872
1624148033927000,1,0.00000702,0.2872
1624148033927000,1,12893.93183298,0.2872
1624148037481000,1,4500.00000000,0.2872
1624148041467000,1,12899.50269000,0.2872
1624148048527000,0,1515.39657000,0.2872
1624148048615000,0,0.00000152,0.2872
1624148048615000,0,1515.50209848,0.2872
1624148049102000,0,839.00000000,0.2873
1624148082133000,0,89.31750000,0.2874
1624148082135000,0,1129.68513213,0.2874
1624148084663000,0,77.42000000,0.2875
1624148084709000,0,1.58000000,0.2875
1624148095582000,0,84.81710000,0.2883
1624148107985000,1,174.13460000,0.2879
1624148108476000,1,4500.00000000,0.2879
1624148108657000,1,454.16693000,0.2879
1624148108939000,1,0.00000892,0.2879
1624148108939000,1,90.81149108,0.2878
1624148108962000,1,537.45514729,0.2878
1624148113821000,0,628.26650000,0.2881
1624148117035000,1,619.76409477,0.2877
1624148118806000,1,1294.00000000,0.2876
1624148121229000,1,1549.41023691,0.2875
1624148121365000,1,417.06180000,0.2875
1624148121369000,1,199.98162167,0.2875
1624148121765000,1,206.22830000,0.2874
1624148122014000,1,282.50730000,0.2874
1624148126871000,1,0.00000030,0.2872
1624148126871000,1,619.76399970,0.2871
1624148140861000,0,488.73560000,0.2873
1624148158034000,1,17406.60197000,0.2869
1624148171183000,0,199.98100000,0.2871
1624148173420000,0,482.01900000,0.2871
1624148194715000,1,0.00000983,0.2869
1624148238684000,0,1196.00000000,0.2864
1624148239019000,0,1409.89716000,0.2866
1624148292541000,0,911.00000000,0.2867
1624148490508000,0,93.34450000,0.2865
1624148490514000,0,975.65550000,0.2865
1624148510429000,0,505.00000000,0.2869
1624148598154000,1,93.34450000,0.2867
1624148656961000,0,88.79400000,0.2863
1624148657106000,0,1349.20600000,0.2863
1624148725977000,1,23758.75481000,0.2854
1624148739399000,0,779.00000000,0.2857
1624148816454000,1,918.56700000,0.2854
1624148817755000,1,185.73300000,0.2854
1624148817767000,1,4314.26700000,0.2854
1624148818237000,1,876.00000000,0.2852
1624148818237000,1,918.56770577,0.2851
1624148818237000,1,1830.43239423,0.2851
1624148820050000,1,838.53099518,0.2850
1624148820050000,1,36.46910482,0.2850
1624148820556000,1,4500.00000000,0.2850
1624148820952000,1,88.79400000,0.2850
1624148820981000,1,994.06564912,0.2850
1624148820981000,1,866.40345088,0.2850
1624148821802000,1,795.60349000,0.2850
1624148821886000,1,3704.39651000,0.2850
1624148821954000,1,0.00005789,0.2850
1624148822286000,1,780.75176939,0.2848
1624148822286000,1,795.60349545,0.2848
1624148822286000,1,634.64467726,0.2847
1624148823088000,1,140.21065433,0.2846
1624148823088000,1,18389.36355186,0.2845
1624148823092000,1,1612.62590749,0.2845
1624148823092000,1,947.14443461,0.2844
1624148861513000,1,721.21626646,0.2849
1624148861513000,1,1197.09853354,0.2848
1624148878584000,1,685.37877733,0.2847
1624148878584000,1,685.36902267,0.2847
1624148879043000,1,0.00013376,0.2847
1624148879043000,1,685.37866624,0.2847
1624148882101000,1,678.78630960,0.2845
1624148882101000,1,685.37869040,0.2845
1624148884271000,1,598.74228850,0.2843
1624148884271000,1,598.74228850,0.2843
1624148894717000,1,603.44060000,0.2841
1624148896750000,1,103.51748178,0.2840
1624148898741000,1,2.11260167,0.2840
1624148912098000,0,123936.48000000,0.2841
1624148913863000,1,1010.74670921,0.2842
1624148913863000,1,479.25329079,0.2841
1624148921025000,0,4500.00000000,0.2848
1624148960890000,1,4410.00000000,0.2841
1624148960905000,1,90.00000000,0.2841
1624148980784000,0,173.00000000,0.2845
1624148982967000,0,1354.98220000,0.2847
1624148982971000,0,106.01850000,0.2847
1624148983052000,0,20500.00000000,0.2847
1624149019240000,0,331.90786516,0.2848
1624149024335000,1,17566.11650000,0.2844
1624149025710000,1,11458.46641000,0.2842
1624149025791000,1,12371.33555000,0.2842
1624149029274000,0,1291.54927000,0.2844
1624149035392000,0,331.90780000,0.2847
1624149036745000,0,958.24046211,0.2847
1624149036745000,0,8392.43540789,0.2847
1624149038464000,0,463.00000000,0.2846
1624149064460000,0,0.00000932,0.2847
1624149085484000,0,3258.42145000,0.2848
1624149088914000,0,0.00000684,0.2848
1624149088914000,0,1078.99999316,0.2849
1624149091844000,0,0.00000684,0.2849
1624149151071000,0,807.00000000,0.2857
1624149180369000,1,1634.00070000,0.2857
1624149180403000,1,1218.97824547,0.2857
1624149180520000,1,14632.26933137,0.2857
1624149199844000,0,1072.00000000,0.2859
1624149202042000,0,890.00000000,0.2860
1624149255532000,0,554.00000000,0.2867
1624149267965000,1,17407.85748379,0.2869
1624149317241000,1,1017.00000000,0.2862
1624149363963000,0,1104.30000000,0.2864
1624149365591000,0,350.00000000,0.2864
1624149375532000,0,754.30000000,0.2865
1624149377307000,0,1092.70000000,0.2865
1624149454914000,0,1331.00000000,0.2871
1624149464579000,0,133.00000000,0.2872
1624149507396000,0,808.00000000,0.2873
1624149544677000,1,133.00000000,0.2868
1624149584560000,0,804.00000000,0.2867
1624149678029000,0,1456.00000000,0.2868
1624149803572000,0,190.69750505,0.2870
1624149879736000,0,882.00000000,0.2865
1624149932828000,0,247.82577690,0.2861
1624150012013000,0,69.66010921,0.2857
1624150012565000,0,2308.33989000,0.2857
1624150013207000,0,0.00000079,0.2857
1624150048187000,0,1729.00000000,0.2859
1624150063276000,0,1548.00000000,0.2860
1624150109321000,0,628.00000000,0.2868
1624150122619000,0,554.00000000,0.2869
1624150216181000,0,1491.00000000,0.2873
1624150216181000,0,3009.00000000,0.2873
1624150216304000,0,1491.00000000,0.2873
1624150242905000,0,868.00000000,0.2880
1624150242937000,0,3632.00000000,0.2880
1624150463690000,0,1497.00000000,0.2875
1624150588264000,0,900.00000000,0.2866
1624150639575000,0,541.00000000,0.2865
1624150639788000,0,872.00000000,0.2867
1624150643602000,0,295.90690000,0.2867
1624150643625000,0,1765.09310000,0.2867
1624150680108000,1,455.83300000,0.2867
1624150680225000,1,0.00086198,0.2867
1624150699530000,0,455.83300000,0.2869
1624150747947000,1,295.90610000,0.2868
1624150763650000,0,1777.00000000,0.2868
1624150811093000,1,431.39500000,0.2864
1624150811136000,1,0.00034443,0.2864
1624150924863000,0,2890.08125302,0.2872
1624150924933000,0,870.00000000,0.2872
1624150925149000,0,739.91874698,0.2872
1624150925149000,0,130.08125302,0.2873
1624150926173000,0,2594.00000000,0.2873
1624150927787000,0,1905.99990000,0.2874
1624150928176000,0,431.39500000,0.2874
1624150928300000,0,1579.19590000,0.2874
1624150928741000,0,111.76570000,0.2874
1624150928779000,0,256.60510000,0.2874
1624150928878000,0,876.28090000,0.2874
1624150928963000,0,102.72660000,0.2874
1624150944657000,1,831.86155000,0.2874
1624150944880000,1,4500.00000000,0.2874
1624150958396000,1,4500.00000000,0.2874
1624150958396000,1,772.49007000,0.2874
1624150958512000,1,0.00000226,0.2874
1624150991690000,0,1671.00000000,0.2880
1624150994190000,1,1384.70452662,0.2878
1624150998210000,1,1378.36970000,0.2878
1624151006570000,1,1302.42805073,0.2877
1624151006570000,1,1302.49114927,0.2877
1624151006607000,1,0.00011463,0.2877
1624151035901000,1,5016.71120000,0.2880
1624151035973000,1,1541.86960000,0.2880
1624151038979000,0,124.94200000,0.2884
1624151039238000,0,106.52850000,0.2884
1624151039251000,0,747.33642302,0.2884
1624151066976000,1,17524.96526000,0.2882
1624151067055000,1,7475.03474000,0.2882
1624151088963000,1,25000.00000000,0.2884
1624151100400000,1,23024.96526000,0.2884
1624151100457000,1,1975.03474000,0.2884
1624151121012000,0,1231.98394890,0.2884
1624151136963000,1,231.47050000,0.2882
1624151142438000,0,360.09968322,0.2884
1624151145897000,0,377.90030000,0.2884
1624151149215000,0,0.00001678,0.2884
1624151187872000,0,199.63885330,0.2888
1624151194962000,0,1796.00000000,0.2888
1624151219579000,0,103.51748178,0.2890
1624151219579000,0,2.11251822,0.2890
1624151226068000,1,1119.78680000,0.2888
1624151226107000,1,0.00000776,0.2888
1624151340863000,0,1483.00000000,0.2885
1624151439588000,0,845.00000000,0.2884
1624151444625000,0,866.00000000,0.2884
1624151444625000,0,1806.00000000,0.2885
1624151444625000,0,9156.44109389,0.2885
1624151471989000,1,1015.57085562,0.2880
1624151471989000,1,88.72914438,0.2880
1624151515556000,0,319.00000000,0.2881
1624151536713000,0,967.00000000,0.2884
1624151542908000,0,103.09250000,0.2886
1624151711246000,0,788.00000000,0.2881
1624151726242000,0,2653.00000000,0.2883
1624151826475000,0,137.30000000,0.2882
1624151829906000,0,248.70000000,0.2882
1624151872265000,0,2837.48097929,0.2884
1624151883082000,0,1117.00000000,0.2885
1624151889896000,0,207.21380000,0.2887
1624151896023000,0,0.00004020,0.2887
1624151896023000,0,1513.26705980,0.2888
1624152006032000,0,1177.00000000,0.2885
1624152026226000,0,278.20600000,0.2887
1624152038613000,0,49.79400000,0.2887
1624152045398000,0,163.57044471,0.2889
1624152095518000,0,163.57050000,0.2885
1624152104512000,0,872.42950000,0.2885
1624152273744000,0,88.42660000,0.2885
1624152273781000,0,97.09540000,0.2885
1624152273833000,0,196.67830000,0.2885
1624152273987000,0,98.80080000,0.2885
1624152273991000,0,133.50390000,0.2885
1624152274010000,0,1135.49500000,0.2885
1624152299827000,0,132.61685000,0.2894
1624152300059000,0,0.00000770,0.2894
1624152300130000,0,863.00000000,0.2895
1624152303066000,1,1313.25130000,0.2891
1624152318269000,0,139.24770000,0.2893
1624152335341000,1,1031.95870000,0.2889
1624152507309000,0,75.00000000,0.2889
1624152507732000,0,2256.00000000,0.2889
1624152510549000,1,74.00000000,0.2891
1624152510549000,1,161.00000000,0.2890
1624152634374000,0,1779.00000000,0.2887
1624152634461000,1,1104.30000000,0.2888
1624152634517000,1,4167.60032000,0.2888
1624152634518000,1,0.00000292,0.2888
1624152660529000,0,151.00000000,0.2888
1624152686309000,0,953.30000000,0.2889
1624152689213000,1,17297.85380000,0.2888
1624152696467000,1,0.00000100,0.2888
1624152713755000,1,89.17310000,0.2884
1624152713760000,1,0.00003050,0.2884
1624152755409000,0,551.00000000,0.2879
1624152844336000,0,150.00000000,0.2881
1624152869709000,0,150.00000000,0.2881
1624152869763000,0,89.17310000,0.2881
1624152869936000,0,628.82690000,0.2881
1624152872095000,0,1837.00000000,0.2882
1624152916309000,0,867.00000000,0.2883
1624152916473000,0,1025.00000000,0.2883
1624153035195000,1,1104.30000000,0.2885
1624153088365000,1,7954.92715000,0.2884
1624153195782000,0,748.00000000,0.2884
1624153239520000,0,356.30000000,0.2885
1624153257733000,0,136.85241940,0.2885
1624153314878000,0,136.85240000,0.2883
1624153320445000,0,1422.14760000,0.2883
1624153530023000,1,1183.25254012,0.2878
1624153530023000,1,2958.13820780,0.2878
1624153603221000,0,1386.00000000,0.2878
1624153654501000,0,1049.00000000,0.2878
1624153738549000,0,599.11280000,0.2877
1624153738660000,0,814.88720000,0.2877
1624153754111000,1,69.99906674,0.2875
1624153798262000,0,1310.00000000,0.2878
1624153809972000,0,637.00000000,0.2878
1624153845939000,1,599.11280000,0.2878
1624153941783000,0,1600.00000000,0.2874
1624154103279000,0,85.21340000,0.2872
1624154105292000,0,9291.77759000,0.2872
1624154112523000,0,0.00000319,0.2872
1624154112523000,0,1770.99999681,0.2873
1624154113860000,0,0.00000319,0.2873
1624154113860000,0,4115.95151899,0.2876
1624154113860000,0,10289.75185782,0.2876
1624154113918000,0,0.00001758,0.2876
1624154115723000,1,1319.00000000,0.2877
1624154235338000,1,6000.00000000,0.2884
1624154235379000,1,85.21340000,0.2884
1624154528020000,0,3508.29728157,0.2877
1624154761365000,0,1912.10096722,0.2874
1624154933355000,0,988.00000000,0.2867
1624155216179000,0,807.00000000,0.2865
1624155259720000,0,469.42550000,0.2868
1624155303145000,1,17433.40130000,0.2866
1624155303516000,1,0.00000498,0.2866
1624155479543000,0,174.70810000,0.2859
1624155479641000,0,90.07260000,0.2859
1624155480970000,0,100.70870000,0.2859
1624155481008000,0,669.51060000,0.2859
1624155525392000,0,93.53330000,0.2860
1624155525460000,0,1391.46670000,0.2860
1624155631252000,0,1504.00000000,0.2856
1624155720783000,1,928.44820000,0.2858
1624155747804000,0,942.00000000,0.2860
1624155747958000,0,103.33420000,0.2860
1624155748000000,0,95.72940000,0.2860
1624155748028000,0,92.58540000,0.2860
1624155748041000,0,650.35100000,0.2860
1624155751514000,0,821.00000000,0.2862
1624155977725000,1,291.64900000,0.2857
1624156054995000,0,1722.00000000,0.2856
1624156146803000,0,2451.00000000,0.2854
1624156233536000,0,1641.00000000,0.2852
1624156261066000,0,306.00000000,0.2854
1624156261066000,0,4500.00000000,0.2854
1624156301230000,0,2058.00000000,0.2856
1624156328807000,0,672.00000000,0.2856
1624156401597000,1,1773.60824337,0.2851
1624156401646000,1,2742.78340000,0.2851
1624156414544000,0,1315.00000000,0.2853
1624156430891000,0,506.00100000,0.2854
1624156552092000,0,110.00000000,0.2853
1624156555899000,0,110.00000000,0.2855
1624156888396000,1,220.00000000,0.2851
1624156972327000,0,949.59850000,0.2847
1624156974404000,0,7916.38825864,0.2848
1624156975379000,0,279.16493340,0.2848
1624156977614000,0,279.16490000,0.2848
1624157052528000,0,1542.00000000,0.2848
1624157093910000,1,16500.00000000,0.2851
1624157094832000,1,1968.77670209,0.2849
1624157103922000,1,11828.44109389,0.2847
1624157133545000,0,120.41070000,0.2849
1624157133568000,0,332.50350000,0.2849
1624157133571000,0,114.08580000,0.2849
1624157148666000,0,17500.00000000,0.2854
1624157149767000,0,952.00000000,0.2854
1624157199285000,0,1233.00000000,0.2856
1624157250935000,1,1968.77670000,0.2853
1624157256738000,0,1867.31346747,0.2856
1624157268361000,0,522.00000000,0.2855
1624157286441000,1,1402.51270000,0.2853
1624157296774000,0,2432.87426984,0.2853
1624157300973000,0,1345.31340000,0.2853
1624157365375000,0,1497.00000000,0.2856
1624157440039000,0,469.00000000,0.2857
1624157450669000,0,306.00000000,0.2859
1624157472936000,0,1267.00000000,0.2866
1624157526112000,0,4500.00000000,0.2870
1624157526112000,0,6047.65053211,0.2870
1624157530069000,0,4500.00000000,0.2870
1624157530069000,0,6047.65053000,0.2870
1624157530069000,0,4641.60930981,0.2870
1624157535461000,0,568.00000000,0.2870
1624157563369000,0,169.00000000,0.2872
1624157647097000,0,1820.00000000,0.2870
1624157659555000,0,923.00000000,0.2874
1624157676477000,0,1242.83560000,0.2876
1624157680661000,0,0.00004118,0.2876
1624157687286000,0,4359.48924793,0.2879
1624157690800000,0,11947.65360000,0.2879
1624157692760000,0,1019.99011000,0.2880
1624157692910000,0,0.00000134,0.2880
1624157692910000,0,2593.99999866,0.2881
1624157778381000,0,2104.00000000,0.2879
1624157801344000,0,316.54000000,0.2883
1624157801372000,0,6.46000000,0.2883
1624157846546000,0,658.00000000,0.2887
1624157872143000,0,75.36801348,0.2890
1624157872143000,0,1.53812272,0.2890
1624157903960000,1,80.72200000,0.2887
1624157906386000,1,80.72200000,0.2886
1624157963156000,0,4500.00000000,0.2885
1624157963156000,0,1285.00000000,0.2885
1624157963156000,0,5850.75141203,0.2886
1624157992666000,0,671.13939748,0.2888
1624158028770000,0,861.35734072,0.2887
1624158163643000,0,195.94806950,0.2881
1624158171522000,0,165.11845560,0.2879
1624158182691000,0,125.41476450,0.2878
1624158189594000,0,100.33181160,0.2879
1624158202817000,1,119.29500000,0.2875
1624158300807000,0,1092.00000000,0.2873
1624158301318000,0,4500.00000000,0.2873
1624158302221000,0,1004.92069048,0.2876
1624158306846000,0,3170.00000000,0.2877
1624158468516000,0,248.00000000,0.2890
1624158488285000,0,1038.00000000,0.2893
1624158509595000,0,88.00000000,0.2896
1624158556994000,0,1549.00000000,0.2895
1624158564596000,0,1138.00000000,0.2897
1624158586516000,1,23006.28470000,0.2895
1624158624831000,0,147.00000000,0.2891
1624158629801000,1,189.26765960,0.2889
1624158692412000,0,17328.06249000,0.2887
1624158692748000,0,4500.00000000,0.2887
1624158703133000,0,13648.02440000,0.2889
1624158792225000,0,1365.00000000,0.2885
1624158861937000,0,280.73900000,0.2887
1624158864885000,0,421.26100000,0.2887
1624158937040000,1,363.92342000,0.2884
1624158959963000,0,419.00000000,0.2884
1624159219808000,1,443.40565671,0.2878
1624159237182000,1,432.58300000,0.2876
1624159237271000,1,0.00087778,0.2876
1624159261518000,0,1183.00000000,0.2877
1624159264781000,0,357.03650000,0.2881
1624159265717000,0,23334.40674000,0.2881
1624159354000000,0,492.07750000,0.2883
1624159354009000,0,167.75400000,0.2883
1624159354088000,0,458.20390000,0.2883
1624159354115000,0,1504.96460000,0.2883
1624159398548000,0,432.58300000,0.2891
1624159404493000,0,171.41700000,0.2891
1624159425109000,1,348.84256330,0.2892
1624159471742000,0,571.00000000,0.2891
1624159479534000,1,313.39275213,0.2889
1624159479534000,1,783.48174787,0.2889
1624159497535000,0,571.00000000,0.2891
1624159510038000,0,171.00000000,0.2891
1624159520364000,0,799.00000000,0.2892
1624159542806000,0,649.00000000,0.2894
1624159579402000,1,305.76751000,0.2894
1624159579643000,1,1987.48886480,0.2894
1624159579643000,1,764.41878520,0.2894
1624159579661000,1,0.00000895,0.2894
1624159596721000,0,1274.00000000,0.2898
1624159681567000,1,378.19750000,0.2895
1624159711640000,0,3775.53433000,0.2891
1624159728512000,0,772.00000000,0.2894
1624159739730000,0,1679.00000000,0.2894
1624159925623000,0,2654.00000000,0.2888
1624160015867000,0,2447.00000000,0.2888
1624160044205000,0,1028.00000000,0.2890
1624160065462000,0,816.00000000,0.2892
1624160065635000,0,816.00000000,0.2892
1624160126510000,0,816.00000000,0.2890
1624160131961000,0,941.00000000,0.2890
1624160183200000,0,1056.00000000,0.2893
1624160246631000,0,1061.00000000,0.2894
1624160278588000,1,4500.00000000,0.2893
1624160278711000,1,4500.00000000,0.2893
1624160279502000,1,448.44359120,0.2892
1624160279502000,1,2914.88334278,0.2891
1624160292208000,0,1417.00000000,0.2894
1624160386512000,1,5636.67320000,0.2895
1624160466667000,0,1384.00000000,0.2902
1624160531536000,1,15000.00000000,0.2901
1624160531616000,1,2221.86561000,0.2901
1624160531852000,1,304.07300000,0.2900
1624160584460000,0,931.00000000,0.2901
1624160624916000,0,1030.00000000,0.2903
1624160710742000,1,17225.28902000,0.2900
1624160710980000,1,0.00000449,0.2900
1624160710980000,1,256.47299551,0.2900
1624160737410000,0,2260.00000000,0.2902
1624160754256000,0,1174.00000000,0.2904
1624160856218000,1,115.82361887,0.2904
1624160856218000,1,289.55904718,0.2904
1624160856218000,1,4500.00000000,0.2904
1624160856218000,1,4301.00000000,0.2904
1624160856218000,1,17744.19451532,0.2903
1624160863437000,0,656.00000000,0.2908
1624160932798000,1,4073.38187000,0.2907
1624160959901000,0,1701.00000000,0.2908
1624161002724000,0,3106.30665092,0.2908
1624161029523000,0,560.54600000,0.2908
1624161031660000,0,349.45400000,0.2908
1624161035708000,0,1831.05069154,0.2908
1624161035711000,0,1246.70405119,0.2908
1624161036920000,0,1422.24525000,0.2908
1624161037394000,0,0.00000727,0.2908
1624161071220000,1,3472.69925000,0.2908
1624161124383000,0,1287.09876848,0.2908
1624161128922000,0,384.35047710,0.2908
1624161278456000,0,1106.00000000,0.2903
1624161337463000,1,1104.30000000,0.2899
1624161350483000,1,264.71190000,0.2898
1624161350495000,1,115.96930000,0.2898
1624161350688000,1,2213.31880000,0.2898
1624161370046000,0,2384.65680000,0.2897
1624161370058000,0,380.68120000,0.2897
1624161416408000,0,82.06320000,0.2897
1624161416409000,0,104.01120000,0.2897
1624161416420000,0,1045.92560000,0.2897
1624161472610000,1,186.07440000,0.2895
1624161513979000,0,2378.00000000,0.2899
1624161514979000,0,616.83440000,0.2901
1624161515014000,0,114.47340000,0.2901
1624161515041000,0,90.05320000,0.2901
1624161515115000,0,433.65812717,0.2901
1624161602003000,1,821.36100000,0.2898
1624161619899000,0,943.00000000,0.2899
1624161872578000,0,874.00000000,0.2896
1624161951294000,0,1387.00000000,0.2900
1624161979811000,0,550.00000000,0.2901
1624162026829000,0,103.50100000,0.2910
1624162034224000,0,0.00059788,0.2910
1624162034224000,0,543.99940212,0.2912
1624162039983000,0,0.00059788,0.2912
1624162091618000,0,572.00000000,0.2911
1624162138301000,0,412.00000000,0.2913
1624162237784000,1,19000.00000000,0.2910
1624162275273000,0,1051.06728000,0.2911
1624162327014000,0,705.00000000,0.2910
1624162396820000,0,4500.00000000,0.2913
1624162397265000,0,1667.00000000,0.2913
1624162524017000,1,7555.58372000,0.2914
1624162524088000,1,632.75600000,0.2914
1624162586167000,0,301.09562235,0.2914
1624162671248000,0,2207.00000000,0.2918
1624162702791000,0,4500.00000000,0.2919
1624162703196000,0,699.00000000,0.2919
1624162707672000,0,677.55500000,0.2921
1624162709395000,0,325.44500000,0.2921
1624162718715000,0,140.21060000,0.2921
1624162724859000,0,0.00005433,0.2921
1624162764507000,0,980.00000000,0.2924
1624162764741000,0,339.98496548,0.2927
1624162774245000,0,558.00000000,0.2926
1624162779610000,0,791.21541127,0.2929
1624162779610000,0,1976.79697437,0.2929
1624162779610000,0,3642.41251436,0.2930
1624162780886000,0,1383.46863351,0.2929
1624162781497000,0,1383.56308757,0.2929
1624162793416000,1,6500.00000000,0.2929
1624162869080000,1,155.54050000,0.2924
1624162898746000,0,1172.00000000,0.2927
1624162943077000,1,1000.00000000,0.2925
1624162986925000,0,1559.00000000,0.2926
1624163054529000,1,1500.00000000,0.2928
1624163216929000,0,1028.00000000,0.2928
1624163253902000,0,26579.51232000,0.2930
1624163254011000,0,0.00000566,0.2930
1624163254483000,0,4500.00000000,0.2930
1624163254614000,0,102.79510000,0.2930
1624163278570000,0,122.50000000,0.2932
1624163278655000,0,504.31920000,0.2932
1624163278657000,0,652.18080000,0.2932
1624163345974000,0,358.00000000,0.2932
1624163401810000,0,14500.00000000,0.2934
1624163401902000,0,12094.15475000,0.2934
1624163402044000,0,4500.00000000,0.2934
1624163402280000,0,1131.00000000,0.2934
1624163439564000,0,981.00000000,0.2938
1624163472302000,1,451.57380000,0.2937
1624163582010000,0,4500.00000000,0.2932
1624163582010000,0,1376.00000000,0.2932
1624163615709000,0,988.00000000,0.2933
1624163615709000,0,11501.81930000,0.2933
1624163720694000,0,1108.00000000,0.2933
1624163750834000,0,4500.00000000,0.2934
1624163790624000,0,930.00000000,0.2934
1624163798031000,0,930.00000000,0.2937
1624163834256000,0,599.37696047,0.2935
1624163871663000,0,768.00000000,0.2936
1624163905262000,0,1967.00000000,0.2935
1624163918996000,0,1165.62310000,0.2935
1624164157601000,0,1425.00000000,0.2931
1624164304367000,0,22000.00000000,0.2922
1624164330359000,0,84.47010000,0.2924
1624164332956000,0,174.63900000,0.2924
1624164333019000,0,235.63630000,0.2924
1624164333151000,0,136.50920000,0.2924
1624164333233000,0,96.88220000,0.2924
1624164333545000,0,134.22290000,0.2924
1624164335320000,0,719.55990000,0.2924
1624164335324000,0,980.89230000,0.2924
1624164335351000,0,238.18810000,0.2924
1624164393431000,1,308.81511984,0.2922
1624164393431000,1,308.79178016,0.2922
1624164427593000,0,1085.00000000,0.2923
1624164543711000,0,291.19030000,0.2920
1624164543714000,0,130.66560000,0.2920
1624164543717000,0,673.59525101,0.2920
1624164543740000,0,89.92860000,0.2920
1624164543810000,0,202.56410000,0.2920
1624164543841000,0,10.05614899,0.2920
1624164544245000,0,508.74937692,0.2923
1624164544245000,0,195.62947340,0.2923
1624164547263000,1,3724.00000000,0.2922
1624164570404000,1,6895.01704000,0.2924
1624164576141000,1,4500.00000000,0.2924
1624164647402000,0,4500.00000000,0.2926
1624164647816000,0,72.00000000,0.2926
1624164669851000,1,2000.00000000,0.2928
1624164669855000,1,275.24029272,0.2928
1624164712183000,0,390.00000000,0.2931
1624164730548000,0,654.00000000,0.2932
1624164730751000,1,3448.75980000,0.2931
1624164820997000,0,507.00000000,0.2938
1624164827235000,0,498.00000000,0.2938
1624164891972000,0,926.00000000,0.2943
1624164971099000,1,127.12196678,0.2944
1624164971099000,1,127.12110374,0.2944
1624164971099000,1,405.31062948,0.2944
1624164971464000,1,431.87172820,0.2944
1624164971570000,1,4068.12827000,0.2944
1624164971572000,1,0.00000180,0.2944
1624164988058000,1,123.92670000,0.2942
1624164999614000,1,123.32480000,0.2941
1624165007483000,1,122.67102287,0.2943
1624165007483000,1,4130.07737713,0.2943
1624165018599000,0,4500.00000000,0.2945
1624165034667000,0,909.00000000,0.2947
1624165103501000,0,2425.00000000,0.2946
1624165174687000,0,367.00000000,0.2940
1624165246529000,0,595.00000000,0.2939
1624165327518000,0,489.00000000,0.2941
1624165352535000,1,423.41606000,0.2937
1624165373475000,0,309.99990000,0.2938
1624165391909000,1,0.00000237,0.2937
1624165423514000,1,7390.80308000,0.2937
1624165470496000,0,2673.00000000,0.2938
1624165497402000,1,4500.00000000,0.2940
1624165528843000,1,4500.00000000,0.2941
1624165625867000,0,522.00000000,0.2943
1624165657776000,0,1564.00000000,0.2945
1624165739461000,0,1260.00000000,0.2943
1624165922402000,0,2258.00000000,0.2945
1624165922402000,0,22430.14309257,0.2947
1624165922402000,0,741.76240779,0.2948
1624165922402000,0,7099.16709867,0.2948
1624165922402000,0,3421.28467746,0.2949
1624165922402000,0,1854.49410759,0.2949
1624165922402000,0,16967.32171342,0.2949
1624165922402000,0,4821.43720419,0.2950
1624165922402000,0,114427.98000000,0.2950
1624165922402000,0,26613.22301387,0.2950
1624165922402000,0,87934.37000000,0.2950
1624165922402000,0,102.09823396,0.2950
1624165922402000,0,3427.49593054,0.2950
1624165922402000,0,2594.00000000,0.2951
1624165922402000,0,4245.22251994,0.2951
1624165987430000,0,72.49915225,0.2949
1624166198658000,0,4257.00000000,0.2944
1624166234813000,1,211.94325860,0.2948
1624166247744000,0,1090.00000000,0.2952
1624166247744000,0,444.64272270,0.2953
1624166365665000,0,1448.00000000,0.2953
1624166419184000,1,211.94320000,0.2954
1624166420550000,0,555.00000000,0.2955
1624166476276000,1,552.80448164,0.2952
1624166477977000,1,552.80440000,0.2952
1624166488036000,0,550.71596871,0.2954
1624166517526000,0,609.57060000,0.2954
1624166518189000,0,156.42940000,0.2954
1624166531619000,0,394.28650000,0.2957
1624166541161000,0,713.00000000,0.2957
1624166573631000,0,264.00000000,0.2963
1624166686164000,0,909.00000000,0.2957
1624166688276000,0,4500.00000000,0.2958
1624166706034000,0,4500.00000000,0.2959
1624166845235000,1,140.95100000,0.2955
1624166860825000,1,4500.00000000,0.2955
1624166899336000,1,0.00013710,0.2955
1624166899983000,1,143.26090000,0.2955
1624166900004000,1,0.00003710,0.2955
1624166936197000,1,4356.73910000,0.2950
1624166947870000,0,204.68000000,0.2953
1624167018135000,0,204.68000000,0.2950
1624167018147000,0,2062.32000000,0.2950
1624167064822000,0,140.95100000,0.2955
1624167064861000,0,1049.04900000,0.2955
1624167197223000,0,1016.00000000,0.2948
1624167198801000,0,1214.00000000,0.2948
1624167314283000,0,1539.32838000,0.2951
1624167314630000,0,379.40150000,0.2951
1624167314750000,0,370.86010000,0.2951
1624167314812000,0,394.41002000,0.2951
1624167388717000,1,460.74573137,0.2951
1624167388717000,1,683.92596863,0.2951
1624167505560000,0,3100.00000000,0.2957
1624167536837000,0,198.00000000,0.2960
1624167537004000,0,378.18661913,0.2962
1624167537004000,0,945.74145411,0.2962
1624167537206000,0,2136.70000000,0.2961
1624167577619000,0,1892.00000000,0.2961
1624167604313000,0,244.70000000,0.2963
1624167869474000,0,451.54840000,0.2955
1624167869736000,0,82.00280000,0.2955
1624167869742000,0,2329.44880000,0.2955
1624167992019000,1,533.55130000,0.2953
1624168036663000,0,93.79573710,0.2952
1624168064749000,0,93.79570000,0.2950
1624168302166000,1,39626.19347000,0.2949
1624168303892000,0,2160.00000000,0.2949
1624168447087000,0,3881.00000000,0.2945
1624168525966000,0,1415.00000000,0.2948
1624168801546000,1,1104.30000000,0.2945
1624168801552000,1,10713.04074550,0.2945
1624168805983000,0,1843.00000000,0.2945
1624168831304000,0,6794.70855549,0.2949
1624168833236000,1,12299.76579000,0.2949
1624168833241000,1,125.15720000,0.2949
1624168834587000,1,3200.61160583,0.2949
1624168906169000,0,125.15720000,0.2941
1624168906179000,0,2561.84280000,0.2941
1624168906714000,0,1091.00000000,0.2942
1624168921346000,1,4500.00000000,0.2940
1624168921393000,1,641.32316592,0.2940
1624168922136000,0,4499.99999408,0.2940
1624168922136000,0,4500.00000000,0.2940
1624168922223000,1,1754.21243000,0.2940
1624168922313000,1,0.00000514,0.2940
1624168939127000,0,1358.96869683,0.2939
1624168966236000,0,1104.30000000,0.2937
1624168966257000,0,15930.97480293,0.2937
1624168966257000,0,1975.00000000,0.2937
1624168966632000,0,4500.00000000,0.2937
1624168971669000,0,588.00000000,0.2937
1624168971689000,0,14270.96860000,0.2938
1624168979657000,1,38980.72700000,0.2940
1624168979737000,1,0.00000278,0.2940
1624168980555000,1,8682.55501000,0.2940
1624168981344000,1,1104.30000000,0.2940
1624168984810000,1,156.08160000,0.2940
1624168985526000,1,105.79070000,0.2940
1624168985597000,1,1588.53160000,0.2940
1624168985619000,1,0.00003981,0.2940
1624169015771000,0,174.00000000,0.2938
1624169049091000,1,191.68240000,0.2937
1624169049141000,1,779.35900000,0.2937
1624169049178000,1,0.00004304,0.2937
1624169050098000,0,4500.00000000,0.2938
1624169050098000,0,962.00000000,0.2938
1624169050098000,0,2930.32453209,0.2938
1624169051682000,0,4500.00000000,0.2936
1624169051788000,0,279.55470000,0.2936
1624169059489000,1,626.35505920,0.2935
1624169059504000,1,12.78275631,0.2935
1624169068180000,1,440.78410000,0.2933
1624169071267000,1,352.83410000,0.2934
1624169072133000,1,7639.19593233,0.2934
1624169072149000,1,155.90195780,0.2934
1624169092016000,0,1104.30000000,0.2934
1624169092659000,0,794.70000000,0.2934
1624169096847000,0,793.61820000,0.2936
1624169153471000,0,345.00000000,0.2937
1624169345896000,0,1416.00000000,0.2934
1624169351097000,0,1077.00000000,0.2934
1624169502076000,0,2592.00000000,0.2931
1624169548529000,0,736.00000000,0.2932
1624169641428000,1,86.16370000,0.2926
1624169649659000,0,1830.00000000,0.2929
1624169653948000,0,86.16370000,0.2929
1624169654065000,0,1233.83630000,0.2929
1624169769902000,0,298.00000000,0.2931
1624169771146000,0,1413.00000000,0.2931
1624169852053000,0,79.76374190,0.2928
1624169986551000,0,1432.00000000,0.2922
1624170037541000,0,1329.00000000,0.2925
1624170175126000,0,782.00000000,0.2922
1624170307253000,0,2975.00000000,0.2920
1624170461008000,0,1124.00000000,0.2922
1624170470383000,0,2031.00000000,0.2922
1624170531828000,1,1394.19902395,0.2921
1624170534361000,0,875.00000000,0.2923
1624170616517000,0,2371.00000000,0.2926
1624170620261000,0,945.00000000,0.2926
1624170824288000,1,209.90310635,0.2920
1624170824288000,1,209.89009365,0.2920
1624170824289000,1,0.00008206,0.2920
1624170824297000,1,855.96350000,0.2919
1624170824351000,1,132.39200000,0.2919
1624170853649000,0,1408.14860000,0.2920
1624170853654000,0,293.85140000,0.2920
1624170858993000,0,2451.00000000,0.2921
1624170904540000,0,1816.00000000,0.2924
1624170987594000,0,1220.00000000,0.2926
1624171060644000,0,1135.00000000,0.2928
1624171154165000,0,1812.00000000,0.2930
1624171433667000,0,1334.00000000,0.2926
1624171449332000,0,3115.00000000,0.2928
1624171625754000,0,17132.80739000,0.2920
1624171626244000,0,407.91621108,0.2920
1624171626415000,0,1154.08378892,0.2920
1624171812510000,0,3452.00000000,0.2916
1624171812589000,0,4500.00000000,0.2916
1624171921782000,0,1717.00000000,0.2912
1624171927700000,0,2862.76370000,0.2913
1624172183851000,0,1597.00000000,0.2909
1624172392360000,0,134.72630000,0.2907
1624172392372000,0,1996.27370000,0.2907
1624172414978000,0,545.00000000,0.2908
1624172420323000,0,2594.00000000,0.2911
1624172428863000,0,2716.13209416,0.2914
1624172428919000,0,90.90400000,0.2914
1624172428933000,0,160.99020000,0.2914
1624172428963000,0,606.10580000,0.2914
1624172428963000,0,1086.41593326,0.2914
1624172429794000,0,1086.06417660,0.2915
1624172533787000,0,4500.00000000,0.2915
1624172533787000,0,976.27126081,0.2915
1624172533787000,0,2440.67815202,0.2915
1624172533787000,0,6345.72009867,0.2915
1624172533787000,0,8520.78439188,0.2916
1624172574016000,0,1548.00000000,0.2914
1624172642216000,1,386.62050000,0.2912
1624172648089000,0,756.58910000,0.2913
1624172660420000,0,2097.00000000,0.2914
1624172665684000,0,98.41090000,0.2914
1624172669262000,0,1136.58910000,0.2914
1624172860577000,0,1031.00000000,0.2906
1624172907439000,0,2205.00000000,0.2908
1624172968448000,0,1899.00000000,0.2904
1624173029764000,0,833.00000000,0.2904
1624173279485000,1,103.44400000,0.2900
1624173279607000,1,0.00070880,0.2900
1624173279935000,1,6353.92446107,0.2899
1624173279935000,1,16429.52944231,0.2899
1624173311345000,0,2977.00000000,0.2901
1624173313033000,0,103.44400000,0.2901
1624173314182000,0,1521.55600000,0.2901
1624173334720000,0,851.00000000,0.2904
1624173348773000,0,132.05560000,0.2905
1624173349004000,0,17200.72634336,0.2905
1624173349853000,0,435.41857564,0.2905
1624173352232000,0,2142.24460391,0.2906
1624173352337000,0,1066.69235904,0.2906
1624173352355000,0,516.14146405,0.2906
1624173352741000,0,1057.05330186,0.2906
1624173400830000,0,1275.00000000,0.2910
1624173403009000,1,1179.00000000,0.2910
1624173437019000,1,517.66825520,0.2911
1624173505197000,1,2830.22759320,0.2909
1624173544097000,1,132.05490000,0.2906
1624173544100000,1,324.88193964,0.2906
1624173544100000,1,456.93683964,0.2906
1624173544100000,1,397.18122072,0.2905
1624173577734000,1,16866.53831855,0.2904
1624173626182000,1,451.06039626,0.2901
1624173626182000,1,653.23960374,0.2901
1624173655272000,0,1104.30000000,0.2899
1624173655535000,0,1448.12605592,0.2899
1624173655793000,0,791.57394408,0.2899
1624173734837000,0,115.50020000,0.2896
1624173757043000,0,3517.00000000,0.2896
1624173758239000,1,387.35306299,0.2896
1624173758239000,1,308.31389035,0.2896
1624173907730000,0,705.15686613,0.2895
1624173907730000,0,138.96560000,0.2895
1624173907739000,0,168.57810000,0.2895
1624173907787000,0,704.50000000,0.2895
1624173907821000,0,128.44640000,0.2895
1624173907822000,0,102.72900000,0.2895
1624173916521000,0,111.53700000,0.2895
1624173916617000,0,91.56270000,0.2895
1624173916786000,0,112.16840000,0.2895
1624173916808000,0,94.32280000,0.2895
1624173916879000,0,92.99430000,0.2895
1624173916928000,0,99.86540000,0.2895
1624173917217000,0,1537.17343387,0.2895
1624173947978000,1,551.76022517,0.2895
1624173953584000,0,549.58968253,0.2898
1624174012135000,0,2473.00000000,0.2898
1624174121032000,0,2353.00000000,0.2898
1624174121661000,0,200.00000000,0.2899
1624174184443000,0,197.82930000,0.2897
1624174275233000,0,659.00000000,0.2897
1624174337415000,0,2390.00000000,0.2900
1624174337415000,0,18386.68429660,0.2900
1624174397132000,0,909.00000000,0.2902
1624174687849000,1,1256.66990000,0.2900
1624174743005000,1,10057.26771000,0.2900
1624174743095000,1,5723.33568000,0.2900
1624174767746000,1,0.00000149,0.2900
1624174768074000,1,1104.30000000,0.2897
1624174913731000,0,1104.30000000,0.2897
1624174980273000,0,101.48280000,0.2896
1624174988494000,0,0.00006834,0.2896
1624174988494000,0,6099.99999166,0.2896
1624174988617000,0,0.00000834,0.2896
1624175002697000,1,101.48280000,0.2896
1624175121014000,0,108.15750000,0.2895
1624175122246000,0,3718.84250000,0.2895
1624175124831000,0,5802.00000000,0.2896
1624175253345000,1,108.15750000,0.2905
1624175314087000,0,84.80240000,0.2907
1624175319083000,0,1490.19760000,0.2907
1624175321106000,0,734.00000000,0.2908
1624175348660000,0,84.49400000,0.2914
1624175348758000,0,2509.50600000,0.2914
1624175355156000,1,169.29640000,0.2912
1624175422789000,0,4500.00000000,0.2907
1624175422789000,0,1386.00000000,0.2907
1624175500523000,0,908.00000000,0.2906
1624175503812000,0,648.00000000,0.2907
1624175566190000,0,381.00000000,0.2908
1624175611019000,0,2563.00000000,0.2907
1624175682669000,0,81.78780000,0.2906
1624175682748000,0,97.06720000,0.2906
1624175682769000,0,143.80740000,0.2906
1624175682792000,0,156.96070000,0.2906
1624175682829000,0,100.84960000,0.2906
1624175682875000,0,123.31320000,0.2906
1624175682875000,0,874.21410000,0.2906
1624175801558000,1,151.03665494,0.2908
1624175801558000,1,392.56039494,0.2908
1624175801558000,1,160.18885012,0.2908
1624175915379000,0,1820.00000000,0.2909
1624176036392000,0,82.10590000,0.2913
1624176036471000,0,84.81350000,0.2913
1624176036651000,0,94.53270000,0.2913
1624176038628000,0,66.54790000,0.2913
1624176047296000,1,70.72833537,0.2913
1624176047496000,1,459.72780000,0.2913
1624176047872000,1,167.98263217,0.2913
1624176061290000,1,190.72400000,0.2912
1624176073491000,1,11500.00000000,0.2912
1624176073555000,1,5657.47493000,0.2912
1624176110026000,1,17158.57856000,0.2912
1624176123767000,0,512.00000000,0.2913
1624176123767000,0,4500.00000000,0.2913
1624176139790000,1,0.00000091,0.2912
1624176139790000,1,29499.99999909,0.2911
1624176223897000,0,13574.52924000,0.2908
1624176226905000,0,2304.00000000,0.2908
1624176307067000,0,2280.00000000,0.2907
1624176373374000,0,2196.00000000,0.2911
1624176374587000,0,305.00000000,0.2911
1624176379207000,0,547.46550000,0.2911
1624176379503000,0,621.53450000,0.2911
1624176429726000,1,96.38126158,0.2912
1624176429726000,1,240.95315396,0.2912
1624176449240000,0,1166.00000000,0.2914
1624176451857000,0,2376.00000000,0.2914
1624176519939000,1,191.84753929,0.2917
1624176519939000,1,18.28366071,0.2917
1624176678784000,1,178.98832418,0.2915
1624176678784000,1,447.47081045,0.2915
1624176733251000,0,3375.00000000,0.2915
1624176828826000,0,1050.00000000,0.2914
1624177056551000,0,1705.00000000,0.2909
1624177059617000,1,1868.00000000,0.2910
1624177201985000,0,600.00000000,0.2908
1624177449289000,0,112.94240000,0.2903
1624177449607000,0,117.03370000,0.2903
1624177449710000,0,86.79330000,0.2903
1624177450213000,0,105.04520000,0.2903
1624177450834000,0,210.68810000,0.2903
1624177450938000,0,84.56680000,0.2903
1624177454678000,0,94.75660000,0.2903
1624177454780000,0,98.83230000,0.2903
1624177502959000,1,910.65850000,0.2896
1624177552165000,0,3449.00000000,0.2898
1624177594466000,0,817.00000000,0.2901
1624177676688000,0,393.00000000,0.2894
1624177691239000,0,667.00000000,0.2895
1624177744271000,1,244.87303960,0.2894
1624177925517000,0,1341.00000000,0.2893
1624177926245000,0,843.61302328,0.2895
1624177926245000,0,2108.87218672,0.2895
1624177926396000,0,0.00000652,0.2895
1624177954766000,1,244.87300000,0.2893
1624178043982000,0,1504.00000000,0.2890
1624178073187000,0,1016.00000000,0.2893
1624178178452000,0,2365.00000000,0.2891
1624178179666000,0,470.91050000,0.2891
1624178179675000,0,517.08950000,0.2891
1624178338541000,1,991.68500000,0.2886
1624178338816000,1,825.97956061,0.2886
1624178389495000,1,4500.00000000,0.2883
1624178389495000,1,1658.55996727,0.2882
1624178389495000,1,663.42398691,0.2882
1624178389495000,1,4500.00000000,0.2882
1624178389495000,1,313.76745785,0.2882
1624178398592000,1,651.94212297,0.2882
1624178399344000,1,470.91050000,0.2882
1624178402455000,1,8348.05790000,0.2883
1624178448800000,1,104.16300000,0.2880
1624178466779000,1,0.00004989,0.2880
1624178485534000,0,4865.00000000,0.2880
1624178493645000,0,115.09710000,0.2881
1624178493645000,0,99.76970000,0.2881
1624178600509000,0,3234.00000000,0.2877
1624178736557000,0,1892.00000000,0.2874
1624178781786000,0,991.68500000,0.2873
1624178869571000,0,1780.00000000,0.2871
1624178872169000,0,1167.00000000,0.2871
1624178928417000,1,214.86680000,0.2871
1624179004680000,0,658.86502404,0.2869
1624179088142000,0,3583.00000000,0.2869
1624179212985000,0,1585.00000000,0.2867
1624179381570000,0,82.41800000,0.2869
1624179386165000,0,278.83804017,0.2869
1624179386204000,0,2834.16195983,0.2869
1624179448071000,0,1244.00000000,0.2875
1624179541487000,0,83.96910000,0.2869
1624179541533000,0,609.70710000,0.2869
1624179541541000,0,90.72750000,0.2869
1624179543439000,0,281.59630000,0.2869
1624179579017000,0,833.83542494,0.2869
1624179601090000,1,4500.00000000,0.2867
1624179601090000,1,2444.35620680,0.2867
1624179601353000,0,11854.72037181,0.2867
1624179601463000,1,5577.44773432,0.2867
1624179614317000,0,2909.81600000,0.2864
1624179614383000,0,84.55450000,0.2864
1624179614383000,0,190.02310000,0.2864
1624179614400000,0,213.58430000,0.2864
1624179614497000,0,82.55300000,0.2864
1624179614498000,0,99.60470000,0.2864
1624179614538000,0,205.19270000,0.2864
1624179614599000,0,88.29020000,0.2864
1624179614906000,0,82.82970000,0.2864
1624179614909000,0,130.08850000,0.2864
1624179618640000,0,6076.00000000,0.2864
1624179623504000,0,2048.24328260,0.2864
1624179623504000,0,426.44022355,0.2864
1624179623507000,0,112.26040000,0.2864
1624179623508000,0,114.93770000,0.2864
1624179623562000,0,1191.19660000,0.2864
1624179623727000,0,93.35570000,0.2864
1624179623814000,0,229.85620000,0.2864
1624179624344000,0,4506.74495207,0.2864
1624179634552000,0,493.00000000,0.2865
1624179682772000,0,1134.00000000,0.2866
1624179684659000,1,4500.00000000,0.2868
1624179685054000,1,1109.00000000,0.2868
1624179689469000,0,1133.54166220,0.2868
1624179690187000,1,11549.04819788,0.2869
1624179692300000,1,11444.40439397,0.2869
1624179692961000,1,4500.00000000,0.2869
1624179693138000,0,4500.00000000,0.2869
1624179693582000,0,4207.61553713,0.2869
1624179718070000,1,432.88437040,0.2871
1624179723402000,0,428.08607313,0.2874
1624179733480000,1,2593.95240000,0.2869
1624179733481000,1,9432.88430000,0.2869
1624179735706000,0,588.10370000,0.2871
1624179752238000,1,588.10370000,0.2870
1624179752765000,1,4500.00000000,0.2870
1624179752958000,0,4500.00000000,0.2870
1624179752963000,0,2585.41545001,0.2870
1624179768025000,1,872.67646792,0.2870
1624179768025000,1,2181.69116981,0.2870
1624179768025000,1,5388.28694669,0.2869
1624179768025000,1,557.34541558,0.2869
1624179811326000,1,4174.73234319,0.2868
1624179819003000,0,1731.30890000,0.2868
1624179819019000,0,133.84920000,0.2868
1624179819466000,0,1824.33721796,0.2868
1624179819495000,0,9532.90547244,0.2868
1624179827734000,0,1938.44000000,0.2869
1624179827741000,0,39.56000000,0.2869
1624179871204000,1,1329.68850488,0.2869
1624179877786000,0,13019.16227643,0.2869
1624179896183000,1,1329.68850488,0.2869
1624179914955000,1,1865.15810000,0.2869
1624179976794000,1,879.00000000,0.2863
1624179977909000,1,0.00058627,0.2863
1624179977909000,1,258.38091373,0.2863
1624179978002000,1,84.65140000,0.2863
1624179978021000,1,251.28280000,0.2863
1624179978063000,1,5096.97650000,0.2863
1624179978146000,1,22.28397848,0.2863
1624179978146000,1,68.76302152,0.2863
1624179978193000,1,153.58730000,0.2863
1624179978195000,1,213.27030000,0.2863
1624179978514000,1,366.70920000,0.2862
1624179978576000,1,135.38440000,0.2862
1624180008632000,0,69.51168395,0.2863
1624180014868000,1,104.89100000,0.2860
1624180015106000,1,0.00043736,0.2860
1624180025972000,0,1554.31370000,0.2862
1624180042823000,0,983.89100000,0.2863
1624180132080000,1,925.00000000,0.2856
1624180155043000,0,999.30581692,0.2859
1624180162346000,1,1104.30000000,0.2857
1624180162526000,1,4500.00000000,0.2857
1624180163814000,1,5355.48860000,0.2855
1624180260553000,0,173.93340000,0.2856
1624180260555000,0,140.12630000,0.2856
1624180260556000,0,822.72810000,0.2856
1624180260571000,0,2171.21220000,0.2856
1624180291500000,0,1104.30000000,0.2858
1624180291795000,0,328.70000000,0.2858
1624180330519000,0,1200.00000000,0.2862
1624180446179000,0,1000.00000000,0.2860
1624180446549000,0,1292.00000000,0.2860
1624180514333000,0,2531.00000000,0.2862
1624180565252000,1,1136.78780000,0.2864
1624180706846000,0,125.68980000,0.2859
1624180760441000,1,125.68980000,0.2858
1624180766653000,0,2413.00000000,0.2859
1624180945791000,0,665.55610000,0.2860
1624180945950000,0,138.36510000,0.2860
1624180946162000,0,81.18610000,0.2860
1624180946175000,0,86.75990000,0.2860
1624180946392000,0,1446.13280000,0.2860
1624181080946000,1,971.86720000,0.2859
1624181130309000,0,3651.48000000,0.2861
1624181136190000,0,74.52000000,0.2861
1624181295277000,0,105.61790000,0.2864
1624181295278000,0,106.61330000,0.2864
1624181295294000,0,187.17050000,0.2864
1624181295339000,0,247.43260000,0.2864
1624181295421000,0,126.22070000,0.2864
1624181295433000,0,106.99430000,0.2864
1624181295449000,0,107.20950000,0.2864
1624181295514000,0,118.28420000,0.2864
1624181295690000,0,171.72200000,0.2864
1624181295701000,0,99.58590000,0.2864
1624181301887000,0,1061.00000000,0.2866
1624181373594000,1,1376.85090000,0.2867
1624181526725000,0,163.79990000,0.2866
1624181526863000,0,81.34630000,0.2866
1624181526898000,0,82.66450000,0.2866
1624181526987000,0,349.96060000,0.2866
1624181527839000,0,90.32130000,0.2866
1624181528029000,0,113.54590000,0.2866
1624181528237000,0,277.54810000,0.2866
1624181528314000,0,84.81340000,0.2866
1624181552696000,0,440.54450000,0.2869
1624181554771000,0,85.69870000,0.2869
1624181554852000,0,107.16150000,0.2869
1624181555043000,0,81.67530000,0.2869
1624181555062000,0,39.92000000,0.2869
1624181564118000,1,879.97437522,0.2870
1624181564118000,1,2199.93592478,0.2870
1624181646934000,1,1999.00000000,0.2871
1624181752794000,0,417.00000000,0.2871
1624181986343000,1,788.60554000,0.2866
1624181986464000,1,0.00000184,0.2866
1624181986464000,1,9999.99999816,0.2865
1624181986575000,1,7437.64766000,0.2865
1624182018696000,1,0.00001147,0.2865
1624182063883000,0,1344.00000000,0.2866
1624182072114000,0,89.56350000,0.2868
1624182157942000,0,2304.00000000,0.2868
1624182223415000,1,89.56350000,0.2863
1624182293811000,0,1067.59850000,0.2864
1624182347631000,1,1067.59850000,0.2863
1624182350699000,0,1056.00000000,0.2864
1624182380577000,0,164.83113622,0.2867
1624182382826000,0,1968.00548650,0.2867
1624182389962000,0,2065.00000000,0.2868
1624182554259000,1,1104.30000000,0.2866
1624182579982000,0,1104.30000000,0.2865
1624182580050000,0,128.70000000,0.2865
1624182718390000,1,661.21019443,0.2853
1624182718390000,1,443.08980557,0.2853
1624182718532000,1,875.00000000,0.2853
1624182718547000,1,335.09784289,0.2853
1624182719033000,1,2542.12000000,0.2853
1624182719051000,1,51.88000000,0.2853
1624182719210000,1,139.12300000,0.2852
1624182719295000,1,212.65530000,0.2852
1624182719313000,1,107.87540000,0.2852
1624182719400000,1,87.50830000,0.2852
1624182719468000,1,8746.23167654,0.2852
1624182719527000,1,188.22530000,0.2852
1624182719956000,1,87.37960000,0.2852
1624182720091000,1,4724.00000248,0.2852
1624182720134000,1,2594.00000000,0.2852
1624182720134000,1,1479.00000000,0.2852
1624182720294000,1,707.35560000,0.2852
1624182720378000,1,128.70000000,0.2852
1624182720452000,1,1921.04720000,0.2852
1624182720520000,1,12822.35527083,0.2852
1624182740699000,1,2594.00000000,0.2847
1624182742554000,1,140.21065000,0.2846
1624182742898000,1,0.00000433,0.2846
1624182748434000,0,1258.38038577,0.2849
1624182748434000,0,2192.78931423,0.2850
1624182763959000,0,1751.00000000,0.2848
1624182795860000,1,123.85060000,0.2840
1624182796229000,1,151.34110000,0.2840
1624182796252000,1,206.32050000,0.2840
1624182796264000,1,156.42960000,0.2840
1624182796270000,1,12091.24352000,0.2840
1624182796374000,1,122.12500000,0.2840
1624182796422000,1,321.55940000,0.2840
1624182796436000,1,83.67150000,0.2840
1624182796663000,1,136.32360000,0.2840
1624182796894000,1,163.97670000,0.2840
1624182802524000,1,105.63008345,0.2840
1624182802524000,1,1223.82981648,0.2840
1624182803256000,1,931.10145292,0.2837
1624182803256000,1,3065.58586354,0.2837
1624182807174000,1,5192.87833828,0.2836
1624182807292000,0,70.09686509,0.2839
1624182811762000,1,2995.48900000,0.2835
1624182812487000,0,1465.59810000,0.2838
1624182815321000,0,1295.00311812,0.2839
1624182815321000,0,1295.26790385,0.2839
1624182815321000,0,7000.00000000,0.2839
1624182815321000,0,3000.00000000,0.2839
1624182815321000,0,45500.00000000,0.2839
1624182815321000,0,12133.92532303,0.2839
1624182818737000,0,1903.00000000,0.2838
1624182840700000,1,144.98620000,0.2838
1624182840743000,1,197.98910000,0.2838
1624182866505000,0,459.00000000,0.2840
1624182876272000,0,342.97530000,0.2844
1624182897807000,0,80.00000000,0.2843
1624182918265000,1,80.00000000,0.2838
1624182919132000,1,976.41046405,0.2838
1624182956722000,0,1104.30000000,0.2838
1624182959753000,0,105.26990000,0.2838
1624182960020000,0,153.43010000,0.2838
1624182975136000,0,821.00000000,0.2841
1624183130616000,0,1464.00000000,0.2837
1624183146564000,0,1032.61269293,0.2838
1624183155044000,0,1032.61260000,0.2838
1624183156870000,0,285.38740000,0.2838
1624183230548000,0,1421.00000000,0.2837
1624183279520000,0,533.00000000,0.2839
1624183426180000,0,4500.00000000,0.2834
1624183426266000,0,1861.00000000,0.2834
1624183430255000,0,4500.00000000,0.2835
1624183466323000,1,457.54796659,0.2831
1624183492836000,0,438.00000000,0.2833
1624183493185000,0,591.94060146,0.2834
1624183493207000,0,591.82356004,0.2834
1624183493207000,0,734.17643996,0.2834
1624183493252000,0,745.72730912,0.2834
1624183496068000,1,438.00000000,0.2834
1624183503908000,1,1345.59763078,0.2829
1624183503908000,1,840.36931272,0.2829
1624183503935000,1,412.69779618,0.2829
1624183503935000,1,1012.25202896,0.2829
1624183503935000,1,2111.46439778,0.2828
1624183504254000,1,1253.06710890,0.2829
1624183504254000,1,1345.59763078,0.2829
1624183504254000,1,2324.64979248,0.2828
1624183504882000,1,4951.27790648,0.2828
1624183504952000,1,1104.30000000,0.2828
1624183506160000,1,963.10396305,0.2827
1624183506160000,1,3589.19033638,0.2826
1624183506160000,1,884.00000000,0.2824
1624183506160000,1,87491.02000000,0.2823
1624183506160000,1,7927.00000000,0.2821
1624183506160000,1,2594.00000000,0.2821
1624183506160000,1,66614.06825090,0.2821
1624183508677000,1,3097.06490310,0.2824
1624183510367000,1,457.54790000,0.2820
1624183513181000,1,510.45679721,0.2821
1624183513181000,1,589.53286614,0.2820
1624183513181000,1,986.52595970,0.2820
1624183513181000,1,106.37920641,0.2820
1624183515401000,0,1912.66220000,0.2820
1624183521067000,0,1025.16590098,0.2822
1624183521067000,0,994.33935946,0.2823
1624183521067000,0,0.00000006,0.2825
1624183528311000,1,968.46170000,0.2820
1624183528669000,1,0.00006568,0.2820
1624183528669000,1,962.57273432,0.2820
1624183528921000,1,1185.11716301,0.2820
1624183528921000,1,831.18763699,0.2820
1624183529101000,1,277.36610000,0.2820
1624183530006000,1,1248.06074500,0.2818
1624183530612000,1,1185.11716301,0.2818
1624183530612000,1,1185.11716301,0.2817
1624183531126000,1,1248.06070000,0.2816
1624183531249000,1,0.00004500,0.2816
1624183532010000,1,1185.11716301,0.2814
1624183532010000,1,19.47933699,0.2814
1624183532421000,1,1165.63780000,0.2814
1624183532510000,1,0.00002602,0.2814
1624183532510000,1,1238.45067726,0.2814
1624183539319000,1,1000.00000000,0.2804
1624183542188000,0,891.00000000,0.2812
1624183548810000,0,890.00000000,0.2813
1624183552040000,0,652.00000000,0.2813
1624183557945000,0,4265.89470000,0.2817
1624183558429000,0,1104.30000000,0.2817
1624183558495000,0,80.81716000,0.2817
1624183590767000,0,17747.35300000,0.2822
1624183591518000,0,672.00000000,0.2823
1624183591583000,0,500.00000000,0.2823
1624183591583000,0,6500.00000000,0.2823
1624183593954000,0,23567.49030000,0.2823
1624183595487000,1,1004.27280000,0.2822
1624183595722000,1,0.00007448,0.2822
1624183596235000,1,1104.30000000,0.2822
1624183596342000,1,3395.70000000,0.2822
1624183597219000,1,976.34449000,0.2820
1624183597304000,1,30.33780456,0.2820
1624183597304000,1,946.00659544,0.2820
1624183599414000,1,923.45570000,0.2824
1624183599997000,1,76.54430000,0.2824
1624183604672000,0,603.94492237,0.2823
1624183604679000,1,396.05507763,0.2823
1624183604728000,0,603.94400000,0.2823
1624183604751000,0,923.45570000,0.2824
1624183614566000,1,1027.64311000,0.2824
1624183614646000,1,3472.35689000,0.2824
1624183614720000,1,1027.64311000,0.2823
1624183614856000,1,0.00000568,0.2823
1624183618651000,1,4500.00000000,0.2818
1624183623277000,1,151.15279308,0.2816
1624183623277000,1,887.00000000,0.2816
1624183625744000,1,887.00000000,0.2816
1624183629178000,1,151.15279308,0.2814
1624183629178000,1,141.02964999,0.2814
1624183629178000,1,886.99985693,0.2814
1624183633764000,0,95.96670000,0.2817
1624183633785000,0,109.96120000,0.2817
1624183633856000,0,310.13640000,0.2817
1624183635197000,1,887.00000000,0.2814
1624183645181000,1,457.00000000,0.2817
1624183645549000,0,1308.04102542,0.2821
1624183645549000,0,3270.08934458,0.2821
1624183646737000,0,500.35600000,0.2821
1624183646787000,0,385.64400000,0.2821
1624183655300000,1,885.00000000,0.2820
1624183656481000,1,219.30000000,0.2819
1624183657120000,1,674.20142456,0.2819
1624183667178000,1,718.66291060,0.2818
1624183668507000,1,1197.00000000,0.2817
1624183668507000,1,718.66291060,0.2817
1624183668507000,1,599.65718940,0.2817
1624183689655000,0,352.23367198,0.2825
1624183691196000,1,856.68830653,0.2820
1624183691295000,1,914.74820000,0.2820
1624183691975000,1,814.83352000,0.2820
1624183692092000,1,0.00000421,0.2820
1624183692143000,1,814.74116629,0.2820
1624183745198000,0,4500.00000000,0.2821
1624183747888000,0,746.00000000,0.2822
1624183759420000,1,516.06430000,0.2815
1624183764818000,1,4500.00000000,0.2815
1624183787323000,0,120.53780000,0.2817
1624183787335000,0,93.09230000,0.2817
1624183787485000,0,457.36900000,0.2817
1624183787486000,0,0.00090000,0.2817
1624183787560000,0,563.36480000,0.2818
1624183787561000,0,146.25160000,0.2818
1624183787635000,0,473.55830000,0.2818
1624183788997000,1,3689.95690000,0.2816
1624183789080000,1,1396.80480000,0.2816
1624183802111000,1,741.30200000,0.2811
1624183815805000,0,762.00000000,0.2816
1624183840811000,1,457.36900000,0.2812
1624183851097000,0,4500.00000000,0.2807
1624183856889000,0,1424.23017081,0.2811
1624183856889000,0,2618.40082919,0.2811
1624183857083000,0,942.16630000,0.2811
1624183865622000,1,128.65260000,0.2811
1624183873871000,0,444.13360000,0.2808
1624183873951000,0,308.62840000,0.2808
1624183873954000,0,83.11370000,0.2808
1624183874050000,0,112.98730000,0.2808
1624183874128000,0,190.08870313,0.2808
1624183874128000,0,120.27099687,0.2808
1624183885616000,1,107.11990000,0.2801
1624183888241000,1,0.00000288,0.2801
1624183888241000,1,107.13903075,0.2800
1624183888241000,1,2500.90456637,0.2800
1624183888823000,1,253.38800000,0.2800
1624183889122000,1,540.81190000,0.2800
1624183889123000,1,163.16880000,0.2800
1624183889178000,1,106.52970000,0.2800
1624183889231000,1,124.00150000,0.2800
1624183889246000,1,1577.08931126,0.2800
1624183889609000,1,500.00000000,0.2800
1624183889609000,1,500.00000000,0.2800
1624183890166000,1,93.01060000,0.2800
1624183890283000,1,23360.72979000,0.2800
1624183890405000,1,285.60320000,0.2800
1624183890420000,1,3688.80446000,0.2800
1624183890432000,1,86.45340000,0.2800
1624183890443000,1,140.04680000,0.2800
1624183890506000,1,103.84890000,0.2800
1624183890604000,1,1194.84820000,0.2800
1624183890611000,1,821.37010000,0.2800
1624183890879000,1,90.43570000,0.2800
1624183891031000,1,89.51950000,0.2800
1624183891117000,1,1303.73150000,0.2800
1624183891517000,1,114.12450000,0.2800
1624183891538000,1,256.78080000,0.2800
1624183891634000,1,129.51050000,0.2800
1624183891735000,1,403.16680000,0.2800
1624183891821000,1,151.66000000,0.2800
1624183891847000,1,5500.00000000,0.2800
1624183891946000,1,96.60410000,0.2800
1624183891954000,1,4110.02872926,0.2800
1624183892021000,1,109.22240000,0.2800
1624183892036000,1,125.13860000,0.2800
1624183892095000,1,233.62640000,0.2800
1624183892189000,1,653.25210000,0.2800
1624183893126000,1,950.89500000,0.2800
1624183893132000,1,1000.00000000,0.2800
1624183894505000,0,2706.89447605,0.2801
1624183895062000,0,1082.38755039,0.2801
1624183895062000,0,21.91244961,0.2801
1624183895063000,0,1421.70693218,0.2801
1624183895063000,0,1262.44408901,0.2801
1624183895063000,0,1166.71073748,0.2801
1624183895861000,0,578.00000000,0.2803
1624183895930000,0,2336.37676314,0.2803
1624183896047000,0,578.00000000,0.2803
1624183911643000,0,2079.34880000,0.2812
1624183919110000,0,1014.67345345,0.2811
1624183921124000,0,814.88835684,0.2811
1624183921124000,0,1037.39310745,0.2811
1624183921124000,0,815.09129616,0.2811
1624183921124000,0,2037.72824041,0.2811
1624183921124000,0,0.00001527,0.2812
1624183921124000,0,844.21562807,0.2812
1624183921124000,0,966.75319472,0.2813
1624183921124000,0,45.36409428,0.2813
1624183923697000,0,2159.77310000,0.2813
1624183929868000,0,511.85136000,0.2816
1624183937950000,0,410.15105170,0.2814
1624183937950000,0,287.52214830,0.2814
1624183938083000,0,737.53442360,0.2814
1624183942431000,0,490.07180000,0.2815
1624183944339000,1,1251.90120000,0.2812
1624183953827000,1,2000.00000000,0.2808
1624183977851000,0,857.00000000,0.2812
1624183979643000,0,521.21933968,0.2814
1624183979643000,0,1303.04833032,0.2814
1624183982282000,0,521.21933968,0.2818
1624183982282000,0,3388.38003217,0.2818
1624183982282000,0,1303.04832815,0.2818
1624184013952000,0,44936.87812000,0.2818
1624184020436000,0,526.00000000,0.2820
1624184065040000,1,4500.00000000,0.2818
1624184065460000,1,2338.99350000,0.2819
1624184070178000,0,470.97896000,0.2819
1624184072606000,0,414.00000000,0.2819
1624184081043000,0,4500.00000000,0.2824
1624184081043000,0,2990.87015844,0.2824
1624184081043000,0,870.11336646,0.2824
1624184081355000,1,4500.00000000,0.2820
1624184110572000,0,161.00660000,0.2818
1624184132047000,0,1383.00000000,0.2816
1624184145972000,0,910.27543120,0.2819
1624184145972000,0,2275.59581880,0.2819
1624184183817000,0,1676.00000000,0.2815
1624184184114000,0,838.18515708,0.2816
1624184184114000,0,2095.46289270,0.2816
1624184184114000,0,5448.06890022,0.2816
1624184233304000,0,656.00000000,0.2818
1624184261728000,1,1104.30000000,0.2813
1624184278092000,0,598.00531000,0.2812
1624184278977000,0,1104.30000000,0.2812
1624184280872000,0,4500.00000000,0.2814
1624184291587000,0,1400.00000000,0.2816
1624184297072000,1,899.78670000,0.2815
1624184364248000,0,3100.00000000,0.2810
1624184403078000,1,1819.83340154,0.2810
1624184440444000,1,1819.83340000,0.2809
1624184444348000,1,1104.30000000,0.2807
1624184451172000,0,610.85225344,0.2808
1624184451172000,0,1527.13062656,0.2808
1624184465251000,0,562.92018000,0.2808
1624184465266000,0,0.00000399,0.2808
1624184472018000,1,136.19480000,0.2806
1624184478768000,0,136.19480000,0.2808
1624184485612000,0,116.00000000,0.2811
1624184486633000,0,117.00000000,0.2811
1624184487611000,0,116.00000000,0.2810
1624184490301000,0,116.00000000,0.2809
1624184490621000,0,116.00000000,0.2809
1624184492631000,0,233.00000000,0.2810
1624184494637000,0,233.00000000,0.2811
1624184535385000,0,1000.00000000,0.2808
1624184536959000,0,1000.00000000,0.2806
1624184540050000,0,3778.60278000,0.2807
1624184544118000,0,581.14030000,0.2809
1624184562301000,0,567.92796142,0.2806
1624184562301000,0,1420.28943858,0.2806
1624184569922000,0,531.38791471,0.2807
1624184569922000,0,531.44471321,0.2807
1624184569922000,0,146.41247208,0.2807
1624184581297000,1,802.14897580,0.2800
1624184583482000,1,4407.58792074,0.2800
1624184583482000,1,109.03571428,0.2800
1624184583482000,1,2032.53571428,0.2800
1624184583482000,1,142.50910756,0.2800
1624184583482000,1,100.00000000,0.2800
1624184583482000,1,269.54251025,0.2800
1624184583482000,1,300.00000000,0.2800
1624184583482000,1,14568.76726289,0.2800
1624184583957000,1,14000.00000000,0.2800
1624184584304000,1,269.20850000,0.2800
1624184584543000,1,106.13190000,0.2800
1624184585042000,1,6759.28519425,0.2800
1624184589175000,0,375.34040000,0.2802
1624184589274000,1,718.64357700,0.2798
1624184593854000,0,2184.00000000,0.2802
1624184595096000,0,487.37849018,0.2803
1624184595096000,0,495.98684982,0.2803
1624184595269000,0,1104.30000000,0.2803
1624184595755000,0,3167.55256000,0.2803
1624184595765000,0,228.14744000,0.2803
1624184602079000,0,4500.00000000,0.2807
1624184641015000,0,4500.00000000,0.2800
1624184641015000,0,4500.00000000,0.2800
1624184641015000,0,454.51219567,0.2800
1624184641015000,0,1136.28048918,0.2800
1624184641015000,0,654.56534485,0.2800
1624184642250000,0,2299.74467000,0.2800
1624184643257000,0,454.31458157,0.2801
1624184643257000,0,1135.78645394,0.2801
1624184643257000,0,2953.03900449,0.2801
1624184643976000,0,1031.86010000,0.2801
1624184649483000,0,354.79582813,0.2804
1624184657279000,1,2594.00000000,0.2797
1624184658490000,1,2594.00000000,0.2795
1624184658490000,1,1717.00000000,0.2795
1624184659149000,1,2594.00000000,0.2795
1624184659149000,1,7927.00000000,0.2794
1624184659149000,1,1343.08621414,0.2793
1624184659149000,1,1417.62410880,0.2793
1624184659149000,1,43844.75143848,0.2793
1624184659149000,1,17869.46797759,0.2793
1624184659149000,1,91725.50000000,0.2793
1624184659149000,1,3000.22600000,0.2792
1624184659149000,1,1439.15262906,0.2792
1624184659149000,1,3601.84655023,0.2792
1624184659149000,1,21924.63665821,0.2791
1624184659149000,1,26189.00000000,0.2791
1624184659149000,1,3597.55224734,0.2790
1624184659149000,1,30526.15500000,0.2790
1624184659149000,1,3000.00000000,0.2790
1624184659149000,1,1000.00000000,0.2790
1624184659149000,1,1200.00000000,0.2790
1624184659149000,1,3000.00000000,0.2790
1624184659149000,1,3600.00000000,0.2790
1624184659149000,1,700.00000000,0.2790
1624184659149000,1,400.00000000,0.2790
1624184659149000,1,64844.39151371,0.2789
1624184659149000,1,100058.17295357,0.2789
1624184659570000,0,2594.00000000,0.2795
1624184662199000,0,500.00000000,0.2797
1624184662199000,0,4500.00000000,0.2797
1624184662511000,0,466.38660000,0.2797
1624184662999000,0,33.61340000,0.2797
1624184665705000,1,764.10320000,0.2795
1624184666264000,0,4500.00000000,0.2797
1624184675862000,0,297.71660000,0.2801
1624184675869000,0,3683.06690000,0.2801
1624184681105000,0,9000.00000000,0.2797
1624184692659000,0,4500.00000000,0.2797
1624184693071000,0,4500.00000000,0.2797
1624184695995000,1,1035.02082848,0.2791
1624184705010000,0,371.00974860,0.2792
1624184705010000,0,371.03632332,0.2792
1624184705010000,0,347.07552808,0.2792
1624184748010000,1,107.90970000,0.2780
1624184748207000,1,0.00008742,0.2780
1624184748362000,1,131.58425070,0.2778
1624184751058000,1,88.86180000,0.2778
1624184751148000,1,84.97180000,0.2778
1624184751203000,1,147.36590000,0.2778
1624184751317000,1,178.80050000,0.2778
1624184755745000,1,159.93730000,0.2776
1624184761471000,1,0.00002891,0.2776
1624184769227000,0,614.47993473,0.2774
1624184769227000,0,2796.39856527,0.2774
1624184769315000,0,659.93730000,0.2774
1624184769381000,0,614.51979313,0.2775
1624184769381000,0,912.20610687,0.2776
1624184769452000,0,365.26060000,0.2774
1624184769454000,0,1043.66410000,0.2774
1624184769595000,0,126.68494943,0.2774
1624184769972000,0,95.36630000,0.2776
1624184770142000,0,519.11363473,0.2776
1624184770142000,0,614.51979313,0.2776
1624184770142000,0,1535.60964943,0.2776
1624184770274000,0,385.88090000,0.2776
1624184770697000,0,959.91299313,0.2776
1624184780651000,0,487.83490000,0.2779
1624184796902000,0,399.61406830,0.2777
1624184796902000,0,998.99918170,0.2777
1624184797885000,0,0.00001630,0.2777
1624184810257000,1,846.50780000,0.2773
1624184830944000,0,377.84402957,0.2769
1624184831034000,0,377.61327000,0.2769
1624184831334000,0,0.00000348,0.2769
1624184832154000,0,2454.77721999,0.2772
1624184832822000,0,377.61327000,0.2772
1624184832901000,0,0.00000348,0.2772
1624184833214000,0,377.45930308,0.2774
1624184833214000,0,377.54399692,0.2774
1624184833287000,0,0.00003739,0.2774
1624184833287000,0,232.70086261,0.2774
1624184834495000,0,108.86750000,0.2774
1624184834496000,0,138.62260000,0.2774
1624184834584000,0,223.50990000,0.2774
1624184835359000,0,377.45930308,0.2776
1624184835359000,0,377.38295692,0.2776
1624184835842000,0,2594.00000000,0.2776
1624184835925000,0,1151.15774000,0.2776
1624184840546000,0,377.71000000,0.2781
1624184841631000,0,296.88446000,0.2781
1624184841794000,0,0.00000046,0.2781
1624184846146000,1,1848.32003528,0.2779
1624184846816000,1,1848.32003528,0.2778
1624184846816000,1,1583.03805729,0.2778
1624184846855000,1,0.00000001,0.2778
1624184846855000,1,3431.35809256,0.2778
1624184855227000,1,1235.19410000,0.2774
1624184875955000,0,696.35879821,0.2779
1624184875955000,0,1740.89680179,0.2779
1624184876626000,0,696.31860000,0.2779
1624184878232000,0,233.87370000,0.2780
1624184892767000,0,1187.00000000,0.2783
1624184894165000,0,544.45793922,0.2786
1624184894165000,0,620.19339233,0.2786
1624184894721000,0,2594.00000000,0.2787
1624184903055000,1,1490.00000000,0.2782
1624184903055000,1,4500.00000000,0.2782
1624184903274000,1,1104.30000000,0.2782
1624184903334000,1,281.81617207,0.2782
1624184908935000,0,611.67100000,0.2784
1624184914468000,0,716.03348646,0.2786
1624184944899000,1,3783.96660000,0.2784
1624184961123000,0,492.62900000,0.2788
1624184964159000,0,37.37100000,0.2788
1624184998619000,1,1104.30000000,0.2791
1624185004079000,0,542.26000000,0.2792
1624185005441000,0,525.00000000,0.2792
1624185009459000,0,140.29500000,0.2794
1624185015948000,1,1185.90029000,0.2794
1624185015994000,1,0.00000873,0.2794
1624185028456000,0,1694.98268584,0.2795
1624185035408000,0,255.63730000,0.2795
1624185035458000,0,136.20310000,0.2795
1624185035518000,0,165.05023236,0.2795
1624185075133000,0,1695.87978670,0.2794
1624185090816000,0,923.00000000,0.2794
1624185107862000,1,1574.00000000,0.2793
1624185108056000,1,1067.26000000,0.2793
1624185109427000,1,1494.00000000,0.2792
1624185129375000,1,734.55660000,0.2791
1624185181788000,0,116.00570000,0.2787
1624185181878000,0,135.54550000,0.2787
1624185182031000,0,118.03160000,0.2787
1624185182112000,0,223.45778636,0.2787
1624185182220000,0,119.13900000,0.2787
1624185182244000,0,184.90820000,0.2787
1624185194013000,1,897.08770000,0.2781
1624185194081000,1,98.34360000,0.2781
1624185202004000,1,1000.00000000,0.2781
1624185209930000,1,4500.00000000,0.2777
1624185209930000,1,1574.00000000,0.2777
1624185209930000,1,634.62396930,0.2777
1624185209930000,1,5391.75650725,0.2777
1624185216062000,1,1032.75210000,0.2779
1624185227271000,0,2801.00000000,0.2782
1624185235506000,0,98.34360000,0.2784
1624185235783000,0,2862.65640000,0.2784
1624185254553000,1,1017.04135608,0.2785
1624185342641000,1,2450.20660000,0.2788
1624185346796000,1,15468.87704000,0.2788
1624185367273000,1,0.00000827,0.2788
1624185385373000,1,1528.00000000,0.2780
1624185385373000,1,3387.01288429,0.2780
1624185385805000,1,1162.54163000,0.2780
1624185424416000,0,732.00000000,0.2776
1624185433273000,0,2594.00000000,0.2780
1624185433934000,0,4500.00000000,0.2781
1624185434965000,0,1112.98720000,0.2782
1624185434978000,0,568.58650000,0.2782
1624185437114000,1,3931.41350000,0.2779
1624185439551000,1,1044.00000000,0.2777
1624185439551000,1,2887.41350000,0.2776
1624185461160000,0,784.00000000,0.2778
1624185481022000,0,26130.07434860,0.2784
1624185496593000,0,719.43676645,0.2782
1624185516830000,1,4500.00000000,0.2780
1624185516984000,0,1104.30000000,0.2779
1624185516994000,0,4500.00000000,0.2779
1624185517056000,0,14608.02853853,0.2779
1624185543686000,0,945.00000000,0.2778
1624185560089000,0,1201.00000000,0.2781
1624185584791000,1,17980.49499000,0.2779
1624185591544000,0,726.20975637,0.2781
1624185613546000,0,533.00000000,0.2784
1624185675631000,0,1997.00000000,0.2790
1624185717160000,0,282.22480000,0.2791
1624185717215000,0,151.61320000,0.2791
1624185717608000,0,215.35460000,0.2791
1624185717625000,0,60.56154690,0.2791
1624185718711000,0,2594.00000000,0.2793
1624185765438000,1,2837.48097929,0.2790
1624185779069000,1,1387.00000000,0.2792
1624185779069000,1,450.48090000,0.2792
1624185779199000,1,7000.00000000,0.2792
1624185779199000,1,3000.00000000,0.2792
1624185787664000,1,1278.34060000,0.2793
1624185793515000,1,17889.39381233,0.2792
1624185793515000,1,1350.99999767,0.2792
1624185850962000,1,2998.10952093,0.2786
1624185850962000,1,1199.23907877,0.2786
1624185850962000,1,7797.90566030,0.2786
1624185850986000,1,0.00001661,0.2786
1624185874348000,0,1597.00000000,0.2788
1624185901797000,0,2206.39646000,0.2791
1624185902639000,0,2206.47553180,0.2791
1624185902639000,0,2205.89634820,0.2791
1624185921516000,0,1182.00000000,0.2795
1624185970358000,0,293.02408240,0.2794
1624185991717000,0,1784.09395395,0.2789
1624186006705000,0,668.00000000,0.2787
1624186035356000,0,995.33120000,0.2785
1624186038010000,0,788.76270000,0.2785
1624186055655000,0,1570.00000000,0.2784
1624186160989000,0,659.00000000,0.2783
1624186160989000,0,3553.87931030,0.2784
1624186280986000,0,13119.83343120,0.2786
1624186281127000,1,1104.30000000,0.2783
1624186308089000,1,2183.09556000,0.2780
1624186308323000,1,2893.55263359,0.2780
1624186308324000,1,6234.50288554,0.2780
1624186310181000,1,0.00000398,0.2779
1624186323815000,0,1672.00000000,0.2778
1624186360938000,0,4500.00000000,0.2773
1624186368407000,1,4672.00000000,0.2770
1624186369580000,1,116.93350000,0.2770
1624186369653000,1,7201.75275680,0.2770
1624186383092000,0,408.00000000,0.2771
1624186397287000,0,1612.00000000,0.2774
1624186398973000,0,4500.00000000,0.2774
1624186399317000,1,1415.77973645,0.2772
1624186399317000,1,4500.00000000,0.2772
1624186399317000,1,6500.00000000,0.2771
1624186399317000,1,3000.22600000,0.2771
1624186399317000,1,1015.86960957,0.2771
1624186399317000,1,1776.00000000,0.2771
1624186399317000,1,18027.21955093,0.2770
1624186399317000,1,3623.20410077,0.2770
1624186399317000,1,23996.86523209,0.2770
1624186399317000,1,45500.00000000,0.2770
1624186399317000,1,987.66273985,0.2770
1624186399317000,1,89057.50000000,0.2769
1624186399317000,1,969.60643466,0.2769
1624186399317000,1,3618.89627274,0.2769
1624186399317000,1,1028.19931631,0.2768
1624186399317000,1,3543.12274620,0.2768
1624186399317000,1,3543.12274620,0.2768
1624186399317000,1,3604.43689705,0.2768
1624186399317000,1,1021.04542961,0.2767
1624186399317000,1,3623.51324969,0.2766
1624186399317000,1,3568.32814873,0.2765
1624186399317000,1,2594.00000000,0.2764
1624186399317000,1,7927.00000000,0.2762
1624186399317000,1,108.69171407,0.2760
1624186399317000,1,26189.00000000,0.2758
1624186399317000,1,49059.18715104,0.2758
1624186399317000,1,19868.60043509,0.2758
1624186399317000,1,2000.00000000,0.2755
1624186399317000,1,256068.00000000,0.2754
1624186399317000,1,109.06711263,0.2751
1624186399317000,1,1000.00000000,0.2750
1624186399317000,1,5489.56363636,0.2750
1624186399317000,1,500.00000000,0.2750
1624186399317000,1,172811.00000000,0.2743
1624186399317000,1,109.48505529,0.2740
1624186399322000,0,3000.00000000,0.2740
1624186399363000,0,44435.03940354,0.2740
1624186399381000,0,6500.00000000,0.2740
1624186399410000,0,3000.00000000,0.2740
1624186399440000,0,99500.00000000,0.2740
1624186399442000,0,1104.30000000,0.2740
1624186399446000,0,766.49993598,0.2740
1624186399459000,0,4500.00000000,0.2740
1624186399508000,0,3037.86481000,0.2740
1624186399511000,0,11957.10253515,0.2740
1624186399604000,0,4500.00000000,0.2776
1624186399665000,0,2500.00000000,0.2776
1624186399665000,0,3000.00000000,0.2776
1624186399665000,0,7927.00000000,0.2776
1624186399665000,0,22644.88608623,0.2776
1624186399665000,0,8032.86201377,0.2777
1624186399678000,0,466.67600000,0.2777
1624186399695000,0,1288.39000000,0.2777
1624186400507000,1,3000.22600000,0.2770
1624186400507000,1,2500.00000000,0.2770
1624186400507000,1,500.00000000,0.2770
1624186400507000,1,38377.10740000,0.2770
1624186402078000,1,1104.30000000,0.2771
1624186402218000,1,3395.70000000,0.2771
1624186402800000,0,119.36200000,0.2771
1624186410760000,1,6520.00000000,0.2769
1624186411743000,1,7500.00000000,0.2769
1624186412969000,1,4500.00000000,0.2769
1624186413051000,1,14000.00000000,0.2769
1624186413559000,1,4500.00000000,0.2769
1624186415667000,1,13500.00000000,0.2768
1624186415997000,1,4548.13545000,0.2768
1624186437636000,1,18042.74179936,0.2769
1624186437771000,0,8146.25820064,0.2769
1624186443530000,0,1104.30000000,0.2771
1624186443571000,0,848.99910000,0.2771
1624186443572000,0,105.85780000,0.2771
1624186450519000,1,9896.48359872,0.2769
1624186450519000,1,16292.51640128,0.2769
1624186456984000,1,18033.61005776,0.2771
1624186456990000,0,4500.00000000,0.2770
1624186457089000,0,3655.38994224,0.2770
1624186457109000,0,82.34240000,0.2772
1624186457386000,0,1468.00178205,0.2772
1624186458118000,0,176.89410000,0.2772
1624186458121000,0,99.56430000,0.2772
1624186458121000,0,2643.58090000,0.2772
1624186458139000,0,106.04640000,0.2772
1624186458253000,0,85.65280000,0.2772
1624186458283000,0,95.70510000,0.2772
1624186458321000,0,815.89204779,0.2772
1624186458325000,0,22165.66435221,0.2772
1624186459580000,0,87.81870000,0.2773
1624186459658000,0,321.26020000,0.2773
1624186459737000,0,116.70010000,0.2773
1624186459769000,0,108.52890000,0.2773
1624186459810000,0,255.14910000,0.2773
1624186459818000,0,117.44060000,0.2773
1624186459880000,0,114.81750000,0.2773
1624186460028000,0,348.28490000,0.2773
1624186482918000,0,12048.48031269,0.2776
1624186485458000,1,1837.00000000,0.2773
1624186485458000,1,2663.00000000,0.2773
1624186485520000,1,5911.16200000,0.2773
1624186486541000,1,840.56246000,0.2773
1624186515735000,1,0.00000619,0.2773
1624186515735000,1,1104.29999381,0.2773
1624186516441000,1,4500.00000000,0.2773
1624186539940000,1,1830.00000000,0.2772
1624186539940000,1,2670.00000000,0.2772
1624186561013000,0,10445.10483530,0.2774
1624186567841000,1,13596.24009000,0.2771
1624186569242000,1,8053.72700000,0.2770
1624186570079000,1,4500.00000000,0.2770
1624186570079000,1,11500.00000000,0.2770
1624186570213000,1,3906.47572000,0.2770
1624186577377000,1,14004.83859000,0.2769
1624186577716000,1,0.00000872,0.2769
1624186611398000,1,18039.91451000,0.2769
1624186614675000,1,0.00000326,0.2769
1624186614675000,1,4499.99999674,0.2769
1624186628258000,1,0.00000053,0.2768
1624186628258000,1,1896.00000000,0.2767
1624186628258000,1,7103.99989947,0.2767
1624186633173000,0,7927.00000000,0.2769
1624186633821000,0,586.89498443,0.2769
1624186634707000,0,586.89480000,0.2768
1624186636166000,0,7927.00000000,0.2769
1624186636549000,0,1104.30000000,0.2770
1624186636642000,0,89.60310000,0.2770
1624186636648000,0,1400.09690000,0.2770
1624186637157000,0,2235.90307426,0.2770
1624186637225000,0,5691.09692574,0.2770
1624186637225000,0,2594.00000000,0.2770
1624186637225000,0,1841.00000000,0.2771
1624186640498000,0,98.31940000,0.2771
1624186640499000,0,332.98700000,0.2771
1624186640529000,0,88.97990000,0.2771
1624186640613000,0,107.79600000,0.2771
1624186648310000,1,1104.30000000,0.2770
1624186648421000,1,4500.00000000,0.2770
1624186677807000,0,1288.39000000,0.2769
1624186692402000,0,7927.00000000,0.2770
1624186692646000,0,1104.30000000,0.2770
1624186692804000,0,1489.70000000,0.2770
1624186693361000,0,964.44790000,0.2771
1624186693703000,0,572.55210000,0.2771
1624186695639000,0,2594.00000000,0.2771
1624186696361000,0,2594.00000000,0.2772
1624186727261000,1,18023.91083000,0.2772
1624186733019000,0,2594.00000000,0.2773
1624186733261000,1,3211.61000000,0.2773
1624186761040000,1,8384.90400000,0.2774
1624186762307000,1,3082.23020000,0.2774
1624186765043000,1,1104.30000000,0.2774
1624186770089000,1,23864.72700000,0.2773
1624186796845000,1,0.00000070,0.2772
1624186796845000,1,4499.99999930,0.2772
1624186801034000,1,4499.99990000,0.2771
1624186803248000,1,18045.33971000,0.2768
1624186840241000,1,1519.00000000,0.2763
1624186840459000,1,18070.45762000,0.2763
1624186840925000,1,0.00000117,0.2763
1624186841061000,0,13211.18763870,0.2764
1624186856912000,1,1638.00000000,0.2760
1624186856912000,1,18094.85383665,0.2760
1624186856912000,1,1518.25061891,0.2759
1624186856912000,1,12574.06562954,0.2759
1624186860210000,1,2000.00000000,0.2759
1624186871256000,0,3591.65062595,0.2757
1624186871290000,0,32468.13785073,0.2757
1624186871507000,0,4500.00000000,0.2757
1624186871893000,0,54355.27761458,0.2757
1624186884948000,0,994.26641000,0.2752
1624186885037000,0,0.00000083,0.2752
1624186885085000,0,1010.33543133,0.2752
1624186885085000,0,1038.94800463,0.2752
1624186891780000,0,1619.00000000,0.2757
1624186892104000,0,2881.00000000,0.2757
1624186892328000,0,2594.00000000,0.2758
1624186893577000,0,1642.00000000,0.2758
1624186896925000,1,1568.00000000,0.2756
1624186896925000,1,4500.00000000,0.2756
1624186896925000,1,5980.48031269,0.2755
1624186902041000,1,1168.28340000,0.2755
1624186906721000,0,2594.00000000,0.2759
1624186915374000,1,25000.00000000,0.2758
1624186928629000,0,599.00000000,0.2761
1624186928801000,0,2594.00000000,0.2762
1624186929712000,0,1104.30000000,0.2762
1624186929759000,0,3395.70000000,0.2762
1624186930854000,0,4500.00000000,0.2764
1624186938422000,0,2594.00000000,0.2764
1624186955141000,0,4500.00000000,0.2762
1624186957703000,0,4500.00000000,0.2764
1624186957821000,0,1286.47650000,0.2764
1624186957854000,0,395.91150000,0.2764
1624186957897000,0,166.77900000,0.2764
1624186957909000,0,114.77030000,0.2764
1624186957939000,0,110.44450000,0.2764
1624186958029000,0,1352.61820000,0.2764
1624186958436000,0,2594.00000000,0.2764
1624186961346000,0,7927.00000000,0.2767
1624186979808000,0,975.79244154,0.2767
1624186979808000,0,4500.00000000,0.2767
1624186979808000,0,3000.00000000,0.2768
1624186979808000,0,3000.22600000,0.2768
1624186979808000,0,487.12242370,0.2768
1624186995408000,0,4500.00000000,0.2766
1624186998378000,0,720.00000000,0.2767
1624186999170000,1,299.44660000,0.2767
1624187003625000,0,1227.00000000,0.2767
1624187026422000,1,4500.00000000,0.2767
1624187027019000,1,0.00009040,0.2767
1624187041080000,0,4500.00000000,0.2768
1624187041080000,0,12620.05965620,0.2768
1624187049656000,0,2594.00000000,0.2768
1624187066977000,0,263.00000000,0.2770
1624187069138000,0,2594.00000000,0.2771
1624187069489000,0,7927.00000000,0.2771
1624187070433000,0,2594.00000000,0.2771
1624187119598000,0,1339.00000000,0.2773
1624187120567000,0,2594.00000000,0.2774
1624187121468000,0,2594.00000000,0.2774
1624187165325000,0,2594.00000000,0.2777
1624187252618000,0,143.53047241,0.2773
1624187306845000,0,1913.00000000,0.2771
1624187328174000,1,1954.00000000,0.2763
1624187346070000,0,1033.00000000,0.2763
1624187374849000,0,215.97326628,0.2764
1624187393974000,1,1104.30000000,0.2761
1624187394039000,1,1774.93520000,0.2761
1624187394103000,1,3889.65127902,0.2761
1624187395905000,0,18110.89976000,0.2762
1624187397978000,0,0.00000337,0.2762
1624187397978000,0,1104.29999663,0.2762
1624187399005000,0,2594.00000000,0.2763
1624187402177000,0,997.44567541,0.2767
1624187402203000,0,20.35603419,0.2767
1624187405682000,0,829.00000000,0.2769
1624187418609000,1,849.35600000,0.2768
1624187427827000,0,736.00000000,0.2772
1624187430667000,0,4500.00000000,0.2773
1624187430667000,0,6021.00000000,0.2773
1624187431773000,0,1906.00000000,0.2773
1624187431773000,0,2594.00000000,0.2773
1624187432254000,0,2594.00000000,0.2772
1624187433047000,0,1906.00000000,0.2774
1624187433549000,0,2594.00000000,0.2774
1624187434170000,0,11163.46159000,0.2775
1624187455537000,0,2594.00000000,0.2778
1624187456087000,0,961.77158000,0.2778
1624187467892000,0,1094.00000000,0.2783
1624187482427000,1,120.21630000,0.2780
1624187526474000,1,669.00000000,0.2776
1624187547943000,0,898.29594477,0.2782
1624187561337000,0,229.29590000,0.2780
1624187603378000,0,718.04365822,0.2778
1624187668226000,0,899.29818247,0.2778
1624187669626000,1,203.99999960,0.2776
1624187709847000,1,27555.77158000,0.2776
1624187710121000,1,10475.83395671,0.2776
1624187710140000,1,5409.43519593,0.2776
1624187710184000,1,17403.98684736,0.2776
1624187713270000,1,5411.30290307,0.2776
1624187713807000,1,40000.00000000,0.2776
1624187713866000,1,11000.00000000,0.2776
1624187713928000,1,1067.81100000,0.2776
1624187807802000,0,79.00000000,0.2771
1624187808347000,0,2594.00000000,0.2773
1624187808347000,0,4500.00000000,0.2773
1624187808645000,0,7927.00000000,0.2773
1624187844018000,0,1000.00000000,0.2768
1624187854761000,0,4500.00000000,0.2767
1624187876092000,0,10000.00000000,0.2764
1624187882728000,0,18103.56255000,0.2764
1624187885547000,0,4500.00000000,0.2764
1624187885725000,0,0.00000594,0.2764
1624187885725000,0,2513.99999406,0.2766
1624187886783000,0,3811.00000000,0.2765
1624187917207000,1,904.00000000,0.2762
1624187918740000,1,200.30000000,0.2761
1624187944265000,0,4299.70000000,0.2763
1624187944923000,0,202.00000000,0.2762
1624187960645000,0,721.96739405,0.2763
1624187977745000,0,118.00000000,0.2763
1624187985759000,0,120.21630000,0.2767
1624187985775000,0,721.96730000,0.2767
1624188006495000,0,713.00000000,0.2768
1624188055944000,0,180.01027570,0.2764
1624188079703000,0,180.01020000,0.2763
1624188104575000,0,770.06181686,0.2763
1624188122612000,1,8748.53000000,0.2760
1624188124509000,1,1033.00000000,0.2759
1624188124574000,1,23866.66200000,0.2759
1624188127169000,1,151.91980602,0.2759
1624188127322000,1,499.88316228,0.2758
1624188144931000,0,766.00000000,0.2757
1624188153658000,0,4500.00000000,0.2761
1624188154407000,0,2594.00000000,0.2762
1624188184889000,0,904.00000000,0.2760
1624188184889000,0,3596.00000000,0.2760
1624188206542000,0,678.00000000,0.2759
1624188246959000,1,12500.00000000,0.2752
1624188246989000,1,399.99999999,0.2752
1624188247009000,1,506.83306895,0.2752
1624188247013000,1,1157.04060000,0.2752
1624188247032000,1,5449.15733106,0.2752
1624188247526000,1,908.00000000,0.2751
1624188254592000,1,1470.40955211,0.2751
1624188255776000,1,1646.76381873,0.2750
1624188256046000,1,1054.00000000,0.2750
1624188261070000,1,451.74940000,0.2749
1624188261071000,1,3117.17330000,0.2749
1624188261169000,1,114.54860000,0.2749
1624188261184000,1,3690.00000000,0.2749
1624188261263000,1,101.83370000,0.2749
1624188261263000,1,85.30720000,0.2749
1624188261281000,1,1800.00000000,0.2749
1624188264655000,1,319.57940000,0.2748
1624188264656000,1,10530.41538000,0.2748
1624188264724000,1,335.07030000,0.2748
1624188264761000,1,1610.15192000,0.2748
1624188275295000,0,1104.30000000,0.2753
1624188275323000,0,141.70000000,0.2753
1624188306306000,0,896.00000000,0.2756
1624188308819000,0,4500.00000000,0.2758
1624188322951000,0,308.00000000,0.2762
1624188322951000,0,4192.00000000,0.2762
1624188324293000,0,1266.38860000,0.2762
1624188393011000,0,171.56660752,0.2762
1624188444039000,0,1061.00000000,0.2761
1624188446853000,0,524.25505000,0.2762
1624188447797000,0,0.00000739,0.2762
1624188447797000,0,2593.99999261,0.2762
1624188469598000,0,2594.00000000,0.2763
1624188469894000,0,2594.00000000,0.2763
1624188485494000,0,1245.15274530,0.2762
1624188487865000,0,1348.84720000,0.2762
1624188553014000,1,1104.30000000,0.2755
1624188555887000,1,2153.10313000,0.2755
1624188578937000,0,1080.00000000,0.2757
1624188595265000,1,4500.00000000,0.2756
1624188595265000,1,1433.00000000,0.2755
1624188595331000,0,5856.35950070,0.2755
1624188605208000,1,7000.00000000,0.2755
1624188605309000,1,89.31470000,0.2755
1624188605588000,1,8086.23417000,0.2755
1624188605588000,1,7920.84352725,0.2755
1624188605609000,1,637.85955171,0.2755
1624188605685000,1,3226.29892104,0.2755
1624188632095000,0,2170.83412000,0.2747
1624188632292000,0,0.00000013,0.2747
1624188632292000,0,4500.00000000,0.2747
1624188632292000,0,926.07926987,0.2748
1624188632520000,0,115.77020000,0.2748
1624188632564000,0,4384.22980902,0.2748
1624188634205000,0,621.00000000,0.2748
1624188637583000,0,4500.00000000,0.2751
1624188639025000,0,840.56246000,0.2752
1624188639211000,0,0.00000619,0.2752
1624188671611000,1,521.12102799,0.2740
1624188671678000,0,41213.43258000,0.2740
1624188671686000,0,0.00000561,0.2740
1624188679269000,0,855.00000000,0.2745
1624188681066000,0,2500.00000000,0.2746
1624188681066000,0,7000.00000000,0.2746
1624188681066000,0,11765.44959540,0.2746
1624188683672000,0,3645.00010000,0.2746
1624188683793000,0,6500.00000000,0.2746
1624188724649000,0,1099.00000000,0.2745
1624188746660000,0,512.00000000,0.2743
1624188779038000,1,4500.00000000,0.2740
1624188779038000,1,1204.00000000,0.2739
1624188779038000,1,3000.22600000,0.2739
1624188779038000,1,3258.91486524,0.2739
1624188783271000,1,3696.39011569,0.2740
1624188786026000,1,3988.00000000,0.2737
1624188808317000,1,23359.38594000,0.2737
1624188814431000,0,1104.30000000,0.2737
1624188818601000,1,1700.13565545,0.2734
1624188822416000,0,4045.00000000,0.2733
1624188831863000,1,1000.00000000,0.2730
1624188838489000,1,1700.13560000,0.2725
1624188843607000,0,4500.00000000,0.2729
1624188844365000,0,4500.00000000,0.2729
1624188845138000,0,138.00000000,0.2729
1624188845138000,0,4500.00000000,0.2729
1624188845465000,0,4500.00000000,0.2729
1624188845755000,0,6992.00000000,0.2730
1624188845755000,0,5500.00000000,0.2730
1624188845755000,0,18634.00000000,0.2730
1624188846475000,0,453.00000000,0.2731
1624188847159000,0,22367.95103000,0.2732
1624188850501000,0,1024.00000000,0.2730
1624188851295000,0,12000.00000000,0.2730
1624188851521000,0,2500.00000000,0.2730
1624188852509000,0,15953.00000000,0.2731
1624188855090000,0,116.69150000,0.2730
1624188855164000,0,99.07130000,0.2730
1624188855191000,0,122.40250000,0.2730
1624188855224000,0,135.47310000,0.2730
1624188855226000,0,137.60020000,0.2730
1624188855384000,0,129.64030000,0.2730
1624188855416000,0,111.99110000,0.2730
1624188867009000,0,49380.00000000,0.2730
1624188867009000,0,4520.98000000,0.2730
1624188867028000,0,1100.02000000,0.2730
1624188874786000,1,10545.06282000,0.2728
1624188874855000,1,3746.93718000,0.2728
1624188881675000,0,453.00000000,0.2730
1624188901422000,0,8000.00000000,0.2730
1624188901534000,0,6246.93718000,0.2730
1624188901960000,0,101.55910000,0.2730
1624188901963000,0,383.65030000,0.2730
1624188902052000,0,226.32770000,0.2730
1624188902141000,0,93.97560000,0.2730
1624188903298000,0,4675.38400000,0.2730
1624188905732000,0,25830.16612000,0.2730
1624188905732000,0,8093.67667760,0.2730
1624188905743000,0,692.32332240,0.2730
1624188907419000,0,100.65830000,0.2730
1624188907438000,0,104.76940000,0.2730
1624188907530000,0,122.40070000,0.2730
1624188907603000,0,85.34150000,0.2730
1624188907609000,0,88.29230000,0.2730
1624188907711000,0,268.03310000,0.2730
1624188907724000,0,14430.89290000,0.2730
1624188907735000,0,13332.61180000,0.2730
1624188915016000,1,6743.02826479,0.2727
1624188959642000,0,453.00000000,0.2739
1624188963535000,0,453.00000000,0.2738
1624188991794000,0,1375.27360287,0.2737
1624188991994000,0,524.72639713,0.2737
1624189042425000,1,4500.00000000,0.2744
1624189046917000,0,1194.00000000,0.2745
1624189058376000,0,4500.00000000,0.2750
1624189058376000,0,2594.00000000,0.2750
1624189058376000,0,3000.22600000,0.2751
1624189058376000,0,1785.83285919,0.2751
1624189105440000,0,980.00000000,0.2745
1624189106156000,0,980.00000000,0.2745
1624189129953000,0,222.00000000,0.2745
1624189136379000,0,758.00000000,0.2747
1624189189978000,1,19645.53746000,0.2743
1624189190168000,1,0.00000099,0.2743
1624189190168000,1,33587.56400000,0.2743
1624189190168000,1,16543.12799901,0.2743
1624189190187000,1,0.00000099,0.2743
1624189225093000,0,2149.00000000,0.2744
1624189240549000,0,19322.53746000,0.2743
1624189241071000,0,18000.00000000,0.2743
1624189242316000,0,364.25891524,0.2745
1624189253801000,1,1013.68090000,0.2754
1624189307363000,0,251.86000000,0.2758
1624189307381000,0,5.14000000,0.2758
1624189311937000,1,1391.99460000,0.2757
1624189311950000,1,0.00004884,0.2757
1624189334626000,1,906.00000000,0.2755
1624189334953000,1,907.00000000,0.2755
1624189347498000,0,126.32257245,0.2757
1624189359231000,0,72.21053013,0.2756
1624189397431000,0,126.32250000,0.2753
1624189436149000,1,917.07652027,0.2748
1624189454414000,0,4500.00000000,0.2750
1624189454414000,0,3000.22600000,0.2750
1624189454414000,0,936.91996254,0.2750
1624189455429000,1,1026.03720000,0.2747
1624189458996000,1,13882.08080000,0.2747
1624189459302000,1,1104.30000000,0.2747
1624189471732000,0,1104.30000000,0.2748
1624189472212000,0,638.70000000,0.2748
1624189511967000,0,3395.70000000,0.2750
1624189535207000,0,908.59045299,0.2751
1624189535207000,0,2270.94762849,0.2751
1624189535207000,0,3062.49738736,0.2751
1624189548135000,0,1039.00000000,0.2750
1624189550175000,0,1138.00000000,0.2750
1624189557426000,0,13018.08080000,0.2752
1624189565536000,0,338.67920000,0.2756
1624189571906000,0,355.32080000,0.2756
1624189574071000,1,905.00000000,0.2759
1624189583885000,1,498.33160000,0.2757
1624189612203000,0,498.33160000,0.2762
1624189722727000,1,910.00000000,0.2746
1624189722901000,1,1027.36996000,0.2746
1624189722951000,1,0.00000939,0.2746
1624189723194000,1,4857.43826846,0.2745
1624189723468000,1,1964.80018971,0.2745
1624189723498000,1,1027.42100305,0.2745
1624189745960000,0,389.63142540,0.2747
1624189753112000,0,1597.00000000,0.2748
1624189761576000,1,2583.59701842,0.2745
1624189764203000,1,14197.28598000,0.2745
1624189764265000,1,0.00000158,0.2745
1624189764529000,1,824.00000000,0.2745
1624189764661000,1,9904.76100000,0.2745
1624189778866000,1,912.00000000,0.2739
1624189781057000,1,522.36860000,0.2735
1624189791247000,0,556.00000000,0.2741
1624189806280000,0,4500.00000000,0.2744
1624189811123000,0,4500.00000000,0.2743
1624189835278000,0,1224.62714239,0.2744
1624189835278000,0,937.99999761,0.2744
1624189841994000,1,194.30000000,0.2741
1624189903671000,0,1197.33846900,0.2739
1624189903671000,0,1197.79384778,0.2739
1624189903671000,0,404.00000000,0.2739
1624189925599000,0,1384.00000000,0.2738
1624189947923000,0,302.00000000,0.2741
1624189975215000,1,348.10900000,0.2736
1624189975479000,1,241.85220000,0.2736
1624189975532000,1,405.90920261,0.2736
1624189975532000,1,1513.14671744,0.2736
1624189975539000,1,106.25678910,0.2736
1624189975543000,1,2832.06741603,0.2735
1624189975613000,1,1376.94669798,0.2735
1624189976832000,1,1061.00000000,0.2733
1624190003275000,0,1214.00000000,0.2731
1624190003663000,0,3286.00000000,0.2731
1624190003739000,0,1214.00000000,0.2731
1624190004136000,0,1214.00000000,0.2732
1624190039251000,0,5714.00000000,0.2734
1624190041009000,0,696.21790000,0.2735
1624190055683000,1,1344.00000000,0.2733
1624190055877000,1,8500.00000000,0.2733
1624190057240000,1,8006.89800000,0.2733
1624190057946000,1,10553.59000000,0.2733
1624190101322000,0,458.00000000,0.2736
1624190104624000,0,18283.08254000,0.2738
1624190121036000,0,1352.49622055,0.2737
1624190121036000,0,3380.90371953,0.2737
1624190121036000,0,8911.64730042,0.2737
1624190151335000,0,0.00000049,0.2738
1624190175560000,1,5436.91996000,0.2736
1624190175820000,1,0.00000254,0.2736
1624190175820000,1,759.99999746,0.2735
1624190175860000,1,33241.46231152,0.2735
1624190176177000,1,811.99999999,0.2735
1624190176240000,1,4658.02222146,0.2735
1624190176443000,1,5460.00000000,0.2735
1624190176675000,1,57500.00000000,0.2735
1624190176730000,1,484.96190000,0.2735
1624190176735000,1,13500.00000000,0.2735
1624190176819000,1,18381.42247000,0.2735
1624190176884000,1,3500.00000000,0.2735
1624190176920000,1,208.11300000,0.2735
1624190176959000,1,91.83640000,0.2735
1624190177021000,1,85.00900000,0.2735
1624190177022000,1,138.25670000,0.2735
1624190177082000,1,94.28420000,0.2735
1624190177132000,1,446.14730000,0.2735
1624190185521000,1,2489.00000001,0.2735
1624190185672000,1,1953.00000000,0.2735
1624190188859000,1,12898.51340000,0.2735
1624190188871000,1,3648.60000000,0.2735
1624190188971000,1,5560.00000000,0.2735
1624190189010000,1,153.27530000,0.2735
1624190189040000,1,145.93540000,0.2735
1624190189092000,1,225.97480000,0.2735
1624190189131000,1,12533.71119070,0.2735
1624190189177000,1,12089.23177530,0.2735
1624190189182000,1,12008.52569070,0.2735
1624190198308000,0,1246.29011300,0.2731
1624190223824000,1,4500.00000000,0.2728
1624190223824000,1,1409.31757324,0.2727
1624190229395000,0,146.50287619,0.2729
1624190238212000,1,1419.00000000,0.2727
1624190259838000,0,453.00000000,0.2730
1624190262988000,0,827.50390000,0.2730
1624190263186000,1,2934.49720000,0.2727
1624190303929000,0,1027.00000000,0.2731
1624190315599000,0,788.33016586,0.2733
1624190315599000,0,315.96983414,0.2733
1624190316414000,0,777.00000000,0.2733
1624190341380000,1,4500.00000000,0.2732
1624190341380000,1,1591.00000000,0.2732
1624190341380000,1,1910.78587675,0.2731
1624190397127000,1,1104.30000000,0.2732
1624190397171000,1,4045.57300000,0.2732
1624190397171000,1,2278.92013319,0.2732
1624190397243000,1,2860.00000000,0.2732
1624190397824000,1,364.84159133,0.2732
1624190397861000,1,152.54950000,0.2732
1624190397991000,1,390.53480000,0.2732
1624190398060000,1,11588.62420000,0.2732
1624190398186000,1,208.74630000,0.2732
1624190398237000,1,1529.11547548,0.2732
1624190399154000,1,4500.00000000,0.2731
1624190408972000,1,1761.00000000,0.2725
1624190412078000,1,200.00000000,0.2725
1624190414667000,1,7039.00000000,0.2724
1624190417279000,1,1961.00000000,0.2724
1624190424388000,1,2822.31967579,0.2721
1624190434824000,0,751.83060000,0.2724
1624190436317000,1,4500.00000000,0.2722
1624190436317000,1,1156.78811988,0.2722
1624190436488000,1,1156.78811000,0.2722
1624190436488000,1,10723.27074919,0.2722
1624190439114000,0,395.16940000,0.2724
1624190441005000,0,1053.46016436,0.2727
1624190441005000,0,2634.15265916,0.2727
1624190441005000,0,2634.13331611,0.2727
1624190441005000,0,4500.00000000,0.2727
1624190441005000,0,5954.80824637,0.2728
1624190448899000,0,911.70436000,0.2728
1624190449985000,0,911.70436000,0.2729
1624190452330000,0,891.26126000,0.2731
1624190457781000,1,970.25938403,0.2728
1624190457781000,1,77.26186282,0.2728
1624190458095000,1,970.25938404,0.2728
1624190458095000,1,1047.62103564,0.2727
1624190458321000,1,2861.68117476,0.2727
1624190458339000,1,986.79640000,0.2727
1624190458456000,1,845.07056065,0.2727
1624190479379000,0,986.79640000,0.2726
1624190482531000,0,128.91520000,0.2726
1624190482787000,0,870.08480000,0.2726
1624190482959000,0,959.52770000,0.2727
1624190517252000,1,4500.00000000,0.2732
1624190517252000,1,1104.28587675,0.2732
1624190536489000,0,640.00000000,0.2737
1624190575828000,0,817.00000000,0.2738
1624190657643000,1,7322.31960000,0.2733
1624190657925000,1,5634.26340000,0.2733
1624190666590000,1,1088.44290000,0.2728
1624190667052000,1,8283.71700000,0.2729
1624190686866000,0,1094.45067124,0.2727
1624190686866000,0,2736.12578876,0.2727
1624190714841000,1,4500.00000000,0.2722
1624190718887000,1,110.29000000,0.2720
1624190718911000,1,0.00006287,0.2720
1624190719978000,1,1224.05662120,0.2718
1624190719978000,1,1234.85011453,0.2718
1624190721950000,1,2160.00000000,0.2716
1624190722256000,1,434.00000000,0.2716
1624190722256000,1,1546.00000000,0.2716
1624190722396000,1,249.71000000,0.2715
1624190733331000,0,1124.52141000,0.2719
1624190733637000,0,0.00000170,0.2719
1624190733742000,0,2824.48398000,0.2719
1624190734476000,0,149.56270000,0.2720
1624190747671000,1,735.69913133,0.2714
1624190748529000,1,1424.30090000,0.2714
1624190757580000,1,149.56270000,0.2716
1624190763091000,0,896.58327205,0.2720
1624190767176000,0,1624.00000000,0.2720
1624190769164000,0,2594.00000000,0.2722
1624190795241000,0,974.88729000,0.2715
1624190808342000,1,93.61110000,0.2710
1624190808591000,1,892.38890000,0.2710
1624190808841000,1,131.33720000,0.2710
1624190808930000,1,332.34440000,0.2710
1624190809051000,1,91.89690000,0.2710
1624190809082000,1,94.49770000,0.2710
1624190809169000,1,349.92380000,0.2710
1624190809169000,1,1500.00000000,0.2710
1624190825483000,0,896.58320000,0.2715
1624190827686000,0,481.00000000,0.2715
1624190828501000,0,0.00000023,0.2715
1624190828501000,0,455.99999977,0.2718
1624190830301000,0,1616.57839981,0.2718
1624190830301000,0,2422.90632019,0.2718
1624190830738000,0,4500.00000000,0.2718
1624190872467000,0,305.00000000,0.2715
1624190926723000,0,869.00000000,0.2708
1624190935852000,0,478.00000000,0.2708
1624190961112000,0,974.00000000,0.2711
1624190961112000,0,2657.00000000,0.2712
1624190966631000,0,491.00000000,0.2711
1624190982010000,0,1636.07620000,0.2716
1624191001017000,0,1239.24995987,0.2721
1624191001017000,0,3098.11475397,0.2721
1624191001017000,0,162.63528616,0.2721
1624191002770000,0,11845.56624292,0.2722
1624191003967000,0,22995.55527000,0.2722
1624191006185000,0,4500.00000000,0.2723
1624191006440000,0,1008.00000000,0.2723
1624191010734000,1,177.85850000,0.2721
1624191011433000,1,1508.59908931,0.2721
1624191011433000,1,1508.59908931,0.2721
1624191011944000,1,1508.59908000,0.2721
1624191012118000,1,2648.07132511,0.2721
1624191012539000,0,343.32970000,0.2724
1624191037623000,0,297.00000000,0.2723
1624191043411000,1,923.68525923,0.2720
1624191130546000,1,982.00000000,0.2721
