timestamp ms,type,amount,price
1627084841695000,1,3355.00000000,0.2702
1627084842236000,0,259.18354613,0.2706
1627084842236000,0,347.47754085,0.2707
1627084842294000,1,2055.28046974,0.2701
1627084842343000,1,3723.80000000,0.2701
1627084871061000,1,2425.46800465,0.2700
1627084871286000,1,398.10000000,0.2700
1627084871313000,1,441.78400000,0.2700
1627084871347000,1,3931.25617530,0.2700
1627084887936000,0,139.65000000,0.2697
1627084888171000,0,331.35000000,0.2697
1627084892010000,1,139.65000000,0.2699
1627084894354000,1,7193.47000000,0.2699
1627084894388000,1,0.00606188,0.2699
1627084903400000,1,3675.20000000,0.2693
1627084903587000,1,154.80000000,0.2693
1627084903587000,1,9084.20000000,0.2693
1627084904017000,1,1042.14000000,0.2695
1627084904081000,1,0.00340974,0.2695
1627084911852000,0,3000.00000000,0.2696
1627084911968000,1,6640.71827249,0.2696
1627084912751000,0,3000.22600000,0.2696
1627084912751000,0,439.49951684,0.2696
1627084913128000,1,1362.50371466,0.2690
1627084913128000,1,3406.26515936,0.2689
1627084913947000,1,1362.50371466,0.2684
1627084915736000,1,2685.54647445,0.2682
1627084916964000,1,4964.96550332,0.2686
1627084921083000,0,4800.00000000,0.2685
1627084921166000,1,9237.73159140,0.2685
1627084923080000,0,132.95660000,0.2684
1627084923081000,0,127.80950000,0.2684
1627084923086000,0,364.66470000,0.2684
1627084923223000,0,3697.64160000,0.2684
1627084924825000,1,1495.19020000,0.2685
1627084932780000,1,2212.52000000,0.2685
1627084932951000,1,0.00792436,0.2685
1627084951144000,1,958.93850000,0.2683
1627084951165000,1,8257.81675141,0.2683
1627084955809000,0,4800.00000000,0.2683
1627084955809000,0,1260.35459424,0.2683
1627084983009000,1,4299.25852148,0.2677
1627084983022000,1,476.41530000,0.2677
1627084983025000,1,258.45300000,0.2677
1627084983031000,1,209.23413327,0.2677
1627084983031000,1,1166.50716673,0.2677
1627084983152000,1,209.23421953,0.2677
1627085011385000,1,97.15860000,0.2674
1627085011491000,1,522.38530000,0.2674
1627085011539000,1,691.26330000,0.2674
1627085011777000,1,122.92510000,0.2674
1627085011910000,1,105.89740000,0.2674
1627085011910000,1,12689.35460000,0.2674
1627085011961000,1,0.00006106,0.2674
1627085014758000,0,4800.00000000,0.2673
1627085014758000,0,1175.38153396,0.2673
1627085022292000,0,4412.30400000,0.2673
1627085022293000,0,0.00004955,0.2673
1627085022293000,0,3429.98765045,0.2673
1627085022329000,0,982.29006286,0.2673
1627085022340000,0,7000.00000000,0.2673
1627085022369000,0,672.63330000,0.2674
1627085022371000,0,573.70400000,0.2674
1627085022371000,0,19200.00000000,0.2674
1627085022371000,0,5324.29260000,0.2674
1627085022373000,0,1653.86220000,0.2674
1627085022375000,0,1253.97450000,0.2674
1627085022383000,0,0.00004041,0.2674
1627085022383000,0,661.31075959,0.2674
1627085022387000,0,215.06740000,0.2674
1627085022388000,0,13146.02550000,0.2674
1627085022519000,0,4412.27771331,0.2673
1627085022657000,0,1846.00000000,0.2675
1627085023921000,1,245.66574113,0.2675
1627085023921000,1,998.33425887,0.2675
1627085026527000,0,4443.64564900,0.2679
1627085033916000,1,11470.15700000,0.2679
1627085033957000,1,0.00004476,0.2679
1627085041138000,1,9564.21930000,0.2678
1627085065037000,1,0.00005952,0.2678
1627085065037000,1,1629.86915365,0.2677
1627085065089000,1,1071.16298685,0.2677
1627085071526000,1,9217.56479339,0.2678
1627085079334000,0,439.00000000,0.2681
1627085106586000,1,3739.70000000,0.2678
1627085107101000,1,3147.00000000,0.2677
1627085111838000,0,593.46273198,0.2681
1627085123426000,1,23979.17000000,0.2675
1627085123451000,1,155.44400000,0.2675
1627085123451000,1,8479.72900000,0.2675
1627085123523000,1,3011.00000000,0.2673
1627085123523000,1,732.30000000,0.2672
1627085123785000,1,4800.00000000,0.2672
1627085123785000,1,761.99999999,0.2672
1627085155032000,1,841.90180000,0.2667
1627085155033000,1,451.07990000,0.2667
1627085155033000,1,2165.01830000,0.2667
1627085179975000,0,13226.48790000,0.2666
1627085197054000,1,187.36380000,0.2662
1627085197293000,1,0.00003442,0.2662
1627085206159000,1,3074.00000000,0.2659
1627085227306000,0,1048.00000000,0.2662
1627085232709000,0,1200.00000000,0.2662
1627085328692000,0,18781.92277000,0.2665
1627085356725000,1,1012.47060000,0.2662
1627085356782000,1,292.41700000,0.2662
1627085356868000,1,25784.34040000,0.2662
1627085359880000,1,432.69120000,0.2662
1627085360068000,1,6500.00000000,0.2662
1627085361223000,1,1407.47260000,0.2662
1627085361251000,1,118.01740000,0.2662
1627085361986000,1,610.81654284,0.2662
1627085364819000,0,3450.43260000,0.2663
1627085375023000,1,448.83820000,0.2662
1627085380260000,1,0.00005716,0.2662
1627085387072000,1,3519.76777390,0.2658
1627085387206000,0,448.83820000,0.2662
1627085424616000,0,18815.57000000,0.2660
1627085424992000,0,0.00003490,0.2660
1627085425124000,0,139.65000000,0.2661
1627085425176000,0,884.35000000,0.2661
1627085428320000,0,1169.00000000,0.2660
1627085446240000,1,975.72520105,0.2653
1627085448103000,1,3326.00000000,0.2652
1627085486358000,1,3000.00000000,0.2641
1627085486380000,1,2770.00000000,0.2641
1627085488590000,1,113.63200000,0.2640
1627085493032000,1,0.00005939,0.2640
1627085516032000,0,113.63200000,0.2643
1627085522573000,0,611.00000000,0.2644
1627085595303000,1,1157.00000000,0.2655
1627085596312000,1,482.00000000,0.2652
1627085612294000,1,4800.00000000,0.2661
1627085634930000,1,24273.04660000,0.2659
1627085638721000,1,3923.45000000,0.2659
1627085638723000,1,0.00540000,0.2659
1627085659798000,1,2641.94429535,0.2656
1627085659882000,1,4853.32770000,0.2656
1627085666634000,1,0.00000465,0.2656
1627085704310000,0,851.00000000,0.2654
1627085726973000,0,479.00000000,0.2661
1627085747683000,0,0.00000450,0.2665
1627085747733000,1,2830.00000000,0.2665
1627085747781000,1,892.60780000,0.2665
1627085760741000,1,0.00007542,0.2665
1627085787060000,0,715.00000000,0.2663
1627085876165000,0,159.00000000,0.2667
1627085957592000,1,3234.00000000,0.2665
1627085957592000,1,266.00000000,0.2665
1627085957598000,1,1001.95380000,0.2665
1627085957612000,1,169.84640000,0.2665
1627085957637000,1,172.26630000,0.2665
1627085957662000,1,108.65910000,0.2665
1627085957805000,1,3701.20000000,0.2665
1627085960865000,1,504.95410000,0.2665
1627085960865000,1,101.86280000,0.2665
1627085960866000,1,1445.06740000,0.2665
1627085960866000,1,161.41610000,0.2665
1627085960879000,1,19200.00000000,0.2664
1627085960880000,1,190.99580000,0.2664
1627085960888000,1,1579.91040000,0.2664
1627085960916000,1,4480.47640000,0.2664
1627085960917000,1,3264.08740000,0.2664
1627085961248000,1,1462.79042707,0.2661
1627085962299000,1,3210.31502004,0.2659
1627085962419000,1,941.96104819,0.2659
1627085962433000,1,647.72393177,0.2659
1627085962460000,1,757.00000000,0.2659
1627085993865000,0,628.00000000,0.2663
1627086002255000,0,7274.56000000,0.2666
1627086002308000,0,11518.52605361,0.2666
1627086058239000,1,3191.79000000,0.2673
1627086058895000,1,514.04953120,0.2671
1627086065483000,1,5303.96601519,0.2671
1627086082879000,0,1242.00000000,0.2671
1627086216833000,0,4800.00000000,0.2672
1627086216833000,0,3877.46172266,0.2673
1627086218538000,1,99.47790000,0.2669
1627086218546000,1,268.12640000,0.2669
1627086218590000,1,181.80910000,0.2669
1627086218593000,1,123.86230000,0.2669
1627086218630000,1,179.89890000,0.2669
1627086218649000,1,102.81730000,0.2669
1627086218674000,1,202.94770000,0.2669
1627086231583000,0,1016.00000000,0.2668
1627086255493000,1,27381.62400000,0.2666
1627086255493000,1,7278.65600000,0.2666
1627086255673000,1,0.00300000,0.2666
1627086280187000,0,1746.00000000,0.2665
1627086288489000,1,347.07540000,0.2665
1627086288490000,1,781.14150000,0.2665
1627086288490000,1,125.08500000,0.2665
1627086288492000,1,195.27860000,0.2665
1627086288496000,1,320.40490000,0.2665
1627086288498000,1,436.19630000,0.2665
1627086288499000,1,123.45690000,0.2665
1627086288515000,1,2358.36140000,0.2665
1627086288517000,1,120.04820000,0.2664
1627086288517000,1,251.30050000,0.2664
1627086288681000,1,234.64720000,0.2664
1627086288736000,1,1027.80910000,0.2663
1627086288737000,1,4349.29490000,0.2663
1627086288822000,1,1007.15120000,0.2663
1627086288835000,1,409.87262739,0.2663
1627086288844000,1,972.01829227,0.2663
1627086288872000,1,444.65468928,0.2663
1627086288872000,1,2318.92641637,0.2662
1627086288946000,0,1417.02382739,0.2663
1627086289192000,1,4800.00000000,0.2661
1627086290184000,1,2795.52065093,0.2659
1627086290186000,1,385.31422086,0.2659
1627086290294000,1,1516.16512821,0.2659
1627086392200000,0,658.00000000,0.2660
1627086398927000,0,1655.00000000,0.2660
1627086441732000,0,494.00000000,0.2665
1627086495497000,1,4687.00000000,0.2664
1627086495497000,1,4691.90138486,0.2664
1627086515846000,1,2180.00000000,0.2660
1627086515851000,1,2514.00000000,0.2660
1627086517523000,0,8368.00000000,0.2662
1627086586626000,0,18802.98837935,0.2661
1627086586626000,0,1697.99999065,0.2661
1627086586785000,0,0.00000935,0.2661
1627086587045000,0,5634.53440000,0.2662
1627086598801000,1,1346.91001881,0.2660
1627086598906000,1,3348.08998000,0.2660
1627086607924000,1,1714.29010000,0.2660
1627086608182000,1,139.65000000,0.2659
1627086608182000,1,5652.89839000,0.2659
1627086608261000,1,445.99999999,0.2659
1627086608265000,1,968.99999999,0.2659
1627086608284000,1,2205.53922690,0.2659
1627086608296000,1,16438.20698616,0.2659
1627086608314000,1,1790.88139696,0.2659
1627086608314000,1,9337.69264333,0.2659
1627086608315000,1,374.42335667,0.2659
1627086608350000,1,4701.00000000,0.2658
1627086612874000,0,625.00000000,0.2664
1627086613028000,0,1239.00000000,0.2665
1627086614129000,0,346.93792556,0.2668
1627086666175000,0,475.29010000,0.2674
1627086667300000,0,139.65000000,0.2672
1627086667305000,0,1330.35000000,0.2672
1627086710080000,1,149.27200000,0.2671
1627086710122000,1,2000.00000000,0.2671
1627086710455000,1,1591.72966803,0.2670
1627086710516000,1,3671.00000000,0.2669
1627086735706000,1,367.57810000,0.2667
1627086735727000,1,94.08230000,0.2667
1627086736109000,1,3899.00000000,0.2666
1627086797293000,0,18756.69366000,0.2667
1627086797508000,0,565.00000000,0.2668
1627086797540000,0,96.16580000,0.2668
1627086797561000,0,3616.78150000,0.2668
1627086797607000,0,461.53600000,0.2670
1627086874574000,1,5604.99999999,0.2671
1627086874623000,1,1331.92400001,0.2671
1627086874653000,1,3758.64806569,0.2671
1627086874677000,1,1003.17870000,0.2671
1627086874690000,1,3500.00000000,0.2671
1627086874702000,1,139.65000000,0.2671
1627086874713000,1,5623.03193882,0.2671
1627086874747000,1,749.83270000,0.2671
1627086874795000,1,1310.12770000,0.2671
1627086874821000,1,327.76670000,0.2671
1627086874837000,1,97.23270000,0.2671
1627086874917000,1,5660.94324061,0.2671
1627086874917000,1,3925.63525488,0.2671
1627086875056000,1,3595.00000000,0.2669
1627086910185000,0,2259.00000000,0.2666
1627087004059000,0,1335.00000000,0.2667
1627087033558000,0,968.00000000,0.2670
1627087059230000,0,574.00000000,0.2671
1627087099878000,0,1716.00000000,0.2675
1627087099883000,0,2402.36910000,0.2675
1627087099921000,0,16309.09448097,0.2675
1627087118445000,1,120.04540000,0.2675
1627087118446000,1,102.40290000,0.2675
1627087118453000,1,816.97540000,0.2675
1627087118457000,1,1780.57630000,0.2675
1627087118457000,1,403.26770000,0.2674
1627087118506000,1,670.71380000,0.2675
1627087118512000,1,211.33970000,0.2675
1627087118516000,1,6117.94650000,0.2675
1627087118522000,1,1573.89090000,0.2673
1627087118563000,1,0.00004063,0.2673
1627087118589000,1,3648.52300000,0.2673
1627087118660000,1,276.67207720,0.2673
1627087118660000,1,9929.17292280,0.2673
1627087118685000,1,276.67212263,0.2673
1627087120393000,1,2667.00000000,0.2668
1627087120393000,1,1392.00000000,0.2668
1627087120411000,1,1564.26472661,0.2668
1627087207213000,1,5362.92554536,0.2671
1627087245518000,1,1530.81000000,0.2671
1627087245545000,1,0.00345464,0.2671
1627087264148000,0,753.00000000,0.2671
1627087275051000,0,1288.00000000,0.2671
1627087449412000,0,395.00000000,0.2679
1627087477125000,1,2604.00000000,0.2676
1627087506641000,0,7460.78440000,0.2681
1627087506646000,0,11207.19329995,0.2681
1627087509119000,0,139.65000000,0.2683
1627087509136000,0,1404.35000000,0.2683
1627087511476000,0,111.32800000,0.2686
1627087512007000,0,76.03580000,0.2686
1627087524162000,0,112.04044000,0.2690
1627087524176000,0,0.00000459,0.2690
1627087588016000,1,2558.00000000,0.2688
1627087596716000,1,1227.35700000,0.2686
1627087596719000,1,179.75939602,0.2686
1627087596742000,1,1407.12669701,0.2686
1627087596742000,1,893.29020299,0.2686
1627087596743000,1,427.80060000,0.2686
1627087596761000,1,2814.24309302,0.2686
1627087596780000,1,386.75690698,0.2686
1627087596811000,1,7349.43850987,0.2685
1627087596814000,1,1798.79158686,0.2685
1627087596843000,0,1407.11639602,0.2685
1627087598204000,1,1742.98758790,0.2680
1627087598321000,1,1204.35430000,0.2680
1627087610140000,0,399.02963239,0.2679
1627087611980000,1,5520.01251177,0.2676
1627087612015000,1,9921.04448823,0.2676
1627087615953000,1,640.18060000,0.2676
1627087615956000,1,162.13650000,0.2676
1627087615961000,1,94.66150000,0.2676
1627087615977000,1,11743.45720000,0.2676
1627087615983000,1,486.57020000,0.2676
1627087615988000,1,169.71600000,0.2676
1627087615993000,1,19200.00000000,0.2676
1627087616002000,1,335.07010000,0.2676
1627087616004000,1,1827.76130000,0.2676
1627087616005000,1,840.32790000,0.2676
1627087616013000,1,119.46330000,0.2676
1627087616018000,1,5684.75499329,0.2676
1627087616020000,1,206.90330000,0.2676
1627087616023000,1,419.70370000,0.2676
1627087616026000,1,1938.44100000,0.2676
1627087616041000,1,78.47640671,0.2676
1627087649677000,0,4800.00000000,0.2672
1627087681895000,0,354.12789870,0.2669
1627087683180000,0,18748.59538415,0.2669
1627087724821000,0,1208.00000000,0.2669
1627087726661000,0,5505.68403670,0.2670
1627087759199000,0,2374.00000000,0.2668
1627087759199000,0,3135.60171307,0.2668
1627087759206000,0,5509.60171307,0.2668
1627087776666000,1,5632.30853541,0.2667
1627087776704000,1,3758.63950000,0.2667
1627087776753000,1,3716.87646560,0.2667
1627087776921000,1,5557.85046378,0.2667
1627087777029000,1,3867.76503521,0.2667
1627087777029000,1,14406.62500000,0.2667
1627087777116000,1,3756.70000000,0.2665
1627087777121000,1,3783.18109999,0.2665
1627087777164000,1,3004.24349393,0.2665
1627087777191000,1,2553.60696984,0.2665
1627087788309000,0,803.00000000,0.2666
1627087805069000,0,2123.00000000,0.2665
1627087806983000,0,18771.09363000,0.2666
1627087806995000,0,0.00000441,0.2666
1627087807219000,0,4148.05570000,0.2668
1627087807367000,0,78.47600000,0.2669
1627087807489000,0,3634.66420000,0.2669
1627087822061000,1,935.00000000,0.2670
1627087822227000,1,1259.83375632,0.2669
1627087822227000,1,3150.69307368,0.2669
1627087882676000,0,485.00000000,0.2670
1627087941708000,0,709.00000000,0.2671
1627087981904000,1,1200.57019000,0.2667
1627087982620000,1,473.70788800,0.2666
1627087993059000,0,1497.00000000,0.2671
1627088002593000,0,3487.48694057,0.2672
1627088091242000,1,10000.00000000,0.2670
1627088091554000,1,5512.43109461,0.2670
1627088091585000,1,11033.44773302,0.2670
1627088091630000,1,2745.51617237,0.2670
1627088091630000,1,1015.98382762,0.2670
1627088091630000,1,3361.70000000,0.2670
1627088091655000,1,3408.63617238,0.2670
1627088092108000,1,1610.00000000,0.2668
1627088148077000,0,1585.00000000,0.2670
1627088152396000,0,439.00000000,0.2671
1627088167273000,0,3094.88350000,0.2674
1627088168030000,0,887.00000000,0.2674
1627088202441000,1,1328.20933172,0.2677
1627088202838000,1,568.48564366,0.2676
1627088202866000,1,263.02871268,0.2676
1627088203004000,1,424.37121754,0.2676
1627088203022000,1,144.11442612,0.2676
1627088203022000,1,1285.88557388,0.2676
1627088203067000,1,7347.00000000,0.2676
1627088203110000,1,7492.64995591,0.2676
1627088224023000,1,1820.00000000,0.2675
1627088224367000,1,5111.29760282,0.2673
1627088270300000,1,908.55361050,0.2666
1627088270372000,1,954.44638950,0.2666
1627088270372000,1,1300.33480972,0.2666
1627088270575000,1,908.55361050,0.2666
1627088331609000,0,17500.00000000,0.2665
1627088331664000,0,234.00000000,0.2665
1627088333635000,0,234.00000000,0.2665
1627088344578000,1,27000.00000000,0.2665
1627088347925000,1,139.65000000,0.2665
1627088392488000,0,699.00000000,0.2667
1627088426578000,0,1031.00000000,0.2670
1627088512611000,0,763.00000000,0.2671
1627088517508000,0,1049.00000000,0.2671
1627088553126000,1,1600.00000000,0.2667
1627088553674000,1,4080.52126434,0.2666
1627088554930000,0,190.01880000,0.2670
1627088554932000,0,194.08060000,0.2670
1627088554942000,0,130.49300000,0.2670
1627088554949000,0,3434.66998324,0.2670
1627088555504000,0,498.00000000,0.2672
1627088624232000,1,2200.00000000,0.2667
1627088624316000,1,2441.00000000,0.2667
1627088624338000,1,888.89723346,0.2667
1627088624338000,1,1331.95716525,0.2667
1627088625120000,1,2205.00000000,0.2665
1627088625136000,1,2595.00000000,0.2665
1627088639774000,1,767.32100000,0.2662
1627088655936000,1,4800.00000000,0.2662
1627088655936000,1,25.28427962,0.2662
1627088666897000,1,384.31459320,0.2662
1627088666950000,1,1626.40112718,0.2662
1627088666950000,1,4727.59887282,0.2662
1627088667160000,1,751.99999999,0.2662
1627088676573000,0,18785.21000000,0.2663
1627088695215000,0,2133.00000000,0.2663
1627088695215000,0,18784.83000000,0.2664
1627088697077000,0,0.00097389,0.2664
1627088697077000,0,18784.83082611,0.2664
1627088725782000,0,2290.00000000,0.2667
1627088758229000,0,1406.25190000,0.2663
1627088758346000,0,11645.64995000,0.2663
1627088758400000,0,8500.00000000,0.2663
1627088758460000,0,763.75520000,0.2663
1627088778793000,0,0.00009285,0.2663
1627088793415000,0,1282.00000000,0.2666
1627088853397000,0,1609.00000000,0.2666
1627088966860000,1,20000.00000000,0.2664
1627088967014000,1,543.01220000,0.2664
1627088967979000,1,217.07300000,0.2664
1627088968040000,1,145.98740000,0.2664
1627088968061000,1,1029.17650000,0.2664
1627088980052000,0,653.00000000,0.2666
1627089015003000,1,938.00000000,0.2664
1627089015078000,1,256.00234011,0.2664
1627089015078000,1,845.42356530,0.2664
1627089015380000,1,92.57643470,0.2664
1627089015380000,1,105.53589585,0.2664
1627089020428000,0,1257.00000000,0.2667
1627089067064000,1,319.10380000,0.2664
1627089067069000,1,140.73190000,0.2664
1627089067074000,1,477.16430000,0.2664
1627089067074000,1,12.86990000,0.2664
1627089067074000,1,111.43840000,0.2664
1627089067082000,1,692.95510000,0.2664
1627089067082000,1,186.46710000,0.2664
1627089067186000,1,4775.13810000,0.2664
1627089067201000,1,1167.12369626,0.2663
1627089067201000,1,2918.07199193,0.2663
1627089067201000,1,14192.25558692,0.2663
1627089067352000,1,3169.71160383,0.2663
1627089067361000,1,11336.00000000,0.2663
1627089067368000,1,1826.40170000,0.2663
1627089067403000,1,5650.00000000,0.2663
1627089067430000,1,13173.37920000,0.2663
1627089067433000,1,5705.75843667,0.2663
1627089067465000,1,7414.21847258,0.2663
1627089067970000,1,4800.00000000,0.2660
1627089067970000,1,2501.54135338,0.2660
1627089122177000,0,1418.00000000,0.2657
1627089128304000,1,1830.00000000,0.2656
1627089201471000,1,1144.89869291,0.2654
1627089201471000,1,941.00000000,0.2654
1627089201471000,1,2861.77269340,0.2654
1627089201471000,1,7440.71550511,0.2653
1627089261379000,1,4871.66646689,0.2652
1627089262526000,1,689.90670000,0.2652
1627089262527000,1,3755.48219352,0.2652
1627089262548000,1,550.58860000,0.2652
1627089263656000,1,5417.89620000,0.2652
1627089263699000,1,16464.40183959,0.2652
1627089263699000,1,11155.38500000,0.2652
1627089303933000,0,1828.00000000,0.2651
1627089327610000,0,356.00000000,0.2655
1627089327639000,0,4671.18810000,0.2656
1627089424416000,0,18820.08320000,0.2659
1627089482996000,0,118.00000000,0.2658
1627089499179000,0,18824.75481000,0.2658
1627089502119000,0,0.00000908,0.2658
1627089506026000,0,787.00000000,0.2661
1627089563464000,0,18798.25478450,0.2663
1627089563464000,0,858.99999550,0.2663
1627089563871000,0,0.00000450,0.2663
1627089622743000,0,1047.00000000,0.2663
1627089626633000,1,1513.00000000,0.2665
1627089638955000,1,937.00000000,0.2665
1627089638955000,1,1224.60453151,0.2665
1627089662423000,1,938.00000000,0.2664
1627089669501000,0,1148.00000000,0.2665
1627089732906000,1,939.00000000,0.2661
1627089732906000,1,19061.00000000,0.2661
1627089732956000,1,1720.00000000,0.2661
1627089732963000,1,7942.76000000,0.2661
1627089732963000,1,6557.24000000,0.2661
1627089732999000,1,1078.18900000,0.2661
1627089733828000,1,739.55318109,0.2659
1627089750403000,1,939.00000000,0.2658
1627089760080000,0,15500.00000000,0.2661
1627089760144000,0,3305.24587000,0.2661
1627089760336000,0,860.00000000,0.2660
1627089763861000,1,939.00000000,0.2659
1627089786737000,0,684.00000000,0.2660
1627089790870000,0,0.00000310,0.2661
1627089790870000,0,1887.99999690,0.2661
1627089838946000,1,940.00000000,0.2656
1627089838946000,1,1504.94539817,0.2656
1627089838946000,1,1287.85460183,0.2656
1627089847732000,1,10000.00000000,0.2657
1627089847980000,1,118.00000000,0.2657
1627089857194000,1,167.74570000,0.2657
1627089857409000,1,744.74918940,0.2657
1627089858149000,1,172.67900000,0.2657
1627089858154000,1,128.64480000,0.2657
1627089858175000,1,137.47270000,0.2657
1627089858208000,1,2572.80000000,0.2657
1627089858214000,1,112.80060000,0.2657
1627089858219000,1,1883.40000000,0.2657
1627089858229000,1,5690.16844405,0.2657
1627089858233000,1,182.92750000,0.2657
1627089858243000,1,755.54606655,0.2657
1627089858243000,1,14491.97400000,0.2657
1627089858751000,1,5638.00000000,0.2655
1627089913908000,0,18874.12069000,0.2651
1627089914087000,0,0.00000376,0.2651
1627089939154000,0,18875.50000000,0.2651
1627089939269000,0,0.00404547,0.2651
1627089940255000,0,902.27030000,0.2651
1627089940303000,0,139.65000000,0.2651
1627089940334000,0,1421.07970000,0.2651
1627089951816000,0,9000.00000000,0.2653
1627089953350000,0,549.00000000,0.2653
1627090000326000,0,407.00000000,0.2654
1627090001607000,0,761.00000000,0.2654
1627090033476000,0,1514.10000000,0.2653
1627090124969000,0,18884.34911000,0.2650
1627090176622000,1,3750.00180000,0.2646
1627090186843000,0,993.00000000,0.2648
1627090204008000,0,885.92000000,0.2651
1627090210502000,0,18.08000000,0.2651
1627090210502000,0,108.51270000,0.2653
1627090210599000,0,1412.98330000,0.2653
1627090210654000,0,2767.83156526,0.2653
1627090218491000,0,2692.30053000,0.2659
1627090218613000,0,0.00000399,0.2659
1627090248277000,1,941.00000000,0.2655
1627090248332000,1,1417.07640000,0.2655
1627090248537000,1,941.00000000,0.2655
1627090248610000,1,1417.07642972,0.2654
1627090248610000,1,454.24857028,0.2654
1627090248828000,1,4800.00000000,0.2653
1627090304885000,1,3823.86762186,0.2646
1627090304904000,1,762.91241281,0.2646
1627090304927000,1,2992.20000000,0.2646
1627090304934000,1,2104.56316533,0.2646
1627090304934000,1,3609.29009080,0.2646
1627090305053000,1,139.65000000,0.2646
1627090316886000,0,262.00000000,0.2648
1627090345640000,0,420.00000000,0.2651
1627090347259000,0,139.65000000,0.2651
1627090347259000,0,314.35000000,0.2651
1627090437860000,1,367.86014270,0.2649
1627090483400000,0,972.00000000,0.2652
1627090483548000,0,896.60278690,0.2654
1627090555555000,0,720.00000000,0.2656
1627090561856000,0,1552.00000000,0.2656
1627090580113000,0,2960.51532796,0.2658
1627090667531000,0,357.00000000,0.2658
1627090692712000,1,1397.31810000,0.2656
1627090692753000,1,0.00004317,0.2656
1627090692753000,1,19199.99995683,0.2656
1627090692754000,1,6508.14650000,0.2656
1627090692756000,1,1539.57600000,0.2656
1627090694053000,1,828.24810000,0.2655
1627090694060000,1,238.60990000,0.2655
1627090743711000,0,1776.00000000,0.2654
1627090748819000,1,4800.00000000,0.2653
1627090748819000,1,1360.09391882,0.2652
1627090748819000,1,2516.90608118,0.2652
1627090752820000,1,26000.00000000,0.2652
1627090752852000,1,139.65000000,0.2652
1627090778833000,0,405.00000000,0.2655
1627090852194000,0,930.00000000,0.2659
1627090880826000,0,538.00000000,0.2660
1627090928866000,0,2083.00000000,0.2660
1627090958252000,1,939.00000000,0.2659
1627090967661000,0,142.30136059,0.2661
1627091008281000,0,1541.00000000,0.2661
1627091008281000,0,18804.40416000,0.2661
1627091163079000,0,1105.00000000,0.2660
1627091195515000,0,695.00000000,0.2665
1627091195635000,0,3788.29455531,0.2666
1627091195688000,0,9468.78749461,0.2666
1627091195712000,0,19200.00000000,0.2667
1627091197761000,1,160.42760000,0.2665
1627091197776000,1,143.28290000,0.2665
1627091197783000,1,470.78340000,0.2666
1627091197816000,1,101.98220000,0.2666
1627091197822000,1,310.09600000,0.2666
1627091197824000,1,185.40640000,0.2666
1627091197824000,1,249.75353851,0.2666
1627091227479000,0,956.00000000,0.2668
1627091269519000,1,198.80210000,0.2668
1627091269524000,1,1273.37322954,0.2668
1627091269664000,1,1478.00000000,0.2668
1627091270040000,1,4800.00000000,0.2666
1627091270040000,1,1199.57269887,0.2666
1627091291526000,0,786.00000000,0.2669
1627091348608000,0,1456.00000000,0.2668
1627091355215000,1,12500.00000000,0.2666
1627091355270000,1,4500.00000000,0.2666
1627091403066000,1,1763.95658347,0.2667
1627091403239000,1,2517.15680000,0.2667
1627091406990000,0,1246.00000000,0.2668
1627091441662000,1,1000.00000000,0.2667
1627091441726000,1,2189.00000000,0.2667
1627091441846000,1,19200.00000000,0.2667
1627091441887000,1,15223.04761653,0.2667
1627091441887000,1,68055.81200000,0.2666
1627091508982000,0,1395.00000000,0.2669
1627091510733000,0,139.65000000,0.2669
1627091510737000,0,1227.35000000,0.2669
1627091527333000,0,450.00000000,0.2670
1627091543970000,0,316.00000000,0.2672
1627091633457000,1,2246.00000000,0.2669
1627091642026000,1,142.30136059,0.2667
1627091698240000,0,1456.00000000,0.2671
1627091799510000,0,1325.00000000,0.2672
1627091802311000,0,138.86750411,0.2675
1627091827936000,0,719.00000000,0.2675
1627091879826000,0,1430.00000000,0.2676
1627091941790000,0,1334.00000000,0.2676
1627091947793000,0,834.00000000,0.2677
1627092000669000,0,1782.63860000,0.2680
1627092000693000,0,455.08830000,0.2680
1627092000755000,0,0.00007521,0.2680
1627092000755000,0,5594.24603228,0.2680
1627092002990000,1,4800.00000000,0.2679
1627092009495000,0,423.00000000,0.2682
1627092018133000,1,1445.00000000,0.2680
1627092071661000,1,138.86750411,0.2676
1627092104064000,0,705.00000000,0.2678
1627092128011000,1,4800.00000000,0.2677
1627092128011000,1,10644.99138000,0.2677
1627092128043000,1,1520.00000000,0.2677
1627092128104000,1,1403.27801000,0.2676
1627092128111000,1,0.00000837,0.2676
1627092128338000,1,1403.27801837,0.2675
1627092128338000,1,2050.27867389,0.2675
1627092128338000,1,1456.48427997,0.2675
1627092128353000,1,6320.00000000,0.2675
1627092128380000,1,3096.44510000,0.2675
1627092128381000,1,950.30690000,0.2675
1627092128424000,1,738.85900000,0.2675
1627092128467000,1,2086.57732387,0.2675
1627092128495000,1,5537.76154698,0.2675
1627092128501000,1,4089.00000000,0.2675
1627092128512000,1,175.31680000,0.2675
1627092128516000,1,1500.00000000,0.2675
1627092128541000,1,3729.90000000,0.2675
1627092128568000,1,17885.81710000,0.2675
1627092128593000,1,5497.79340264,0.2675
1627092128597000,1,1276.08382651,0.2675
1627092174175000,0,4800.00000000,0.2673
1627092174175000,0,658.00000000,0.2673
1627092266067000,1,3445.47594133,0.2671
1627092270295000,1,7333.49699999,0.2672
1627092270315000,1,0.00000001,0.2672
1627092270315000,1,3748.93593970,0.2671
1627092270330000,1,5508.91920252,0.2671
1627092270410000,1,3756.40000000,0.2671
1627092271943000,1,4412.52000000,0.2671
1627092271943000,1,0.00991645,0.2671
1627092286187000,0,2076.00000000,0.2672
1627092287488000,0,18713.56000000,0.2674
1627092362848000,0,385.00000000,0.2675
1627092425527000,0,547.00000000,0.2673
1627092456880000,0,1434.00000000,0.2673
1627092523272000,0,612.00000000,0.2676
1627092523330000,0,4414.19590000,0.2677
1627092523424000,0,2824.46139464,0.2678
1627092523424000,0,7059.96289202,0.2678
1627092523618000,0,1570.61780000,0.2679
1627092523623000,0,6155.44630000,0.2679
1627092523679000,0,789.62960000,0.2679
1627092523684000,0,1699.08670000,0.2679
1627092523692000,0,1088.51490000,0.2679
1627092523694000,0,7052.24930489,0.2679
1627092523694000,0,2824.46139464,0.2679
1627092523694000,0,7059.96289202,0.2679
1627092535107000,1,568.00000000,0.2678
1627092578788000,0,304.00000000,0.2681
1627092590929000,1,10571.92600000,0.2679
1627092590932000,1,296.96210000,0.2679
1627092590935000,1,111.39180000,0.2679
1627092590939000,1,949.86870000,0.2679
1627092590958000,1,0.00000437,0.2679
1627092590958000,1,1685.86599563,0.2679
1627092590961000,1,935.61200000,0.2679
1627092590962000,1,212.82550000,0.2679
1627092590977000,1,13701.27350000,0.2679
1627092591003000,1,0.00000437,0.2679
1627092591005000,1,933.00000000,0.2678
1627092591053000,1,103.64090000,0.2679
1627092591058000,1,1254.58170437,0.2679
1627092591225000,1,909.01690000,0.2678
1627092591225000,1,149.89380000,0.2678
1627092591236000,1,234.85710000,0.2678
1627092591309000,1,158.43750000,0.2678
1627092591533000,1,1359.74429739,0.2676
1627092591903000,1,590.42736398,0.2675
1627092591936000,1,769.31693341,0.2675
1627092591936000,1,3399.36938332,0.2675
1627092592017000,1,209.74429739,0.2675
1627092592221000,1,373.39588952,0.2675
1627092592221000,1,776.60411048,0.2675
1627092622192000,1,4800.00000000,0.2674
1627092622192000,1,934.00000000,0.2674
1627092689330000,1,3487.48694057,0.2671
1627092697571000,0,1692.00000000,0.2674
1627092698213000,0,2804.69000000,0.2676
1627092707063000,0,3466.81743451,0.2676
1627092748799000,0,524.00000000,0.2677
1627092787914000,1,3466.81743451,0.2673
1627092857405000,1,934.00000000,0.2673
1627092857405000,1,551.37278277,0.2673
1627092877432000,1,19200.00000000,0.2673
1627092877681000,1,811.18121723,0.2673
1627092877681000,1,173.27477198,0.2673
1627092877772000,1,6737.87000000,0.2673
1627092877888000,1,3216.68022802,0.2673
1627093022468000,0,3546.00000000,0.2673
1627093059490000,0,713.00000000,0.2676
1627093063664000,0,619.00000000,0.2677
1627093063664000,0,2808.23819654,0.2679
1627093252249000,1,3289.45348760,0.2675
1627093252266000,1,2456.25348761,0.2675
1627093252295000,1,927.68159647,0.2675
1627093252353000,1,3319.90000000,0.2675
1627093252391000,1,1312.94587394,0.2675
1627093252393000,1,678.30356424,0.2675
1627093252444000,1,2932.36886135,0.2675
1627093252491000,1,1288.10437867,0.2675
1627093252508000,1,1726.00000000,0.2675
1627093252619000,1,1295.48840000,0.2675
1627093252674000,1,1088.89935012,0.2675
1627093252674000,1,812.83699555,0.2675
1627093323581000,1,799.39250000,0.2675
1627093324668000,1,1113.85740000,0.2675
1627093328397000,1,4411.75000000,0.2675
1627093328420000,1,0.00610445,0.2675
1627093373242000,0,2107.00000000,0.2674
1627093445780000,0,1142.00000000,0.2676
1627093445780000,0,17557.23370000,0.2676
1627093445833000,0,1142.00006063,0.2676
1627093445833000,0,267.87573937,0.2677
1627093446044000,0,3520.60304125,0.2677
1627093446044000,0,15143.50532664,0.2677
1627093446044000,0,535.89163211,0.2677
1627093446393000,0,1409.87580000,0.2677
1627093446465000,0,16749.27700000,0.2677
1627093447743000,0,1631.66710000,0.2679
1627093447757000,0,136.49770000,0.2679
1627093447825000,0,2893.00000000,0.2676
1627093447825000,0,1503.76570000,0.2679
1627093448110000,0,3712.59972707,0.2679
1627093496400000,1,11444.80000000,0.2677
1627093496492000,1,0.00900000,0.2677
1627093496492000,1,17900.85500000,0.2677
1627093516057000,1,8392.96620000,0.2675
1627093690723000,0,1385.00000000,0.2673
1627093790246000,0,490.00000000,0.2676
1627093806803000,0,1181.00000000,0.2676
1627093899369000,0,651.00000000,0.2674
1627094215801000,0,138000.00000000,0.2673
1627094215864000,0,17420.05634000,0.2673
1627094218209000,0,3141.00000000,0.2674
1627094408840000,0,818.16000000,0.2676
1627094409000000,0,292.84000000,0.2676
1627094436276000,1,18576.03700000,0.2674
1627094437191000,1,518.72365463,0.2673
1627094455067000,1,5923.96300000,0.2673
1627094455110000,1,8000.00000000,0.2673
1627094455433000,1,15000.00000000,0.2673
1627094455475000,1,6000.00000000,0.2673
1627094455520000,1,6000.00000000,0.2673
1627094455565000,1,6500.00000000,0.2673
1627094455633000,1,5446.29600000,0.2673
1627094462500000,0,671.00000000,0.2676
1627094551194000,1,944.00000000,0.2674
1627094551246000,1,208.80860000,0.2674
1627094551252000,1,1770.69800000,0.2674
1627094551259000,1,16708.37750000,0.2674
1627094551280000,1,818.48790000,0.2673
1627094551283000,1,509.11040000,0.2673
1627094551285000,1,0.00004926,0.2673
1627094551285000,1,1876.28275074,0.2673
1627094551573000,1,1327.59834926,0.2673
1627094551573000,1,8630.74429664,0.2672
1627094551573000,1,1327.59834926,0.2672
1627094571958000,0,1852.00000000,0.2672
1627094578304000,1,4800.00000000,0.2671
1627094581665000,0,2260.00000000,0.2673
1627094630478000,0,1135.00000000,0.2673
1627094644524000,0,794.00000000,0.2675
1627094702431000,0,265.00000000,0.2675
1627094727190000,0,513.63897471,0.2678
1627094727216000,0,231.36102529,0.2678
1627094762970000,0,154.00000000,0.2678
1627094765797000,1,1697.91338000,0.2678
1627094786746000,0,925.25648199,0.2681
1627094976735000,1,11055.79062000,0.2674
1627094976831000,1,2118.28938000,0.2674
1627095004003000,0,1367.00000000,0.2676
1627095026666000,1,26747.37500000,0.2674
1627095072322000,1,7134.33562000,0.2672
1627095105641000,1,6500.00000000,0.2670
1627095105686000,1,1000.00000000,0.2670
1627095121025000,0,1100.00000000,0.2670
1627095302229000,0,1292.00000000,0.2669
1627095398981000,0,1918.00000000,0.2671
1627095401210000,0,1184.00000000,0.2671
1627095466260000,0,1798.00000000,0.2671
1627095510812000,0,680.00000000,0.2673
1627095529957000,0,110.83800000,0.2676
1627095602920000,0,1711.00000000,0.2674
1627095612701000,1,1696.48221950,0.2673
1627095618922000,0,827.00000000,0.2676
1627095656484000,1,933.00000000,0.2676
1627095656563000,1,1677.34376750,0.2675
1627095707948000,1,19200.00000000,0.2672
1627095708018000,1,6000.00000000,0.2672
1627095708028000,1,8659.68100000,0.2672
1627095708028000,1,10540.31900000,0.2672
1627095708075000,1,1356.32500000,0.2672
1627095723881000,0,1712.00000000,0.2672
1627095899155000,0,4277.19000000,0.2670
1627095899157000,0,522.81000000,0.2670
1627095899337000,0,2874.00000000,0.2670
1627095923040000,0,1163.00000000,0.2670
1627095963637000,0,1728.00000000,0.2670
1627096045878000,0,806.00000000,0.2671
1627096106197000,0,1485.68000000,0.2671
1627096225913000,1,2989.53000000,0.2669
1627096226049000,1,565.40135779,0.2669
1627096226327000,1,4920.33564221,0.2669
1627096226327000,1,741.87850154,0.2669
1627096235393000,1,19762.00000000,0.2669
1627096235394000,1,9646.51000000,0.2669
1627096235420000,1,908.80312740,0.2669
1627096239413000,1,823.95000000,0.2669
1627096239464000,1,0.00637106,0.2669
1627096258331000,0,1755.00000000,0.2669
1627096264978000,0,212.45287683,0.2670
1627096321426000,0,1207.00000000,0.2670
1627096407740000,0,2824.00000000,0.2670
1627096518931000,0,2748.00000000,0.2670
1627096561141000,0,9170.00000000,0.2670
1627096571250000,0,1113.28000000,0.2672
1627096645347000,1,594.26760000,0.2674
1627096645408000,1,1036.00000000,0.2675
1627096645408000,1,1009.93446050,0.2674
1627096645592000,1,174.08920000,0.2674
1627096645635000,1,1430.54443599,0.2674
1627096645663000,1,3698.40000000,0.2673
1627096645678000,1,6684.04262139,0.2673
1627096664142000,0,237.00000000,0.2674
1627096716768000,0,1246.00000000,0.2674
1627096742593000,1,1538.92713884,0.2671
1627096742630000,1,935.00000000,0.2671
1627096742630000,1,34.32990000,0.2670
1627096742721000,1,3813.17586977,0.2670
1627096742722000,1,0.00000001,0.2670
1627096742746000,1,112.74310000,0.2669
1627096742752000,1,685.06990000,0.2669
1627096742756000,1,127.95800000,0.2669
1627096743632000,1,937.00000000,0.2667
1627096768846000,1,19200.00000000,0.2666
1627096768846000,1,3086.91730000,0.2666
1627096768930000,1,856.49770000,0.2666
1627096792188000,1,14500.67682000,0.2661
1627096795300000,1,295.93000000,0.2661
1627096795332000,1,0.00218000,0.2661
1627096817030000,0,508.91400000,0.2662
1627096822819000,0,272.08000000,0.2662
1627096822920000,0,0.00600000,0.2662
1627096839938000,0,18792.63331862,0.2662
1627096856212000,0,1479.00000000,0.2663
1627096871707000,0,895.00000000,0.2663
1627096901183000,0,325.00000000,0.2663
1627096901183000,0,4800.00000000,0.2663
1627096901183000,0,18790.44000000,0.2663
1627096901183000,0,0.00971616,0.2663
1627096903429000,0,18790.44971616,0.2663
1627096904264000,0,18790.44000000,0.2663
1627096904528000,0,0.00971616,0.2663
1627097036209000,0,14065.88000000,0.2659
1627097036395000,0,8629.46000000,0.2659
1627097039306000,1,1485.68970000,0.2657
1627097039376000,1,556.50220000,0.2656
1627097039389000,1,877.85800000,0.2656
1627097039393000,1,907.00070000,0.2656
1627097039537000,1,625.00000000,0.2657
1627097104032000,0,3569.00000000,0.2646
1627097122128000,0,2653.00000000,0.2647
1627097190395000,0,163.00000000,0.2650
1627097238328000,0,1530.00000000,0.2654
1627097238376000,0,169.56220000,0.2654
1627097238412000,0,7000.00000000,0.2655
1627097238488000,0,3754.14781296,0.2656
1627097238560000,0,1817.02970000,0.2656
1627097238561000,0,133.31480000,0.2656
1627097238563000,0,1838.11703845,0.2656
1627097296798000,0,532.60851926,0.2662
1627097403502000,0,1134.00000000,0.2662
1627097423619000,0,1601.00000000,0.2664
1627097513762000,0,653.00000000,0.2667
1627097544097000,0,632.00000000,0.2668
1627097639735000,1,1292.00000000,0.2667
1627097640316000,1,5648.28343964,0.2667
1627097640402000,1,3717.07880000,0.2667
1627097676318000,0,1927.00000000,0.2670
1627097676478000,0,19200.00000000,0.2671
1627097676485000,0,19200.00000000,0.2671
1627097677914000,1,252.77502104,0.2669
1627097677914000,1,642.21861228,0.2668
1627097720766000,0,2553.00000000,0.2673
1627097797521000,0,529.00000000,0.2674
1627097802300000,1,1454.63434420,0.2673
1627097802300000,1,77.36565580,0.2673
1627097802537000,1,1454.63434420,0.2673
1627097802884000,1,1336.00000000,0.2672
1627097850142000,0,395.00000000,0.2678
1627097924021000,0,803.00000000,0.2684
1627097980981000,1,9013.31030000,0.2681
1627097981049000,1,9500.00000000,0.2681
1627097981093000,1,5768.56940000,0.2681
1627097981172000,1,3244.74090000,0.2681
1627097981282000,1,5768.56940000,0.2681
1627098040694000,0,1335.00000000,0.2683
1627098051442000,0,2149.00000000,0.2683
1627098097381000,1,848.45270000,0.2680
1627098097406000,1,100.12160000,0.2680
1627098097428000,1,121.36760000,0.2680
1627098097452000,1,141.05810000,0.2680
1627098097512000,1,21000.00000000,0.2680
1627098097534000,1,287.08900000,0.2680
1627098097793000,1,1212.00000000,0.2680
1627098103299000,1,18654.89927714,0.2677
1627098103480000,1,1445.59218878,0.2676
1627098103480000,1,1444.78281122,0.2676
1627098103720000,1,0.00018688,0.2676
1627098103720000,1,9388.14641312,0.2675
1627098129150000,1,503.49240000,0.2670
1627098129157000,1,1661.43520000,0.2670
1627098129167000,1,616.46020000,0.2670
1627098149590000,0,1099.00000000,0.2670
1627098206804000,0,1062.00000000,0.2674
1627098209604000,1,934.00000000,0.2674
1627098209604000,1,40.00000000,0.2674
1627098272138000,1,4800.00000000,0.2677
1627098272138000,1,1362.88926884,0.2677
1627098272367000,0,56008.14158287,0.2677
1627098272430000,0,14000.00000000,0.2677
1627098272431000,0,4800.00000000,0.2677
1627098272431000,0,38400.00000000,0.2677
1627098272431000,0,3867.61950000,0.2677
1627098272490000,0,184500.00000000,0.2677
1627098272546000,0,6000.00000000,0.2677
1627098272741000,0,10500.00000000,0.2677
1627098272971000,0,7660.24574080,0.2677
1627098300009000,1,990.00000000,0.2675
1627098332526000,0,1245.00000000,0.2679
1627098391091000,0,1122.00000000,0.2683
1627098427503000,0,184.71831458,0.2684
1627098459943000,0,1761.53263016,0.2683
1627098484220000,0,283.00000000,0.2683
1627098489365000,1,1761.53263016,0.2683
1627098510432000,1,4800.00000000,0.2685
1627098514267000,1,930.00000000,0.2685
1627098563167000,0,1521.00000000,0.2691
1627098568895000,1,928.00000000,0.2690
1627098569465000,1,929.00000000,0.2689
1627098571974000,1,4800.00000000,0.2688
1627098708385000,1,18569.21075000,0.2691
1627098734728000,1,928.00000000,0.2692
1627098734982000,1,928.00000000,0.2692
1627098765063000,1,928.00000000,0.2692
1627098818500000,1,928.00000000,0.2692
1627098818837000,1,1401.37876000,0.2691
1627098819051000,1,1401.75311000,0.2691
1627098819070000,1,0.00000558,0.2691
1627098842979000,0,1327.00000000,0.2693
1627098880520000,1,928.00000000,0.2692
1627098896783000,0,1001.00000000,0.2693
1627098932855000,1,4800.00000000,0.2694
1627098951035000,1,927.00000000,0.2694
1627099026860000,0,811.00000000,0.2694
1627099030171000,1,1450.00000000,0.2696
1627099033541000,0,47408.79816020,0.2701
1627099039180000,1,2452.43890000,0.2699
1627099039243000,1,13579.42969000,0.2699
1627099039248000,1,0.00000074,0.2699
1627099082978000,0,378.11970000,0.2700
1627099082986000,0,107.51830000,0.2700
1627099083003000,0,454.64160000,0.2700
1627099083017000,0,964.14040000,0.2700
1627099083124000,0,2500.00000000,0.2701
1627099086513000,0,658.00000000,0.2705
1627099123378000,1,16500.00000000,0.2702
1627099123587000,1,924.00000000,0.2701
1627099123841000,1,925.00000000,0.2702
1627099156021000,1,18499.43203000,0.2701
1627099170077000,1,0.00000175,0.2701
1627099208164000,0,15721.48957639,0.2702
1627099208164000,0,1727.99042361,0.2702
1627099208194000,0,0.00957639,0.2702
1627099250274000,0,110.52216082,0.2710
1627099250274000,0,2.25555430,0.2710
1627099250422000,0,1579.40890000,0.2711
1627099270240000,0,519.99999999,0.2714
1627099270241000,0,0.00000001,0.2714
1627099270241000,0,1406.92269999,0.2715
1627099270245000,0,958.58480000,0.2715
1627099270245000,0,112.96810000,0.2715
1627099270250000,0,769.61370000,0.2715
1627099286215000,0,727.00000000,0.2723
1627099292857000,1,1367.43690000,0.2721
1627099292901000,1,0.00009330,0.2721
1627099301411000,1,1361.72518080,0.2718
1627099301411000,1,917.99999920,0.2718
1627099361389000,1,919.00000000,0.2716
1627099399397000,1,920.00000000,0.2715
1627099399397000,1,2660.00010000,0.2715
1627099399401000,1,15746.79716421,0.2715
1627099399484000,1,1240.56420000,0.2714
1627099399485000,1,112.24940000,0.2714
1627099399487000,1,0.00007351,0.2714
1627099399487000,1,3692.66462649,0.2714
1627099399492000,1,0.00014895,0.2714
1627099399492000,1,117.42485105,0.2714
1627099399510000,1,367.60670000,0.2714
1627099399530000,1,93.94340000,0.2714
1627099399537000,1,94.91920000,0.2714
1627099399537000,1,133.14900000,0.2714
1627099399568000,1,2574.99635377,0.2714
1627099399592000,0,920.00000000,0.2714
1627099399863000,1,1352.81367351,0.2713
1627099399863000,1,919.99999649,0.2713
1627099399875000,0,4800.00000000,0.2714
1627099400035000,1,0.00000351,0.2713
1627099400035000,1,8793.74212649,0.2713
1627099400098000,1,0.00000365,0.2713
1627099464168000,1,922.00000000,0.2708
1627099464238000,1,3000.00000000,0.2707
1627099464238000,1,7000.00000000,0.2707
1627099464238000,1,8451.20520000,0.2707
1627099464261000,1,626.58280000,0.2707
1627099464336000,1,1281.62834471,0.2707
1627099464336000,1,2577.37215529,0.2707
1627099464379000,1,626.58293788,0.2707
1627099464379000,1,8330.70722579,0.2707
1627099464411000,1,923.00000000,0.2707
1627099465508000,1,1198.49144503,0.2701
1627099465530000,1,83.13689968,0.2701
1627099472927000,1,15140.67500000,0.2701
1627099490151000,0,3192.00000000,0.2704
1627099490575000,0,1020.00000000,0.2704
1627099529027000,1,5319.69600000,0.2698
1627099529491000,1,4800.00000000,0.2696
1627099529491000,1,1228.37287909,0.2696
1627099529491000,1,3070.93219774,0.2696
1627099529491000,1,5500.00000000,0.2696
1627099529491000,1,15083.43782896,0.2696
1627099529491000,1,3000.22600000,0.2696
1627099529491000,1,11084.68504027,0.2696
1627099553623000,0,2239.00000000,0.2698
1627099559779000,1,1300.14842000,0.2698
1627099569447000,0,109.17299492,0.2699
1627099596928000,0,15503.50000000,0.2696
1627099598165000,0,724.22000000,0.2696
1627099681470000,1,0.00000358,0.2691
1627099681470000,1,180.70719642,0.2690
1627099682223000,1,967.56565177,0.2688
1627099682226000,1,480.86156778,0.2688
1627099682254000,1,1242.04351672,0.2688
1627099751011000,0,2200.00000000,0.2686
1627099757316000,0,15066.63000000,0.2690
1627099771795000,0,692.00000000,0.2692
1627099860253000,0,830.00000000,0.2688
1627099875772000,0,4378.39132608,0.2693
1627099942940000,0,2058.00000000,0.2696
1627099983082000,0,963.81391123,0.2697
1627100017399000,0,655.00000000,0.2697
1627100043244000,0,122.30700000,0.2700
1627100043247000,0,237.01830000,0.2700
1627100043261000,0,588.82330000,0.2700
1627100043269000,0,119.71600000,0.2700
1627100043281000,0,353.58310000,0.2700
1627100043283000,0,188337.78104685,0.2700
1627100043283000,0,1421.44769315,0.2700
1627100043385000,0,405.00000000,0.2700
1627100043403000,0,3554.20020000,0.2702
1627100043497000,0,0.00006698,0.2702
1627100043497000,0,5782.71643302,0.2702
1627100043497000,0,102.79890000,0.2702
1627100043497000,0,393.79970000,0.2702
1627100043497000,0,113.96900000,0.2702
1627100043501000,0,4522.24844477,0.2702
1627100043513000,0,220.74610000,0.2702
1627100043551000,0,460.84999999,0.2702
1627100043554000,0,11506.12671548,0.2702
1627100043554000,0,7693.87328452,0.2702
1627100043638000,0,1191.44809879,0.2702
1627100043783000,0,8283.94176578,0.2702
1627100043786000,0,627.78202729,0.2702
1627100045295000,0,4800.00000000,0.2707
1627100069006000,0,782.00000000,0.2710
1627100087670000,1,4363.00000000,0.2708
1627100091254000,1,4199.00000000,0.2708
1627100091356000,1,1590.65282392,0.2707
1627100091356000,1,1500.00000000,0.2707
1627100091404000,1,10678.91900000,0.2707
1627100091619000,1,3765.00000000,0.2707
1627100146646000,1,3332.00000000,0.2708
1627100146959000,1,6500.00000000,0.2707
1627100147007000,1,8164.44831000,0.2707
1627100147369000,1,1583.20581000,0.2706
1627100147545000,1,5544.67451827,0.2706
1627100147624000,1,10500.00000000,0.2706
1627100147669000,1,5636.76748000,0.2706
1627100204487000,1,0.00000173,0.2706
1627100204525000,1,2596.00000000,0.2703
1627100305064000,0,2376.50000000,0.2704
1627100425501000,1,2661.00000000,0.2695
1627100428605000,1,15749.59568000,0.2693
1627100592126000,0,1134.00000000,0.2694
1627100594546000,1,1434.00000000,0.2695
1627100672544000,0,790.00000000,0.2696
1627100683159000,0,4800.00000000,0.2696
1627100683159000,0,3341.27363110,0.2696
1627100700265000,0,4800.00000000,0.2695
1627100700265000,0,18094.79881105,0.2695
1627100733624000,0,1185.00000000,0.2695
1627100776534000,0,689.00000000,0.2696
1627100818386000,1,963.81391132,0.2694
1627100831070000,0,223.00000000,0.2697
1627100863080000,0,1469.00000000,0.2698
1627100871770000,0,1475.00000000,0.2698
1627100896851000,1,2817.00000000,0.2695
1627101013721000,0,184.59720888,0.2697
1627101063095000,0,1523.00000000,0.2697
1627101074086000,0,941.24472104,0.2699
1627101096631000,0,724.00000000,0.2699
1627101219778000,1,19500.00000000,0.2695
1627101219873000,1,413.11500000,0.2695
1627101224839000,0,4800.00000000,0.2696
1627101224839000,0,200.00000000,0.2696
1627101240794000,0,711.00000000,0.2696
1627101244342000,1,19200.00000000,0.2694
1627101244400000,1,10649.66980000,0.2694
1627101244418000,1,10579.98820000,0.2694
1627101267961000,0,1389.00000000,0.2694
1627101270503000,0,706.00000000,0.2694
1627101321680000,0,1092.00000000,0.2695
1627101481222000,0,4704.00000000,0.2691
1627101502163000,0,1529.00000000,0.2691
1627101508147000,0,15015.42296000,0.2692
1627101517724000,0,952.00000000,0.2696
1627101679863000,0,1262.00000000,0.2694
1627101712019000,1,18554.45105000,0.2693
1627101987276000,1,38767.58900000,0.2694
1627101987276000,1,10305.30800000,0.2694
1627102027490000,0,647.00000000,0.2697
1627102058131000,1,1823.90618226,0.2697
1627102078832000,0,802.00000000,0.2701
1627102079193000,0,15180.63624000,0.2702
1627102081174000,1,491.00000000,0.2702
1627102162558000,1,13857.25382000,0.2703
1627102179265000,1,0.00000851,0.2703
1627102179265000,1,999.99999149,0.2701
1627102208085000,1,1528.82150550,0.2699
1627102208345000,1,2177.77849450,0.2699
1627102243078000,1,372.99570000,0.2695
1627102243099000,1,2102.88290000,0.2695
1627102243107000,1,352.50160000,0.2695
1627102243901000,1,4558.00000000,0.2692
1627102244053000,1,7015.26313600,0.2692
1627102244597000,1,3948.00000000,0.2690
1627102315013000,1,186.41850730,0.2676
1627102343524000,0,400.00000000,0.2676
1627102344569000,0,251.00000000,0.2676
1627102346502000,0,302.00000000,0.2676
1627102347518000,0,108.00000000,0.2676
1627102348523000,0,166.00000000,0.2676
1627102349505000,0,76.00000000,0.2676
1627102350529000,0,203.00000000,0.2676
1627102350611000,0,1991.00000000,0.2676
1627102417587000,0,168.56000000,0.2676
1627102446890000,0,4800.00000000,0.2681
1627102448373000,1,923.00000000,0.2681
1627102492043000,1,1435.00000000,0.2681
1627102492618000,1,24731.13500000,0.2681
1627102544139000,0,886.00000000,0.2681
1627102588829000,0,1347.00000000,0.2683
1627102627342000,0,1131.00000000,0.2684
1627102730026000,1,1518.00000000,0.2682
1627102807720000,0,1390.00000000,0.2683
1627102828021000,0,692.00000000,0.2685
1627102865421000,1,931.00000000,0.2681
1627102903857000,0,436.00000000,0.2683
1627102908031000,0,18644.05256672,0.2684
1627102908031000,0,4799.99743328,0.2684
1627102908128000,0,18644.05256672,0.2684
1627102958481000,1,101.37570000,0.2680
1627102958482000,1,311.41090000,0.2680
1627102958483000,1,527.69550000,0.2680
1627102958485000,1,366.92710000,0.2680
1627102958489000,1,193.51883878,0.2680
1627102958489000,1,1150.81746122,0.2679
1627102958492000,1,486.34490000,0.2679
1627102958493000,1,108.65740000,0.2679
1627102958543000,1,1500.00000000,0.2679
1627102958543000,1,506.26150000,0.2679
1627102958589000,1,389.82595153,0.2679
1627102958616000,1,1110.17418194,0.2679
1627102958639000,1,4037.83601899,0.2679
1627102958673000,1,5718.77828313,0.2679
1627102958673000,1,1500.99519740,0.2679
1627102958856000,1,1500.99519740,0.2677
1627102958856000,1,2261.24413260,0.2677
1627102959038000,1,1500.99519740,0.2676
1627102959109000,1,1501.49907870,0.2674
1627102959279000,1,1500.99519740,0.2674
1627102959279000,1,771.26499518,0.2674
1627102959319000,1,2986.56075942,0.2674
1627102960266000,1,4800.00000000,0.2672
1627102960266000,1,1500.99519740,0.2672
1627102960475000,1,2299.70717781,0.2672
1627102960764000,1,808.82620013,0.2671
1627103054737000,0,2142.00000000,0.2674
1627103054774000,0,2720.96370000,0.2674
1627103124830000,0,18711.86091001,0.2674
1627103124830000,0,488.13908999,0.2674
1627103124830000,0,1546.86091001,0.2674
1627103168930000,1,409.47271994,0.2674
1627103169040000,1,938.00000000,0.2674
1627103169040000,1,2181.77382737,0.2673
1627103220888000,0,849.00000000,0.2675
1627103220900000,0,3951.00000000,0.2676
1627103230785000,1,19200.00000000,0.2671
1627103230814000,1,165.88580000,0.2671
1627103230815000,1,176.15770000,0.2671
1627103230882000,1,121.15080000,0.2671
1627103230907000,1,130.55370000,0.2671
1627103230930000,1,849.12190000,0.2671
1627103230937000,1,281.05730000,0.2671
1627103230957000,1,3750.00000000,0.2671
1627103230962000,1,132.12200000,0.2671
1627103230964000,1,249.81660000,0.2671
1627103230978000,1,1156.65680000,0.2671
1627103230981000,1,457.82340000,0.2671
1627103230981000,1,17051.53200000,0.2671
1627103231210000,1,1325.41428197,0.2668
1627103231210000,1,3314.18634523,0.2668
1627103231210000,1,918.17227280,0.2668
1627103231210000,1,420.30070000,0.2668
1627103231228000,1,610.16850000,0.2668
1627103231233000,1,1364.90018943,0.2668
1627103231302000,1,5377.10400000,0.2667
1627103231336000,0,1325.41428197,0.2667
1627103231338000,0,2368.83871803,0.2667
1627103231355000,1,937.25010000,0.2667
1627103231368000,1,7.45284420,0.2667
1627103231368000,1,313.50645580,0.2667
1627103231369000,1,419.68300000,0.2667
1627103231379000,1,2580.99688943,0.2667
1627103232241000,1,2029.97077351,0.2664
1627103232265000,1,2341.00000000,0.2664
1627103232316000,1,1635.24284591,0.2664
1627103232319000,1,1635.24284591,0.2664
1627103232453000,1,4800.00000000,0.2661
1627103232453000,1,375.18550873,0.2661
1627103232473000,1,791.19401018,0.2661
1627103232503000,1,123.79487656,0.2661
1627103241047000,0,3000.00000000,0.2662
1627103241116000,0,3000.00000000,0.2662
1627103241116000,0,4696.00000000,0.2662
1627103261290000,1,112.77771512,0.2660
1627103326205000,0,771.00000000,0.2660
1627103374504000,0,784.00000000,0.2664
1627103379585000,0,1478.00000000,0.2666
1627103418813000,0,157.00000000,0.2668
1627103430376000,0,249.00000000,0.2671
1627103535686000,1,1250.54120000,0.2669
1627103535711000,1,0.00006414,0.2669
1627103535711000,1,983.00000000,0.2669
1627103535849000,1,3126.35321075,0.2668
1627103535849000,1,2624.54941973,0.2668
1627103535851000,1,1344.09400000,0.2668
1627103535852000,1,4159.99654717,0.2668
1627103536006000,1,453.42530000,0.2665
1627103536030000,1,674.31333356,0.2665
1627103536037000,1,2000.67633328,0.2665
1627103536037000,1,2978.88166672,0.2665
1627103536073000,1,607.19438444,0.2664
1627103536077000,1,489.47870000,0.2664
1627103536081000,1,692.99999999,0.2664
1627103536090000,1,1861.78925781,0.2664
1627103536123000,1,1725.64165776,0.2664
1627103536123000,1,1413.20201044,0.2664
1627103536144000,1,1715.21295640,0.2664
1627103536144000,1,1251.36594925,0.2664
1627103536144000,1,745.03109435,0.2664
1627103536144000,1,1270.29329706,0.2664
1627103536223000,1,2974.47190729,0.2664
1627103536225000,1,1394.67234726,0.2664
1627103536244000,1,583.35838258,0.2664
1627103536273000,1,1160.81293836,0.2664
1627103536651000,1,5377.10400000,0.2659
1627103536651000,1,1251.36594925,0.2659
1627103536839000,0,1081.44350000,0.2662
1627103536973000,0,7000.00000000,0.2662
1627103536973000,0,4302.84180000,0.2662
1627103558889000,0,764.00000000,0.2658
1627103559135000,0,1008.53990000,0.2660
1627103559138000,0,3424.37486966,0.2660
1627103559138000,0,11082.21448868,0.2660
1627103559185000,0,4080.73090000,0.2661
1627103559186000,0,24731.89543716,0.2661
1627103631794000,0,810.00000000,0.2661
1627103632055000,1,3190.00000000,0.2662
1627103659491000,0,3553.39287800,0.2661
1627103665584000,0,987.00000000,0.2661
1627103708294000,0,1183.00000000,0.2663
1627103718309000,0,3144.59522000,0.2667
1627103718969000,1,3000.00000000,0.2670
1627103744626000,1,2497.93726000,0.2672
1627103744794000,1,1301.93726385,0.2671
1627103792003000,0,645.00000000,0.2670
1627103851643000,0,896.00000000,0.2671
1627103927866000,0,1578.00000000,0.2675
1627103950664000,0,1175.00000000,0.2676
1627104031576000,0,1595.00000000,0.2675
1627104104622000,1,28000.00000000,0.2673
1627104104683000,1,12089.70500000,0.2673
1627104104683000,1,10656.75700000,0.2673
1627104116634000,1,4800.00000000,0.2672
1627104116634000,1,9057.25382851,0.2671
1627104122499000,1,10725.62061000,0.2671
1627104177862000,0,705.00000000,0.2671
1627104227677000,0,447.00000000,0.2673
1627104266717000,1,1152.00000000,0.2671
1627104266782000,1,2089.27080000,0.2671
1627104266797000,1,132.22950000,0.2671
1627104266798000,1,235.85540000,0.2671
1627104267130000,1,1308.24453956,0.2670
1627104267400000,1,5540.00000000,0.2669
1627104267461000,1,6974.93552841,0.2669
1627104267491000,1,431.85593148,0.2669
1627104267516000,1,1700.79826629,0.2669
1627104267548000,1,480.08074160,0.2669
1627104297620000,1,413.01920000,0.2668
1627104297621000,1,150.49690000,0.2668
1627104297625000,1,187.50650000,0.2668
1627104297626000,1,551.94370000,0.2668
1627104297712000,1,7000.00000000,0.2667
1627104297811000,1,1302.96630000,0.2666
1627104297839000,1,0.00005559,0.2666
1627104298000000,1,3257.05393163,0.2665
1627104298198000,0,1302.96635559,0.2665
1627104298531000,1,1302.96635559,0.2661
1627104298531000,1,1567.11290591,0.2661
1627104298570000,1,932.15616844,0.2661
1627104298631000,1,757.78485728,0.2661
1627104358374000,0,941.00000000,0.2661
1627104359469000,0,18796.85000000,0.2662
1627104359493000,0,0.00403103,0.2662
1627104363558000,0,18796.85000000,0.2662
1627104370502000,0,0.00403103,0.2662
1627104370502000,0,18796.84596897,0.2662
1627104370531000,0,0.00806206,0.2662
1627104374234000,0,718.22000000,0.2663
1627104374385000,0,14941.85150000,0.2663
1627104404937000,0,2228.00000000,0.2663
1627104404994000,0,18787.68929000,0.2663
1627104405035000,0,0.00000674,0.2663
1627104474514000,0,816.00000000,0.2668
1627104560423000,0,611.00000000,0.2669
1627104603010000,0,368.00000000,0.2671
1627104728074000,0,186.29606169,0.2673
1627104754064000,1,1363.01004000,0.2668
1627104754113000,1,15330.44307000,0.2668
1627104782609000,0,743.00000000,0.2670
1627104819727000,0,769.00000000,0.2669
1627104848571000,0,4800.00000000,0.2670
1627104848571000,0,1700.20578441,0.2671
1627104879451000,0,1756.00000000,0.2670
1627104882687000,0,1586.00000000,0.2669
1627104899847000,1,10082.65800000,0.2668
1627104962027000,1,937.00000000,0.2666
1627104962436000,1,937.00000000,0.2666
1627104962495000,1,11500.00000000,0.2666
1627104966864000,1,17196.79700000,0.2666
1627104998170000,0,557.00000000,0.2667
1627105023232000,1,1339.78871126,0.2664
1627105049417000,0,935.00000000,0.2666
1627105051829000,0,15368.30000000,0.2667
1627105063477000,1,1000.00000000,0.2665
1627105231648000,0,3091.00000000,0.2665
1627105289682000,0,240.00000000,0.2666
1627105360881000,0,709.00000000,0.2670
1627105481164000,0,754.00000000,0.2667
1627105527817000,0,2050.00000000,0.2666
1627105623324000,0,1321.00000000,0.2666
1627105654363000,0,1619.00000000,0.2666
1627105861742000,0,970.00000000,0.2666
1627105982097000,0,2090.00000000,0.2667
1627106035325000,0,350.84124883,0.2667
1627106125692000,1,1000.00000000,0.2665
1627106125872000,1,9302.71000000,0.2665
1627106125872000,1,0.00600000,0.2665
1627106126127000,1,21474.19000000,0.2665
1627106126375000,1,17283.64700000,0.2665
1627106135348000,0,2387.00000000,0.2666
1627106223943000,0,3266.00000000,0.2667
1627106318542000,0,1273.00000000,0.2667
1627106345450000,0,1600.00000000,0.2668
1627106402423000,0,14000.00000000,0.2668
1627106431247000,0,708.00000000,0.2668
1627106441930000,0,689.92000000,0.2668
1627106441945000,0,14.08000000,0.2668
1627106522296000,0,1544.00000000,0.2661
1627106694123000,0,1352.00000000,0.2663
1627106736835000,1,1409.88174597,0.2658
1627106737317000,1,2920.13104495,0.2657
1627106847784000,0,625.00000000,0.2658
1627106847858000,0,819.00000000,0.2658
1627106851424000,0,567.00000000,0.2660
1627106885999000,0,18797.76410000,0.2662
1627106888805000,0,15908.79900000,0.2665
1627106888910000,0,938.00000000,0.2665
1627106888957000,0,3715.20740000,0.2666
1627106888965000,1,3792.02942058,0.2665
1627106888985000,0,0.00004241,0.2666
1627106889021000,1,1007.97057942,0.2665
1627106890570000,1,4800.00000000,0.2665
1627106914074000,1,4667.57818000,0.2663
1627106928808000,0,319.00000000,0.2666
1627106980519000,0,937.00000000,0.2669
1627106980519000,0,319.01750000,0.2669
1627106981773000,0,277.98000000,0.2669
1627106981797000,0,0.00250000,0.2669
1627106987184000,1,245.09677755,0.2668
1627107030088000,0,4800.00000000,0.2671
1627107030088000,0,936.00000000,0.2671
1627107030088000,0,4800.00000000,0.2671
1627107030088000,0,3000.22600000,0.2671
1627107030088000,0,10604.71743788,0.2671
1627107051464000,0,920.00000000,0.2671
1627107062190000,0,1000.00000000,0.2673
1627107064058000,0,1816.00000000,0.2672
1627107151924000,0,1010.00000000,0.2670
1627107177535000,1,277.65730000,0.2668
1627107198485000,1,15832.13770000,0.2666
1627107275365000,0,277.65730000,0.2669
1627107275369000,0,288.34270000,0.2669
1627107275621000,0,18740.66271000,0.2671
1627107310589000,1,8000.00000000,0.2668
1627107311015000,1,2076.38600000,0.2668
1627107327648000,1,14000.00000000,0.2668
1627107328189000,1,1014.88560000,0.2668
1627107328208000,1,123.12140000,0.2668
1627107328260000,1,108.62170000,0.2668
1627107328269000,1,117.62120000,0.2668
1627107328341000,1,342.76130000,0.2668
1627107328341000,1,1833.77243151,0.2668
1627107328342000,1,2917.33436849,0.2668
1627107334547000,1,367.64516632,0.2665
1627107347282000,1,183.82258316,0.2665
1627107355263000,0,498.00000000,0.2668
1627107399561000,0,1274.00000000,0.2670
1627107502975000,0,18754.17876000,0.2668
1627107503033000,0,3225.00000000,0.2668
1627107560269000,1,937.00000000,0.2665
1627107711103000,0,4693.73874212,0.2665
1627107714797000,0,1106.00000000,0.2665
1627107892633000,0,1646.00000000,0.2661
1627107902384000,1,550.66190000,0.2663
1627107902384000,1,38400.00000000,0.2663
1627108001429000,0,653.67310000,0.2661
1627108001456000,0,138.32690000,0.2661
1627108043995000,0,1738.00000000,0.2666
1627108155972000,0,1575.00000000,0.2667
1627108161325000,0,900.00000000,0.2667
1627108166209000,0,14976.55144000,0.2668
1627108169154000,0,3777.75277527,0.2671
1627108169154000,0,18737.30945473,0.2671
1627108199901000,0,0.00001118,0.2671
1627108199901000,0,1781.66178882,0.2674
1627108199956000,0,1966.60878665,0.2674
1627108204490000,0,797.99999999,0.2676
1627108205709000,1,1032.60870000,0.2674
1627108205711000,1,360.98388069,0.2674
1627108205711000,1,573.01611931,0.2673
1627108216484000,0,0.00000001,0.2676
1627108216484000,0,4402.13759999,0.2679
1627108216824000,0,0.00000370,0.2679
1627108219421000,0,438.00000000,0.2677
1627108264970000,0,833.00000000,0.2676
1627108286617000,1,934.00000000,0.2673
1627108314124000,1,157.46990000,0.2672
1627108314130000,1,121.35220000,0.2672
1627108314131000,1,655.17790000,0.2672
1627108314131000,1,1402.14850908,0.2672
1627108314131000,1,859.92389092,0.2672
1627108314133000,1,371.51680000,0.2672
1627108314254000,1,242.02830000,0.2671
1627108314255000,1,354.79830000,0.2671
1627108314261000,1,435.26590000,0.2671
1627108314274000,1,153.71950000,0.2671
1627108314277000,1,2319.57120000,0.2671
1627108314287000,1,0.00005400,0.2671
1627108314373000,1,286.21810000,0.2671
1627108314383000,1,203.52610000,0.2671
1627108314388000,1,6280.94710000,0.2671
1627108314406000,1,727.57650000,0.2671
1627108314422000,1,1615.90200165,0.2671
1627108315993000,1,4040.12758260,0.2664
1627108315995000,1,1891.38790128,0.2664
1627108316183000,1,450.00000000,0.2664
1627108326101000,0,1481.00000000,0.2668
1627108352651000,1,1337.40595435,0.2661
1627108352701000,1,3344.40075398,0.2660
1627108414981000,0,753.00000000,0.2660
1627108416392000,0,538.00000000,0.2660
1627108425886000,0,14342.68000000,0.2659
1627108427457000,0,4471.41000000,0.2659
1627108427496000,0,0.00009284,0.2659
1627108435115000,0,545.00000000,0.2659
1627108435115000,0,18813.91000000,0.2659
1627108435118000,0,0.00107769,0.2659
1627108440207000,0,187.08373867,0.2660
1627108447859000,0,18812.00000000,0.2660
1627108447887000,0,0.00049279,0.2660
1627108458220000,0,865.00000000,0.2660
1627108476585000,0,1061.00000000,0.2661
1627108503883000,0,18805.68000000,0.2662
1627108504252000,0,0.00775233,0.2662
1627108577796000,0,817.00000000,0.2660
1627108584500000,0,1066.00000000,0.2661
1627108627908000,0,1002.00000000,0.2661
1627108724179000,0,428.00000000,0.2665
1627108759258000,0,1042.00000000,0.2668
1627108763105000,0,507.00000000,0.2669
1627108831705000,0,1200.00000000,0.2667
1627108855415000,1,6080.66000000,0.2665
1627108861678000,1,14403.07864000,0.2665
1627108891221000,0,987.00000000,0.2667
1627108903607000,0,649.00000000,0.2667
1627108950660000,0,1091.00000000,0.2667
1627108990786000,0,623.00000000,0.2667
1627109071829000,0,1670.00000000,0.2667
1627109138826000,0,881.00000000,0.2667
1627109171135000,0,1222.00000000,0.2668
1627109234395000,0,927.00000000,0.2670
1627109269261000,0,228.00000000,0.2670
1627109304293000,0,93.14618437,0.2671
1627109352592000,0,2776.00000000,0.2670
1627109352707000,0,4413.40210000,0.2670
1627109352726000,0,0.00000905,0.2670
1627109352726000,0,475.19499095,0.2671
1627109352727000,0,18264.00007000,0.2671
1627109352727000,0,935.99993000,0.2671
1627109395362000,1,2761.00000000,0.2670
1627109395404000,1,5234.60100000,0.2670
1627109395448000,1,384.93410000,0.2669
1627109395452000,1,956.85680000,0.2669
1627109395458000,1,0.00008612,0.2669
1627109395488000,1,3354.78364475,0.2668
1627109395488000,1,1404.97925525,0.2668
1627109395544000,1,3746.23953117,0.2668
1627109395770000,1,3570.94493208,0.2668
1627109449221000,0,146.00000000,0.2665
1627109449221000,0,4800.00000000,0.2665
1627109471648000,1,2809.26500000,0.2664
1627109494405000,0,437.00000000,0.2663
1627109495226000,0,16910.12000000,0.2663
1627109495270000,0,0.00768671,0.2663
1627109510889000,0,16910.12000000,0.2663
1627109510965000,0,0.00768671,0.2663
1627109536584000,0,13150.23000000,0.2663
1627109536913000,0,2057.00000000,0.2664
1627109639282000,0,705.00000000,0.2662
1627109655129000,0,13167.95995039,0.2660
1627109655129000,0,1539.99004961,0.2660
1627109655167000,0,0.00995039,0.2660
1627109668859000,0,426.00000000,0.2661
1627109692733000,0,10213.70400000,0.2662
1627109692735000,0,1064.27770944,0.2662
1627109693855000,1,4800.00000000,0.2662
1627109755670000,0,611.00000000,0.2664
1627109781925000,0,710.00000000,0.2671
1627109795379000,1,770.65910000,0.2671
1627109857644000,0,438.00000000,0.2676
1627109879593000,1,860.92920000,0.2674
1627109879606000,1,73.07080000,0.2674
1627109879606000,1,108.58540000,0.2673
1627109879649000,1,297.34460000,0.2673
1627109879656000,1,145.81740000,0.2673
1627109880279000,1,934.00000000,0.2673
1627109880536000,1,1083.94655590,0.2672
1627109924972000,0,869.00000000,0.2676
1627109979818000,0,414.00000000,0.2677
1627110100517000,1,915.07800000,0.2674
1627110101075000,1,126.72380000,0.2674
1627110101090000,1,3799.27770000,0.2674
1627110101107000,1,118.21570000,0.2674
1627110157889000,0,1329.00000000,0.2676
1627110351959000,0,1695.00000000,0.2676
1627110426838000,0,1832.00000000,0.2676
1627110426838000,0,4667.36000000,0.2676
1627110464391000,0,2439.22000000,0.2676
1627110472600000,0,2257.00000000,0.2676
1627110563693000,0,780.42400000,0.2677
1627110563746000,0,420.57600000,0.2677
1627110726204000,0,850.00000000,0.2681
1627110777373000,0,947.00000000,0.2682
1627110813374000,0,134.90670640,0.2684
1627110814321000,0,891.09329360,0.2684
1627110823117000,0,695.00000000,0.2684
1627110849596000,0,733.00000000,0.2688
1627110952481000,1,103.99260000,0.2684
1627110952483000,1,135.19140000,0.2684
1627110952503000,1,199.50580000,0.2684
1627110952503000,1,116.93880000,0.2684
1627110952506000,1,1817.37140000,0.2684
1627110952506000,1,1724.97259320,0.2684
1627110952526000,1,2400.00000000,0.2684
1627110952570000,1,1500.00000000,0.2684
1627110952574000,1,5094.00000000,0.2684
1627110952757000,1,592.48560000,0.2684
1627110952765000,1,325.50610000,0.2684
1627110962068000,1,134.90670640,0.2681
1627111034475000,0,2204.00000000,0.2681
1627111052258000,0,18658.20000000,0.2681
1627111059968000,0,0.00071592,0.2681
1627111152399000,0,12054.00000000,0.2678
1627111199280000,1,308.28230000,0.2670
1627111199294000,1,1136.29305938,0.2670
1627111199294000,1,72.75214062,0.2670
1627111199294000,1,862.24785938,0.2670
1627111199294000,1,9387.42165921,0.2670
1627111199294000,1,1537.45488141,0.2670
1627111199310000,1,2071.29318324,0.2670
1627111199310000,1,3293.61591676,0.2668
1627111199320000,1,129.07640000,0.2668
1627111199326000,1,607.53110000,0.2668
1627111199331000,1,1829.24900000,0.2668
1627111199464000,1,9387.42165921,0.2669
1627111199546000,0,1444.57535938,0.2668
1627111199561000,0,3355.42464062,0.2668
1627111199603000,1,253.32342403,0.2669
1627111199613000,1,9387.42160000,0.2668
1627111199613000,1,0.00005921,0.2668
1627111200189000,0,580.41300000,0.2665
1627111249022000,0,18788.92000000,0.2663
1627111249122000,0,0.00355648,0.2663
1627111252717000,0,2159.00000000,0.2663
1627111252773000,0,18779.27920000,0.2664
1627111260835000,0,1194.85784055,0.2669
1627111262226000,0,15046.79000000,0.2669
1627111271511000,0,1393.00000000,0.2669
1627111326685000,0,578.00000000,0.2673
1627111326778000,0,1817.83380000,0.2674
1627111326840000,0,2588.06492844,0.2674
1627111326840000,0,6505.08487156,0.2674
1627111327056000,0,2967.70708947,0.2674
1627111327664000,0,648.75156633,0.2678
1627111327809000,0,3751.31697475,0.2678
1627111327809000,0,1685.38257629,0.2678
1627111382274000,0,4704.00000000,0.2683
1627111449918000,1,1295.00000000,0.2681
1627111450000000,1,1312.60867134,0.2679
1627111450000000,1,500.00000000,0.2679
1627111450000000,1,2500.00000000,0.2679
1627111450050000,1,3278.66959020,0.2679
1627111450276000,1,8524.65000000,0.2678
1627111450334000,1,0.00967308,0.2678
1627111450629000,1,4316.49196140,0.2676
1627111450723000,1,7074.05717043,0.2676
1627111450753000,1,938.00000000,0.2676
1627111450768000,1,3542.16622116,0.2676
1627111474864000,0,1648.00000000,0.2679
1627111479103000,0,686.00000000,0.2679
1627111483889000,1,16000.00000000,0.2676
1627111483900000,1,1245.68330000,0.2676
1627111483968000,1,1247.49990667,0.2676
1627111505384000,0,15243.35000000,0.2677
1627111529098000,0,18704.00000000,0.2675
1627111529123000,0,0.00709122,0.2675
1627111549395000,0,815.00000000,0.2676
1627111601210000,0,514.00000000,0.2675
1627111670194000,0,1869.00000000,0.2674
1627111680080000,0,1679.00000000,0.2674
1627111846496000,0,835.00000000,0.2675
1627111894673000,0,1007.00000000,0.2673
1627111900100000,0,654.00000000,0.2673
1627111996279000,0,3082.00000000,0.2668
1627112048519000,1,457.00000000,0.2665
1627112050604000,1,305.00000000,0.2664
1627112079809000,0,18781.54972000,0.2664
1627112079898000,0,0.00000934,0.2664
1627112080419000,0,1401.00000000,0.2665
1627112103721000,0,503.00000000,0.2667
1627112131707000,0,186.53932248,0.2670
1627112177769000,0,1124.00000000,0.2669
1627112205235000,0,294.00000000,0.2671
1627112222542000,1,936.00000000,0.2668
1627112222618000,1,14878.93419000,0.2668
1627112222810000,1,936.00000000,0.2668
1627112276574000,0,915.00000000,0.2670
1627112384485000,0,2350.00000000,0.2672
1627112384485000,0,1683.13120000,0.2672
1627112409675000,0,852.00000000,0.2673
1627112465392000,0,1190.00000000,0.2672
1627112482124000,0,3188.00000000,0.2672
1627112493237000,0,892.00000000,0.2672
1627112541734000,1,18720.38051000,0.2669
1627112541782000,1,160.92500000,0.2669
1627112541827000,1,978.10710590,0.2669
1627112579077000,1,596.90140000,0.2666
1627112579080000,1,121.18340000,0.2666
1627112579083000,1,115.77980000,0.2666
1627112579087000,1,175.62310000,0.2666
1627112579092000,1,125.20400000,0.2666
1627112579093000,1,0.00008929,0.2666
1627112579093000,1,184.75671071,0.2665
1627112579099000,1,170.76300000,0.2665
1627112626787000,1,56432.70383643,0.2660
1627112626835000,1,19200.00000000,0.2660
1627112627295000,1,41977.89766732,0.2660
1627112639423000,0,1385.00000000,0.2661
1627112688562000,0,1032.00000000,0.2666
1627112703736000,0,1005.00000000,0.2666
1627112807437000,0,1668.00000000,0.2668
1627112814945000,0,4704.00000000,0.2671
1627112838035000,0,584.00000000,0.2671
1627112839470000,1,935.00000000,0.2669
1627112839470000,1,265.84786678,0.2669
1627112870111000,0,958.00000000,0.2675
1627112870111000,0,14903.24000000,0.2675
1627112870210000,0,14903.24000000,0.2675
1627112870210000,0,0.00553991,0.2675
1627112925261000,1,1020.00000000,0.2672
1627112925287000,1,72.72843551,0.2672
1627112925340000,1,3608.27545885,0.2671
1627112925382000,1,3494.34490417,0.2671
1627112925443000,1,935.00000000,0.2671
1627112954845000,0,1263.00000000,0.2675
1627112975266000,0,445.00000000,0.2673
1627112998605000,0,2113.01408907,0.2676
1627113040589000,0,14669.78239050,0.2674
1627113048632000,0,547.00000000,0.2674
1627113098527000,0,1423.00000000,0.2676
1627113242134000,0,3083.00000000,0.2675
1627113338347000,0,878.00000000,0.2675
1627113338347000,0,97.10000000,0.2675
1627113484123000,0,1182.00000000,0.2675
1627113502693000,0,13090.65468972,0.2675
1627113502693000,0,3206.99999028,0.2675
1627113593786000,1,8000.11222000,0.2673
1627113639845000,1,0.00000924,0.2673
1627113639845000,1,211.38301076,0.2672
1627113640097000,1,0.00001573,0.2672
1627113680203000,0,916.39429631,0.2673
1627113681100000,0,600.60000000,0.2673
1627113681126000,0,0.00570369,0.2673
1627113685087000,0,6986.15000000,0.2674
1627113686976000,0,0.00500000,0.2674
1627113686976000,0,26281.24500000,0.2675
1627113687147000,0,0.00800000,0.2675
1627113744778000,0,1199.00000000,0.2675
1627113817388000,1,1129.40349000,0.2663
1627113849792000,0,2279.00000000,0.2663
1627113926113000,0,3282.00000000,0.2664
1627113934828000,0,1335.00000000,0.2666
1627114178275000,1,702.38470000,0.2652
1627114178278000,1,502.58410000,0.2652
1627114178319000,1,22.39188724,0.2652
1627114178474000,1,1227.43460000,0.2651
1627114178534000,1,0.00008202,0.2651
1627114178556000,1,980.57701542,0.2650
1627114178585000,1,245.19493909,0.2650
1627114178654000,1,1227.19423160,0.2650
1627114178654000,1,1151.94535095,0.2650
1627114178681000,1,675.05464905,0.2650
1627114178800000,1,1227.43468202,0.2649
1627114179022000,1,423.21648780,0.2648
1627114179103000,1,2415.81124674,0.2648
1627114179129000,1,1827.00000000,0.2648
1627114179131000,1,7601.78710852,0.2648
1627114179140000,1,3593.26218982,0.2648
1627114239604000,0,5711.00000000,0.2650
1627114247339000,0,3092.00000000,0.2651
1627114254182000,0,15853.99000000,0.2651
1627114254182000,0,0.00482552,0.2651
1627114381934000,0,2467.00000000,0.2648
1627114384343000,0,1528.00000000,0.2648
1627114391939000,1,243.54270000,0.2646
1627114391952000,1,620.17590000,0.2646
1627114391975000,1,124.54400000,0.2646
1627114391976000,1,156.39770000,0.2646
1627114392015000,1,0.00003532,0.2646
1627114392293000,1,185.31230000,0.2644
1627114392297000,1,724.36760000,0.2644
1627114392303000,1,368.07630000,0.2644
1627114392324000,1,473.95180000,0.2644
1627114471130000,0,711.00000000,0.2641
1627114476113000,0,1714.00000000,0.2642
1627114506402000,0,193.00000000,0.2646
1627114601902000,0,1129.00000000,0.2647
1627114660417000,0,869.00000000,0.2650
1627114692316000,0,441.98000000,0.2655
1627114692328000,0,9.02000000,0.2655
1627114765281000,0,2033.00000000,0.2654
1627114811499000,0,1852.00000000,0.2656
1627114888828000,0,1932.00000000,0.2656
1627114972197000,0,1157.00000000,0.2655
1627115010107000,0,790.00000000,0.2655
1627115084924000,0,696.00000000,0.2656
1627115111326000,1,1204.72038496,0.2656
1627115111326000,1,3011.37043321,0.2656
1627115111384000,1,7829.20733041,0.2655
1627115212079000,0,1004.00000000,0.2655
1627115255897000,0,18854.95600000,0.2654
1627115255898000,0,0.00000560,0.2654
1627115256461000,0,1369.15821917,0.2655
1627115257004000,0,113.52494521,0.2655
1627115257017000,0,2.31683562,0.2655
1627115273579000,1,1123.71513614,0.2655
1627115273579000,1,2592.93207880,0.2655
1627115273617000,1,216.35576156,0.2655
1627115300746000,1,1576.59987000,0.2652
1627115331656000,1,1082.94297468,0.2648
1627115331817000,1,320.73400000,0.2647
1627115332138000,1,1082.94297468,0.2644
1627115332138000,1,13225.46745983,0.2644
1627115332197000,1,925.32603617,0.2644
1627115333042000,1,4800.00000000,0.2640
1627115333042000,1,1081.05524547,0.2640
1627115333082000,1,1082.94297468,0.2640
1627115333082000,1,1626.05699103,0.2640
1627115333082000,1,437.51744294,0.2640
1627115333184000,1,1081.05524000,0.2640
1627115333184000,1,113.63205939,0.2640
1627115409869000,0,2224.00000000,0.2642
1627115410075000,0,16652.38800000,0.2643
1627115412758000,1,1567.00000000,0.2642
1627115444810000,0,741.07974003,0.2646
1627115447274000,1,203.40497760,0.2643
1627115480348000,0,915.00000000,0.2646
1627115482746000,0,5850.83000000,0.2647
1627115482828000,0,0.00900000,0.2647
1627115543288000,0,1137.00000000,0.2650
1627115543288000,0,119.44726443,0.2650
1627115626564000,1,150.00000000,0.2642
1627115769483000,0,222.85200000,0.2644
1627115785484000,1,946.00000000,0.2640
1627115818789000,0,3952.34000000,0.2637
1627115819560000,0,1727.00000000,0.2636
1627115819804000,0,12636.61000000,0.2637
1627115819817000,0,0.00441116,0.2637
1627115862935000,0,1360.00000000,0.2635
1627115865520000,0,1909.00000000,0.2634
1627115918365000,1,947.56390000,0.2636
1627115918506000,1,0.00000231,0.2636
1627115918506000,1,946.99999769,0.2636
1627115925765000,0,689.00000000,0.2637
1627115984637000,0,709.00000000,0.2640
1627115998765000,0,4704.00000000,0.2641
1627116033850000,1,96.36810000,0.2637
1627116033882000,1,115.72510000,0.2637
1627116033883000,1,267.65500000,0.2637
1627116033889000,1,432.90880000,0.2637
1627116033914000,1,179.63800000,0.2637
1627116033928000,1,286.61380000,0.2637
1627116034123000,1,336.66300000,0.2637
1627116034153000,1,381.19130000,0.2637
1627116034183000,1,214.22980000,0.2637
1627116034201000,1,339.81190000,0.2637
1627116034644000,1,947.00000000,0.2636
1627116034644000,1,981.95987420,0.2636
1627116041418000,1,2398.68689344,0.2629
1627116042796000,1,2399.05187927,0.2629
1627116042796000,1,2399.39812073,0.2628
1627116051609000,0,473.00000000,0.2631
1627116059393000,1,923.13222927,0.2628
1627116059393000,1,0.00621657,0.2628
1627116059393000,1,2309.44464928,0.2628
1627116059393000,1,90.22690488,0.2628
1627116067059000,1,2309.44490000,0.2628
1627116067071000,1,0.00008745,0.2628
1627116082179000,0,2044.00000000,0.2631
1627116087203000,0,1817.00000000,0.2633
1627116100273000,1,906.11230011,0.2632
1627116100326000,1,0.38526646,0.2632
1627116100326000,1,882.32355178,0.2632
1627116135571000,0,224.00000000,0.2634
1627116160054000,0,126.00000000,0.2634
1627116235848000,0,890.00000000,0.2631
1627116250173000,1,590.14661394,0.2629
1627116292432000,0,683.00000000,0.2630
1627116331945000,0,953.00000000,0.2631
1627116346978000,0,7540.35600000,0.2631
1627116346978000,0,15309.20400000,0.2631
1627116346997000,0,0.00300000,0.2631
1627116467040000,0,146.41200000,0.2632
1627116467723000,0,608.58000000,0.2632
1627116467744000,0,0.00800000,0.2632
1627116534671000,0,1111.00000000,0.2630
1627116579239000,0,148.96461965,0.2630
1627116598727000,0,2008.00000000,0.2630
1627116600770000,0,907.00000000,0.2630
1627116894830000,1,950.60260645,0.2626
1627116902298000,0,3978.07960000,0.2629
1627116904046000,0,14848.38000000,0.2629
1627116904071000,0,0.00240000,0.2629
1627116915026000,0,8580.07000000,0.2630
1627116915051000,0,692.66500000,0.2630
1627116915051000,0,1843.00000000,0.2630
1627117029357000,0,1150.00000000,0.2634
1627117195367000,1,9419.00000000,0.2626
1627117202021000,0,100.89290000,0.2629
1627117202116000,0,185.48630000,0.2629
1627117202218000,0,328.82880000,0.2629
1627117202336000,0,216.02780000,0.2629
1627117203413000,0,867.76000000,0.2629
1627117205101000,0,0.00420000,0.2629
1627117304791000,0,697.00000000,0.2635
1627117357507000,0,1291.00000000,0.2636
1627117370375000,0,377.43234836,0.2636
1627117403152000,0,753.00000000,0.2638
1627117512217000,0,21906.05000000,0.2637
1627117512368000,0,5992.53700000,0.2637
1627117512368000,0,1665.00000000,0.2637
1627117538953000,0,4800.00000000,0.2640
1627117538953000,0,9802.20600000,0.2640
1627117538953000,0,4800.00000000,0.2640
1627117548436000,0,15787.30572000,0.2640
1627117548611000,0,3813.90593000,0.2641
1627117548719000,0,4460.49664000,0.2641
1627117548831000,0,0.00000303,0.2641
1627117548831000,0,947.00000000,0.2642
1627117577983000,0,292.39980000,0.2645
1627117577999000,0,177.60020000,0.2645
1627117578040000,0,362.59080000,0.2646
1627117578042000,0,1460.93690000,0.2646
1627117578057000,0,2630.01876408,0.2646
1627117578065000,0,11133.70070000,0.2646
1627117578085000,0,3000.00000000,0.2646
1627117578085000,0,4076.11847375,0.2646
1627117578099000,0,2923.88152625,0.2646
1627117579501000,1,3000.00000000,0.2647
1627117630178000,1,1445.00000000,0.2643
1627117655317000,0,470.00000000,0.2647
1627117657727000,0,320.00000000,0.2647
1627117705013000,0,822.00000000,0.2647
1627117705138000,0,4451.23315000,0.2648
1627117705162000,0,0.00000437,0.2648
1627117750139000,0,19402.20600000,0.2651
1627117750139000,0,767.99400000,0.2651
1627117750300000,0,0.00600000,0.2651
1627117780961000,1,2301.00000000,0.2648
1627117781051000,1,1048.73117996,0.2648
1627117781151000,1,15716.21881000,0.2648
1627117822479000,0,944.00000000,0.2650
1627117872181000,0,1835.00000000,0.2649
1627117940139000,1,1060.78050217,0.2647
1627117940139000,1,837.65169783,0.2647
1627117980909000,0,1143.00000000,0.2647
1627118056445000,1,373.59700000,0.2644
1627118056463000,1,1477.40300000,0.2644
1627118056537000,1,100.12370000,0.2643
1627118056637000,1,605.68720000,0.2643
1627118056639000,1,460.14430000,0.2643
1627118056664000,1,244.98100000,0.2643
1627118056664000,1,1012.79500000,0.2643
1627118056665000,1,319.46090000,0.2643
1627118056706000,1,0.00006280,0.2643
1627118056706000,1,1057.12346892,0.2642
1627118056777000,1,718.26394459,0.2643
1627118056821000,1,1058.73605541,0.2643
1627118056833000,1,1057.27535333,0.2643
1627118056833000,1,79.76878672,0.2642
1627118057053000,1,1730.00000000,0.2642
1627118057731000,1,4401.89030698,0.2640
1627118079833000,1,4800.00000000,0.2640
1627118113029000,0,18962.23000000,0.2639
1627118113029000,0,0.00239407,0.2639
1627118131283000,0,4800.00000000,0.2640
1627118151536000,0,1738.00000000,0.2640
1627118151536000,0,12298.44000000,0.2640
1627118151537000,0,0.00400000,0.2640
1627118151575000,0,19236.02900000,0.2640
1627118167482000,0,1322.00000000,0.2640
1627118188947000,0,2004.00000000,0.2640
1627118190419000,0,15684.90000000,0.2641
1627118190450000,0,0.00068978,0.2641
1627118208835000,0,2462.00000000,0.2641
1627118268553000,0,1806.00000000,0.2642
1627118368921000,0,331.92156501,0.2642
1627118368926000,0,331.92156501,0.2642
1627118402397000,0,1394.00000000,0.2642
1627118419906000,0,1477.00000000,0.2643
1627118474566000,1,909.38328000,0.2639
1627118474669000,1,0.00000410,0.2639
1627118474671000,1,2273.45821000,0.2638
1627118474688000,1,0.00000026,0.2638
1627118510331000,0,1201.00000000,0.2638
1627118516134000,0,18963.83000000,0.2639
1627118516140000,0,0.00981577,0.2639
1627118551049000,0,1869.00000000,0.2640
1627118557912000,0,1397.00000000,0.2640
1627118585815000,0,1194.00000000,0.2641
1627118604506000,0,18948.32000000,0.2640
1627118604542000,0,0.00967893,0.2640
1627118605238000,0,204.00000000,0.2641
1627118630582000,0,18941.10219759,0.2641
1627118630683000,0,1325.00000000,0.2642
1627118630730000,0,156.21170000,0.2643
1627118630734000,0,133.08650000,0.2643
1627118630737000,0,114.29550000,0.2643
1627118663192000,0,1042.72000000,0.2645
1627118698006000,1,16350.03667000,0.2640
1627118756291000,0,1812.00000000,0.2642
1627118760779000,0,7304.50100000,0.2643
1627118760779000,0,15902.44588298,0.2643
1627118760779000,0,27478.83311702,0.2643
1627118760898000,0,0.00588298,0.2643
1627118777572000,0,734.00000000,0.2645
1627118870263000,0,703.00000000,0.2650
1627118937515000,1,944.00000000,0.2646
1627119005279000,0,566.00000000,0.2647
1627119045468000,0,4800.00000000,0.2647
1627119045468000,0,1149.00000000,0.2647
1627119058334000,0,314.00000000,0.2646
1627119098448000,0,1475.00000000,0.2648
1627119189806000,0,813.00000000,0.2647
1627119195141000,0,1719.00000000,0.2647
1627119275034000,0,1709.00000000,0.2648
1627119310188000,0,24923.96300000,0.2649
1627119310188000,0,567.00000000,0.2649
1627119312898000,0,1188.00000000,0.2648
1627119465182000,0,279.63000000,0.2650
1627119465482000,0,383.78000000,0.2650
1627119465929000,0,1125.59000000,0.2650
1627119596298000,0,2347.00000000,0.2646
1627119598744000,0,728.05470000,0.2646
1627119600588000,0,2432.94000000,0.2646
1627119600639000,0,0.00530000,0.2646
1627119670315000,0,1739.00000000,0.2646
1627119670315000,0,18907.90000000,0.2646
1627119785084000,0,1540.00000000,0.2644
1627119797335000,0,4800.00000000,0.2645
1627119797335000,0,18919.48000000,0.2645
1627119797497000,0,0.00273684,0.2645
1627119799033000,0,1575.00000000,0.2644
1627119799033000,0,18919.48000000,0.2645
1627119799079000,0,0.00273684,0.2645
1627119872054000,0,1302.00000000,0.2647
1627119872302000,0,1937.52000000,0.2647
1627119904609000,1,113051.04000000,0.2645
1627119904628000,1,0.00741737,0.2645
1627119904672000,1,98.73870000,0.2644
1627119904732000,1,112977.96326671,0.2644
1627119963927000,0,688.00000000,0.2644
1627119972482000,0,29960.48700000,0.2645
1627119972482000,0,14756.65300000,0.2645
1627119978180000,0,0.00500000,0.2645
1627119978180000,0,621.99500000,0.2645
1627119978209000,0,0.00500000,0.2645
1627119998400000,0,717.00000000,0.2646
1627120102245000,0,1495.00000000,0.2647
1627120107010000,0,2467.00000000,0.2647
1627120233245000,0,2935.00000000,0.2649
1627120238102000,0,1877.00000000,0.2649
1627120308542000,0,640.59562000,0.2654
1627120393250000,0,1877.00000000,0.2652
1627120425703000,0,18862.22250000,0.2653
1627120445326000,0,0.00007092,0.2653
1627120445326000,0,98.73862908,0.2653
1627120445390000,0,342.71790000,0.2653
1627120450357000,0,71.54347092,0.2653
1627120565663000,0,780.00000000,0.2654
1627120605500000,1,1913.41371000,0.2654
1627120605529000,1,0.00000514,0.2654
1627120637132000,0,2726.00000000,0.2655
1627120637132000,0,8336.99000000,0.2655
1627120640808000,0,773.22490000,0.2655
1627120656588000,0,0.00500000,0.2655
1627120658524000,0,4800.00000000,0.2656
1627120729403000,0,288.94000000,0.2655
1627120729422000,0,638.06000000,0.2655
1627120734906000,0,18843.07977726,0.2655
1627120735216000,0,18843.07000000,0.2655
1627120745838000,0,0.00977726,0.2655
1627120745838000,0,412.99022274,0.2655
1627120745864000,0,0.00977726,0.2655
1627120767077000,0,18844.08000000,0.2655
1627120767147000,0,0.00163523,0.2655
1627120774986000,0,18839.37000000,0.2656
1627120779248000,1,1174.43772000,0.2653
1627120779345000,1,0.00000408,0.2653
1627120779345000,1,1135.46937592,0.2653
1627120801475000,0,905.13110000,0.2650
1627120801482000,0,17500.00000000,0.2650
1627120801503000,0,150.53770593,0.2650
1627120801748000,0,103.64860000,0.2650
1627120801750000,0,26500.00000000,0.2650
1627120801954000,0,4799.09044000,0.2650
1627120803402000,0,0.00000863,0.2650
1627120803402000,0,15536.35985137,0.2650
1627120813779000,0,0.00000961,0.2650
1627120971189000,0,18914.92146367,0.2645
1627120974645000,0,9550.46000000,0.2644
1627120974923000,0,0.00836810,0.2644
1627120981177000,0,23457.10212000,0.2643
1627120981413000,0,0.00000601,0.2643
1627120981413000,0,27666.82663399,0.2643
1627120986306000,0,0.00000869,0.2643
1627120986306000,0,4996.99999131,0.2646
1627120986310000,0,0.00000869,0.2646
1627121004016000,0,6037.97000000,0.2646
1627121004022000,0,6163.68000000,0.2646
1627121004036000,0,1005.98000000,0.2646
1627121022881000,0,8808.45000000,0.2644
1627121032042000,0,0.00014708,0.2644
1627121032042000,0,1175.99985292,0.2644
1627121032088000,0,0.00014708,0.2644
1627121041261000,0,23629.62622000,0.2642
1627121041509000,0,0.00000684,0.2642
1627121041509000,0,8158.27416316,0.2642
1627121041594000,0,0.00000896,0.2642
1627121051386000,0,2046.00000000,0.2645
1627121055576000,0,7801.31000000,0.2646
1627121055603000,0,1089.71000000,0.2646
1627121071308000,0,18999.32460000,0.2643
1627121071435000,0,0.00000163,0.2643
1627121146078000,0,15631.31100000,0.2644
1627121146078000,0,2903.99900000,0.2644
1627121218448000,1,9000.00000000,0.2640
1627121226319000,0,3767.00000000,0.2642
1627121245886000,1,3083.77993000,0.2640
1627121262711000,1,1155.19100000,0.2639
1627121262734000,1,0.00008401,0.2639
1627121262734000,1,15304.42161599,0.2638
1627121302938000,0,2872.00000000,0.2638
1627121302938000,0,16514.98617380,0.2638
1627121304580000,0,18968.03000000,0.2638
1627121304610000,0,0.00957937,0.2638
1627121381215000,0,1969.00000000,0.2636
1627121384673000,0,1943.00000000,0.2635
1627121441200000,0,9698.72000000,0.2636
1627121441240000,0,9698.72000000,0.2636
1627121474395000,0,75.50652602,0.2636
1627121499828000,1,1355.70602000,0.2631
1627121536882000,0,2574.00000000,0.2635
1627121553833000,0,565.00000000,0.2636
1627121553833000,0,23127.49000000,0.2636
1627121553855000,0,561.30199230,0.2636
1627121557761000,0,12283.59600770,0.2636
1627121557761000,0,19454.26399230,0.2636
1627121557763000,0,0.00000770,0.2636
1627121564788000,0,75.42925368,0.2638
1627121685300000,0,2517.00000000,0.2634
1627121703741000,0,75.48934071,0.2636
1627121763330000,0,18982.24394863,0.2636
1627121763330000,0,881.00000000,0.2636
1627121782930000,0,1927.00000000,0.2637
1627121789591000,0,18973.66510000,0.2637
1627121790426000,0,0.00005411,0.2637
1627121845785000,0,674.88000000,0.2642
1627121850916000,0,575.00000000,0.2642
1627121941210000,0,178.36000000,0.2640
1627121942581000,0,3.64000000,0.2640
1627121942581000,0,2467.00000000,0.2641
1627122008711000,0,841.00000000,0.2641
1627122136246000,0,3132.00000000,0.2640
1627122170626000,0,394.00000000,0.2641
1627122170626000,0,17331.24000000,0.2641
1627122170632000,0,0.00900000,0.2641
1627122171967000,0,35187.68800000,0.2642
1627122291001000,0,10720.45000000,0.2639
1627122291139000,0,0.00512055,0.2639
1627122408915000,0,2971.00000000,0.2641
1627122408915000,0,2467.00000000,0.2641
1627122415827000,0,2337.00000000,0.2641
1627122420520000,1,5324.33020000,0.2638
1627122431066000,0,1586.00000000,0.2640
1627122447043000,0,699.00000000,0.2642
1627122497194000,0,4733.00000000,0.2641
1627122498157000,0,555.07989771,0.2643
1627122498756000,0,228.92000000,0.2643
1627122505231000,0,715.00000000,0.2643
1627122537291000,0,16284.80000000,0.2645
1627122561630000,1,129.85000000,0.2641
1627122587358000,1,6540.11810000,0.2640
1627122587450000,1,1412.39542000,0.2639
1627122616327000,1,10587.60458000,0.2638
1627122617065000,0,3000.00000000,0.2640
1627122617065000,0,6500.00000000,0.2640
1627122617116000,1,625.00000000,0.2640
1627122617121000,1,21000.00000000,0.2640
1627122617164000,1,26492.07363240,0.2640
1627122630724000,0,967.00000000,0.2640
1627122636354000,0,10483.27000000,0.2640
1627122636391000,0,0.00500000,0.2640
1627122657914000,0,1608.00000000,0.2641
1627122658181000,0,39437.08300000,0.2641
1627122706665000,0,983.00000000,0.2645
1627122748058000,0,916.00000000,0.2643
1627122801904000,0,701.46000000,0.2642
1627122802139000,0,909.54000000,0.2642
1627122806467000,0,2043.00000000,0.2642
1627122875700000,1,1469.20958946,0.2638
1627122905768000,0,511.00000000,0.2641
1627122939301000,0,6345.56100000,0.2641
1627122939301000,0,1267.99900000,0.2641
1627122939334000,0,0.00100000,0.2641
1627122946326000,0,23871.39000000,0.2642
1627122946359000,0,0.00800000,0.2642
1627123087019000,1,1451.29500000,0.2637
1627123087078000,1,0.00001773,0.2637
1627123087078000,1,607.37948227,0.2637
1627123087273000,1,3020.86876347,0.2637
1627123087482000,1,687.76320000,0.2636
1627123087487000,1,2940.12760507,0.2636
1627123120668000,0,3135.00000000,0.2638
1627123140294000,0,18959.45000000,0.2639
1627123140386000,0,0.00653265,0.2639
1627123146669000,0,3732.24230025,0.2640
1627123146669000,0,3787.78695355,0.2640
1627123146669000,0,16275.25074620,0.2640
1627123146945000,0,2679.25000000,0.2640
1627123146983000,0,0.00813124,0.2640
1627123149298000,0,917.00000000,0.2640
1627123149602000,0,1172.34910000,0.2644
1627123235186000,0,22763.99700000,0.2646
1627123235186000,0,1543.00000000,0.2646
1627123235186000,0,7998.15300000,0.2646
1627123235294000,0,0.00800000,0.2646
1627123271253000,0,204.08182539,0.2647
1627123417155000,0,957.00000000,0.2647
1627123421233000,0,1967.00000000,0.2647
1627123462002000,0,1825.00000000,0.2647
1627123467742000,0,1429.00000000,0.2647
1627123478339000,0,15749.96095310,0.2648
1627123478339000,0,18892.40904690,0.2649
1627123487149000,0,0.00053760,0.2649
1627123487149000,0,4031.10946240,0.2649
1627123489810000,0,14861.30000000,0.2649
1627123640730000,0,18901.42000000,0.2647
1627123672189000,0,3385.64000000,0.2646
1627123672382000,0,2323.00000000,0.2646
1627123702033000,0,18906.82700652,0.2646
1627123702033000,0,968.99299348,0.2646
1627123702078000,0,0.00700652,0.2646
1627123702095000,0,2558.78000000,0.2646
1627123785994000,0,1431.00000000,0.2647
1627123795205000,0,2122.00000000,0.2647
1627123795239000,0,0.00503950,0.2647
1627123795239000,0,15833.88496050,0.2647
1627123842932000,0,1262.31690000,0.2648
1627123843032000,0,20583.00000000,0.2648
1627123843033000,0,22086.30210000,0.2648
1627123843033000,0,703.00000000,0.2648
1627123843516000,0,0.00012210,0.2649
1627123846464000,0,21637.96000000,0.2648
1627123898339000,1,1435.87930000,0.2646
1627123898380000,1,0.00000800,0.2646
1627123898380000,1,1436.23719200,0.2646
1627123898391000,1,0.00001484,0.2646
1627123898391000,1,18883.40728516,0.2646
1627123898666000,1,470.95340000,0.2645
1627123898752000,1,223.02730000,0.2645
1627123898752000,1,653.83330000,0.2645
1627123919823000,1,407.41610000,0.2640
1627123920407000,1,986.32580000,0.2640
1627123920451000,1,839.88490000,0.2640
1627123920518000,1,267.35360000,0.2640
1627123920531000,1,517.61550000,0.2640
1627123920624000,1,993.49030000,0.2640
1627123920645000,1,383.60330000,0.2640
1627123920663000,1,125.99090000,0.2640
1627123920676000,1,550.94780000,0.2640
1627123920679000,1,1704.18958651,0.2640
1627124026486000,0,200.00000000,0.2636
1627124045208000,1,400.00000000,0.2631
1627124074978000,0,1827.00000000,0.2635
1627124187165000,0,9854.51300000,0.2636
1627124187165000,0,2260.99700000,0.2636
1627124187205000,0,0.00300000,0.2636
1627124191326000,0,1337.00000000,0.2636
1627124193035000,0,1940.04000000,0.2636
1627124195380000,0,12058.44000000,0.2636
1627124195416000,0,1414.98900000,0.2636
1627124234359000,0,418.00000000,0.2639
1627124253207000,1,2579.37994824,0.2635
1627124329397000,0,581.00000000,0.2637
1627124347029000,0,113.68000000,0.2636
1627124350621000,0,1028.33360000,0.2636
1627124350634000,0,20.98640000,0.2636
1627124393158000,0,177.00000000,0.2636
1627124393158000,0,18980.72000000,0.2637
1627124492182000,0,1734.00000000,0.2631
1627124493598000,0,1384.72630000,0.2633
1627124495734000,0,1104.00000000,0.2631
1627124587915000,0,2068.00000000,0.2630
1627124658625000,1,15363.33723000,0.2630
1627124693023000,0,540.00000000,0.2631
1627124700899000,0,3350.71590000,0.2632
1627124754719000,0,3592.57681276,0.2632
1627124817645000,0,1996.00000000,0.2626
1627124872160000,0,1840.00000000,0.2627
1627124873496000,0,19048.44000000,0.2627
1627124873496000,0,0.00100761,0.2627
1627124877412000,0,1846.00000000,0.2627
1627124877412000,0,19044.87000000,0.2628
1627124877506000,0,0.00454652,0.2628
1627124879661000,0,19043.04000000,0.2627
1627124879729000,0,0.00966973,0.2627
1627124882974000,0,19044.87000000,0.2628
1627124882985000,0,0.00454652,0.2628
1627124890808000,0,19036.70000000,0.2628
1627124904327000,0,0.00472392,0.2628
1627124904327000,0,891.00000000,0.2628
1627124915484000,0,852.00000000,0.2628
1627124923694000,0,786.00000000,0.2628
1627125021356000,0,592.00000000,0.2629
1627125129441000,0,1946.00000000,0.2628
1627125130313000,0,1633.99102094,0.2631
1627125130410000,0,4388.83131010,0.2631
1627125132804000,0,17922.73000000,0.2631
1627125133969000,0,1645.00000000,0.2629
1627125141775000,0,0.00966896,0.2631
1627125141775000,0,36133.15033104,0.2631
1627125141801000,0,12483.59666896,0.2631
1627125159106000,0,107.51660000,0.2632
1627125159123000,0,273.44330000,0.2632
1627125159131000,0,208.62530000,0.2632
1627125159131000,0,93.74040000,0.2632
1627125159207000,0,5217.85758038,0.2632
1627125159207000,0,9505.96659899,0.2632
1627125204892000,0,718.00000000,0.2634
1627125302771000,1,691.05240000,0.2628
1627125318556000,0,506.00000000,0.2631
1627125357112000,0,19006.06240000,0.2633
1627125374560000,0,1343.00000000,0.2635
1627125402298000,1,1192.65177000,0.2630
1627125461178000,0,562.00000000,0.2629
1627125543837000,1,239.81350000,0.2626
1627125543855000,1,216.03350000,0.2626
1627125570690000,1,114.49940000,0.2620
1627125580812000,0,463.57380000,0.2623
1627125591503000,0,1677.00000000,0.2624
1627125623191000,0,409.00000000,0.2625
1627125632123000,0,38251.92000000,0.2626
1627125718547000,0,451.00000000,0.2622
1627125752328000,0,746.00000000,0.2622
1627125753564000,1,1115.00000000,0.2623
1627125759309000,0,0.00900000,0.2626
1627125759309000,0,899.73746868,0.2626
1627125761128000,0,9268.49000000,0.2626
1627125774785000,1,952.00000000,0.2624
1627125774873000,1,5294.00000000,0.2623
1627125774894000,1,11354.15169123,0.2623
1627125775078000,1,953.00000000,0.2622
1627125775078000,1,611.60815000,0.2622
1627125811880000,0,784.00000000,0.2625
1627125859865000,0,488.00000000,0.2626
1627125874156000,0,0.00653132,0.2626
1627125874156000,0,353.99346868,0.2626
1627125874187000,0,0.00653132,0.2626
1627126192610000,0,3040.00000000,0.2621
1627126241182000,0,3836.55717065,0.2621
1627126241182000,0,954.00000000,0.2621
1627126241182000,0,14246.20409720,0.2621
1627126287603000,0,693.07000000,0.2621
1627126287657000,0,34482.39799526,0.2621
1627126287675000,0,1452.71119097,0.2621
1627126287923000,0,2142.45381377,0.2621
1627126287923000,0,13622.11400000,0.2621
1627126287923000,0,2188.99218623,0.2621
1627126326580000,0,3635.00000000,0.2621
1627126487582000,0,799.00000000,0.2622
1627126494840000,0,808.00000000,0.2622
1627126842115000,0,37625.78300000,0.2619
1627126842115000,0,4171.99700000,0.2619
1627126842506000,1,1827.00000000,0.2617
1627126863663000,0,1037.12000000,0.2619
1627126863704000,0,12182.74900000,0.2619
1627127227787000,0,3793.20869896,0.2621
1627127227787000,0,995.00000000,0.2621
1627127227787000,0,18139.39900000,0.2621
1627127227787000,0,6373.29230104,0.2621
1627127227885000,0,0.00969896,0.2621
1627127376330000,0,2882.00000000,0.2622
1627127420618000,0,895.72000000,0.2624
1627127420627000,0,18.28000000,0.2624
1627127425256000,0,4800.00000000,0.2626
1627127425256000,0,11034.14000000,0.2626
1627127457878000,0,94.45150000,0.2628
1627127457879000,0,18305.71460000,0.2628
1627127457879000,0,140.95190000,0.2628
1627127457886000,0,332.62680000,0.2629
1627127457887000,0,188.11090000,0.2629
1627127457895000,0,18518.41800000,0.2629
1627127457896000,0,0.00002176,0.2629
1627127458017000,0,1864.64760000,0.2631
1627127470178000,0,11854.15700000,0.2637
1627127477548000,0,487.06000000,0.2638
1627127477938000,0,9.94000000,0.2638
1627127509251000,1,4800.00000000,0.2640
1627127509530000,1,927.97917062,0.2640
1627127594614000,0,357.00000000,0.2640
1627127594627000,0,0.00530860,0.2640
1627127595949000,1,946.00000000,0.2640
1627127596336000,1,1422.98954625,0.2638
1627127596679000,1,4800.00000000,0.2636
1627127596679000,1,2725.08109400,0.2636
1627127620509000,0,1851.00000000,0.2640
1627127623204000,0,287.00000000,0.2640
1627127717032000,0,880.00000000,0.2639
1627127734429000,0,8167.63000000,0.2640
1627127734453000,0,303.80000000,0.2640
1627127739082000,0,7422.29679530,0.2640
1627127739095000,0,7422.29679530,0.2640
1627127739228000,0,12287.93840940,0.2640
1627127791738000,0,7212.44500000,0.2641
1627127791738000,0,815.00000000,0.2641
1627127844773000,0,1405.00000000,0.2643
1627127944533000,0,815.00000000,0.2642
1627127978539000,0,1555.00000000,0.2641
1627128026515000,1,756.14110000,0.2639
1627128034029000,1,103.16870000,0.2636
1627128034044000,1,303.26240000,0.2636
1627128034052000,1,98.32370000,0.2636
1627128034052000,1,896.11370000,0.2636
1627128034057000,1,12.65626209,0.2636
1627128034101000,1,1139.37680000,0.2634
1627128034128000,1,1359.74534353,0.2634
1627128034149000,1,3988.04470000,0.2634
1627128034165000,1,418.31100000,0.2634
