timestamp ms,type,amount,price
1627171318020000,0,628.57119253,0.2668
1627171372355000,0,784.00000000,0.2670
1627171372541000,0,784.00000000,0.2672
1627171372562000,0,1389.50080000,0.2672
1627171372612000,0,120.62570000,0.2672
1627171372638000,0,132.28320000,0.2672
1627171444596000,1,1036.90890000,0.2666
1627171458745000,1,1160.74460000,0.2662
1627171459093000,1,0.00009203,0.2662
1627171459093000,1,2901.60031680,0.2662
1627171459093000,1,7006.34681070,0.2661
1627171593193000,1,224.19550000,0.2664
1627171593251000,1,139.65000000,0.2664
1627171593265000,1,9617.16496214,0.2664
1627171643517000,0,1972.00000000,0.2660
1627171689626000,0,1875.00000000,0.2661
1627171699875000,0,224.19550000,0.2662
1627171784611000,0,950.00000000,0.2665
1627171909715000,1,4797.00000000,0.2666
1627171912415000,1,2477.76180000,0.2666
1627171963291000,0,703.00000000,0.2666
1627171998506000,0,1598.00000000,0.2668
1627172000307000,0,139.65000000,0.2668
1627172000314000,0,283.32620000,0.2668
1627172001768000,0,150.02380000,0.2668
1627172089440000,0,501.00000000,0.2670
1627172091748000,0,899.00000000,0.2670
1627172117544000,0,1400.00000000,0.2672
1627172121516000,0,1082.00000000,0.2673
1627172158091000,1,283.32620000,0.2671
1627172207133000,0,580.00000000,0.2670
1627172209161000,0,774.00000000,0.2670
1627172388756000,0,913.00000000,0.2666
1627172390385000,0,726.00000000,0.2666
1627172516522000,0,1694.00000000,0.2669
1627172590780000,0,1385.00000000,0.2668
1627172700315000,1,127.47040000,0.2665
1627172700385000,1,168.10080000,0.2665
1627172709536000,0,295.57120000,0.2666
1627172709654000,0,3135.42880000,0.2666
1627172761067000,1,218.89010000,0.2665
1627172813734000,1,1029.94277798,0.2651
1627172813734000,1,4700.00000000,0.2651
1627172813734000,1,1034.65703631,0.2650
1627172813734000,1,1964.40018571,0.2650
1627172883138000,0,1782.00000000,0.2647
1627172884188000,1,4700.00000000,0.2645
1627172884188000,1,300.00000000,0.2645
1627172939092000,1,1016.88330000,0.2644
1627172939179000,1,0.00003774,0.2644
1627172939179000,1,2541.70876226,0.2643
1627172950713000,0,1582.00000000,0.2647
1627172978817000,0,1274.00000000,0.2645
1627173011339000,0,745.00000000,0.2651
1627173045880000,1,11020.92039000,0.2653
1627173094370000,1,1217.15643484,0.2641
1627173094370000,1,3043.19026516,0.2641
1627173113678000,0,1258.00000000,0.2639
1627173137579000,1,1203.52470000,0.2635
1627173137628000,1,0.00001757,0.2635
1627173137628000,1,3009.74738243,0.2635
1627173167220000,1,198.99080000,0.2634
1627173167220000,1,977.40930000,0.2634
1627173167228000,1,0.00004557,0.2634
1627173167228000,1,505.32885443,0.2634
1627173167241000,1,832.67260000,0.2634
1627173167242000,1,601.71450000,0.2634
1627173167246000,1,137.72790000,0.2634
1627173167270000,1,95.41610000,0.2634
1627173167271000,1,768.40800000,0.2634
1627173167272000,1,0.00000629,0.2634
1627173167272000,1,823.43019371,0.2634
1627173167319000,1,157.07770000,0.2633
1627173167405000,1,1178.41170000,0.2633
1627173167420000,1,216.72160000,0.2633
1627173167428000,1,145.63510000,0.2633
1627173167438000,1,873.55750000,0.2633
1627173167445000,1,5076.46911274,0.2633
1627173167446000,1,1176.40014557,0.2633
1627173167507000,1,139.65000000,0.2633
1627173167531000,1,347.05427113,0.2633
1627173167549000,1,2456.28192849,0.2633
1627173219998000,0,4700.00000000,0.2630
1627173219998000,0,730.00000000,0.2630
1627173219998000,0,0.03954720,0.2631
1627173252466000,0,878.00000000,0.2632
1627173265547000,0,581.00000000,0.2632
1627173355830000,0,9419.26570000,0.2635
1627173355841000,0,9573.56458347,0.2635
1627173356181000,0,1696.00000000,0.2634
1627173401883000,0,1624.00000000,0.2633
1627173509388000,0,1213.00000000,0.2632
1627173542333000,1,18800.00000000,0.2632
1627173542401000,1,179.81980000,0.2632
1627173557435000,1,1226.09679000,0.2627
1627173557542000,1,629.62020000,0.2627
1627173557560000,1,251.37300000,0.2627
1627173557564000,1,228.34799194,0.2627
1627173557625000,1,3314.76556606,0.2626
1627173557715000,1,914.79102742,0.2626
1627173557721000,1,2898.00000000,0.2626
1627173557822000,1,84.52447527,0.2626
1627173557822000,1,788.21810881,0.2626
1627173557885000,1,1985.13487105,0.2626
1627173558727000,0,880.99320000,0.2626
1627173643740000,0,1628.00000000,0.2624
1627173772992000,1,114.49944000,0.2620
1627173773033000,1,0.00000659,0.2620
1627173819277000,0,3247.00000000,0.2616
1627173824203000,0,931.00000000,0.2615
1627173831754000,1,118.57720000,0.2612
1627173831772000,1,161.03440000,0.2612
1627173859392000,1,812.17623324,0.2611
1627173863244000,1,191.25033000,0.2608
1627173863280000,1,0.00000549,0.2608
1627173863298000,1,664.17990000,0.2606
1627173863331000,1,144.95933884,0.2606
1627173863332000,1,812.17620000,0.2606
1627173863508000,1,2023.12722345,0.2606
1627173889033000,0,4520.25427000,0.2607
1627173889041000,0,0.00000486,0.2607
1627173916312000,1,827.38591841,0.2600
1627173916312000,1,115.38017769,0.2600
1627173916917000,1,191.98645163,0.2598
1627173917312000,1,824.54328344,0.2596
1627173917423000,0,625.00000000,0.2596
1627173957822000,0,503.00000000,0.2594
1627174055083000,1,112.28080000,0.2586
1627174055094000,1,115.45930000,0.2586
1627174055095000,1,224.82020000,0.2586
1627174055098000,1,315.94774614,0.2586
1627174055110000,1,1189.81880000,0.2586
1627174055111000,1,392.37640000,0.2586
1627174055116000,1,114.52190000,0.2586
1627174055145000,1,224.82022335,0.2586
1627174055223000,1,4995.27628353,0.2585
1627174055225000,1,5377.10400000,0.2584
1627174055225000,1,19325.73691450,0.2583
1627174055225000,1,16497.44972223,0.2582
1627174055225000,1,250.00000000,0.2582
1627174055225000,1,3923.00251498,0.2582
1627174055225000,1,3896.69181658,0.2581
1627174055225000,1,116.27456300,0.2580
1627174055225000,1,193.34082716,0.2580
1627174055225000,1,3864.96420970,0.2580
1627174055225000,1,2418.00000000,0.2580
1627174055225000,1,7341.00000000,0.2578
1627174055225000,1,26892.90933446,0.2578
1627174055225000,1,193.83670772,0.2573
1627174055225000,1,23663.00000000,0.2573
1627174055225000,1,985.64400000,0.2572
1627174055225000,1,2671.64689342,0.2572
1627174055278000,1,768.75154560,0.2586
1627174055461000,1,596.11480000,0.2584
1627174055473000,1,106.95110000,0.2584
1627174055490000,1,66.16715933,0.2584
1627174055490000,1,63.98754067,0.2584
1627174075678000,0,2930.30580000,0.2581
1627174078646000,0,1347.00000000,0.2582
1627174128177000,0,2338.58540000,0.2584
1627174147672000,0,344.23540000,0.2587
1627174147747000,0,148.55510000,0.2587
1627174147753000,0,205.49070000,0.2587
1627174147756000,0,150.91520000,0.2587
1627174151811000,0,222.96050000,0.2589
1627174151885000,0,838.01450000,0.2589
1627174151906000,0,307.02500000,0.2589
1627174196164000,0,15752.57683000,0.2588
1627174218580000,0,432.00000000,0.2588
1627174248265000,0,4700.00000000,0.2588
1627174248265000,0,4201.16809612,0.2588
1627174274017000,0,1372.00000000,0.2589
1627174291661000,0,193.83670000,0.2594
1627174291719000,0,0.00000772,0.2594
1627174312281000,0,16983.41750000,0.2599
1627174325209000,0,363.30127983,0.2602
1627174338443000,0,936.00000000,0.2602
1627174340082000,1,16048.29596000,0.2599
1627174341851000,1,721.33303000,0.2598
1627174364032000,1,457.00000000,0.2598
1627174365888000,1,457.00000000,0.2598
1627174398730000,1,228.00000000,0.2597
1627174511337000,1,785.56594000,0.2595
1627174512166000,1,768.54591000,0.2593
1627174543938000,0,1150.00000000,0.2592
1627174572688000,0,130.17040000,0.2595
1627174572709000,0,244.53890000,0.2595
1627174572722000,0,474.29070000,0.2595
1627174572726000,0,4540.62080000,0.2596
1627174572730000,0,0.00005663,0.2596
1627174572730000,0,11351.47964337,0.2596
1627174572763000,0,0.00010482,0.2596
1627174572763000,0,448.20619518,0.2596
1627174572764000,0,1300.60130000,0.2596
1627174572775000,0,1573.91110000,0.2596
1627174572779000,0,18800.00000000,0.2596
1627174572785000,0,3675.24520000,0.2596
1627174572798000,0,105.01270000,0.2596
1627174572800000,0,3609.62960000,0.2596
1627174573061000,0,0.00013084,0.2596
1627174573740000,0,2333.04316635,0.2599
1627174573890000,0,2201.62670891,0.2599
1627174615730000,0,193.34082000,0.2603
1627174615921000,0,0.00000716,0.2603
1627174618561000,1,1048.09947696,0.2602
1627174635605000,1,1044.08126937,0.2599
1627174665012000,1,9500.00000000,0.2598
1627174665957000,1,525.06287924,0.2597
1627174844191000,0,1674.00000000,0.2585
1627174886463000,0,139.65000000,0.2584
1627174886471000,0,2164.35000000,0.2584
1627174889651000,1,457.00000000,0.2586
1627174912413000,1,457.00000000,0.2588
1627174913124000,1,1150.03147000,0.2587
1627175080862000,0,373.00000000,0.2592
1627175083688000,0,362.00000000,0.2592
1627175108911000,1,1169.90306417,0.2593
1627175108911000,1,19272.68699009,0.2592
1627175108911000,1,2924.30681336,0.2592
1627175108911000,1,16468.94529129,0.2592
1627175108911000,1,471.99584529,0.2592
1627175163425000,1,457.00000000,0.2595
1627175163748000,1,457.00000000,0.2595
1627175176286000,0,1512.00000000,0.2594
1627175217118000,0,15745.36790000,0.2598
1627175230548000,0,11235.87682000,0.2602
1627175232187000,0,670.00000000,0.2602
1627175288063000,0,4521.11905000,0.2607
1627175299894000,0,1189.00000000,0.2608
1627175306084000,1,16861.96222000,0.2607
1627175323655000,1,12018.15683000,0.2609
1627175323712000,1,7131.29195000,0.2609
1627175345556000,1,0.00000163,0.2609
1627175345556000,1,1271.80230837,0.2607
1627175345690000,1,1271.80231221,0.2607
1627175345690000,1,1906.77862779,0.2606
1627175345896000,1,1271.80230000,0.2606
1627175345968000,1,1271.80231221,0.2606
1627175494364000,0,1412.00000000,0.2601
1627175494610000,0,820.24616794,0.2604
1627175544771000,0,1121.00000000,0.2606
1627175619136000,0,605.00000000,0.2604
1627175757298000,1,1261.75578163,0.2594
1627175757958000,1,1261.75578163,0.2592
1627175780608000,0,2069.00000000,0.2596
1627175782575000,0,1655.00000000,0.2596
1627175796110000,1,457.00000000,0.2599
1627175814924000,0,15421.28407000,0.2602
1627175840933000,1,1140.41696000,0.2601
1627175841393000,1,0.00000121,0.2601
1627175841393000,1,1140.02276879,0.2601
1627175899762000,0,1154.00000000,0.2600
1627175918763000,1,1000.00000000,0.2599
1627175918803000,1,8247.47140000,0.2599
1627175918938000,1,1096.72280000,0.2598
1627175918955000,1,0.00003996,0.2598
1627175964042000,0,833.00000000,0.2597
1627175986735000,1,91.77120000,0.2597
1627175986757000,1,1000.00000000,0.2597
1627175986764000,1,17.59983167,0.2597
1627175986764000,1,181.81896833,0.2597
1627175986771000,1,181.34640000,0.2597
1627175986772000,1,143.28120000,0.2597
1627175986782000,1,546.23470000,0.2597
1627175986798000,1,115.36160000,0.2597
1627175986811000,1,244.10670000,0.2597
1627175986811000,1,119.93530000,0.2597
1627175986815000,1,787.00790000,0.2597
1627175986821000,1,156.29320000,0.2597
1627175986843000,1,297.80683868,0.2597
1627175986854000,1,19242.53310000,0.2597
1627175986904000,1,2743.31280000,0.2596
1627175987099000,1,139.65000000,0.2596
1627175987110000,1,3233.41453097,0.2596
1627175987153000,1,1094.02738477,0.2596
1627175987202000,1,1109.27712280,0.2596
1627175987202000,1,168.71318242,0.2596
1627175987398000,1,1109.80663515,0.2596
1627175996617000,0,5328.06970000,0.2597
1627176022831000,0,1050.00000000,0.2598
1627176043630000,1,979.37190000,0.2597
1627176096793000,1,971.50310000,0.2592
1627176096838000,1,0.00001100,0.2592
1627176096855000,1,2428.21480000,0.2592
1627176096884000,1,0.00005007,0.2592
1627176097009000,0,971.50311100,0.2591
1627176097011000,0,2428.21485007,0.2591
1627176097045000,1,915.23600000,0.2591
1627176097049000,1,5396.30747716,0.2591
1627176097179000,1,971.50311100,0.2591
1627176134178000,0,1478.00000000,0.2588
1627176145827000,0,1734.00010000,0.2593
1627176206928000,1,897.78408000,0.2588
1627176218476000,0,629.00000000,0.2590
1627176259213000,0,630.00000000,0.2595
1627176312383000,0,1725.00000000,0.2597
1627176343699000,1,921.13560000,0.2594
1627176343722000,1,0.00000719,0.2594
1627176343742000,1,2023.04740000,0.2594
1627176343776000,1,433.58450000,0.2594
1627176343782000,1,418.84510000,0.2594
1627176343802000,1,12998.12480000,0.2594
1627176343804000,1,0.00009499,0.2594
1627176343867000,1,2302.55517680,0.2593
1627176344510000,1,921.13560719,0.2590
1627176344510000,1,2304.93450986,0.2590
1627176344510000,1,55.45662848,0.2590
1627176344987000,1,921.13560719,0.2590
1627176388949000,0,1012.00000000,0.2589
1627176389193000,0,19323.10887000,0.2589
1627176407767000,1,2215.97499479,0.2587
1627176407767000,1,886.49267521,0.2587
1627176450484000,0,553.00000000,0.2589
1627176541622000,0,536.00000000,0.2590
1627176546470000,0,19307.80287000,0.2592
1627176546476000,0,0.00000299,0.2592
1627176546729000,0,1600.35300000,0.2593
1627176546749000,0,2309.84620000,0.2593
1627176546763000,0,634.17570000,0.2593
1627176546771000,0,0.00004756,0.2593
1627176555032000,1,882.35445000,0.2597
1627176557001000,1,882.35445000,0.2595
1627176557229000,1,0.00000726,0.2595
1627176557325000,1,2197.18004623,0.2594
1627176579187000,1,19246.87940000,0.2595
1627176579188000,1,0.00000962,0.2595
1627176579335000,1,863.15911033,0.2595
1627176579335000,1,2157.89776967,0.2595
1627176579346000,1,0.00000616,0.2595
1627176643176000,1,832.83864619,0.2590
1627176643404000,1,378.67710410,0.2589
1627176643418000,1,453.99444221,0.2589
1627176683445000,1,826.96592246,0.2580
1627176683445000,1,827.27332569,0.2580
1627176683445000,1,827.27332569,0.2580
1627176683710000,1,827.27332569,0.2579
1627176683710000,1,510.50600393,0.2579
1627176683852000,1,827.27332569,0.2579
1627176693451000,0,134.24837105,0.2581
1627176695082000,0,2069.75162000,0.2581
1627176695128000,0,0.00000895,0.2581
1627176725231000,0,834.00000000,0.2583
1627176743834000,0,2025.00000000,0.2585
1627176776249000,0,89.00000000,0.2587
1627176823483000,1,19319.64550000,0.2586
1627176846204000,0,1135.00000000,0.2588
1627176866111000,0,893.00000000,0.2593
1627176866246000,0,15945.34642000,0.2593
1627176980081000,0,2864.00000000,0.2593
1627177093495000,0,1904.00000000,0.2590
1627177120880000,1,787.36913000,0.2590
1627177140008000,1,779.58071000,0.2590
1627177140052000,1,0.00000739,0.2590
1627177140052000,1,16202.20513261,0.2589
1627177175198000,0,419.00000000,0.2591
1627177214528000,0,1353.00000000,0.2592
1627177320482000,1,799.79112000,0.2586
1627177366246000,0,1362.00000000,0.2586
1627177367018000,1,0.00000074,0.2586
1627177367018000,1,2825.74518775,0.2586
1627177381397000,0,1553.00000000,0.2587
1627177383619000,0,139.65000000,0.2587
1627177383622000,0,2682.35000000,0.2587
1627177431065000,1,19312.83282000,0.2587
1627177431113000,1,767.71610000,0.2587
1627177431131000,1,0.00009683,0.2587
1627177431131000,1,1919.70510317,0.2586
1627177431153000,1,0.00018382,0.2586
1627177431153000,1,916.40301618,0.2586
1627177431174000,1,262.78540000,0.2586
1627177431177000,1,337.35100000,0.2586
1627177431205000,1,505.89120000,0.2586
1627177431654000,1,768.23824505,0.2585
1627177431654000,1,1151.46704194,0.2585
1627177431688000,1,768.23824505,0.2585
1627177472311000,0,640.00000000,0.2588
1627177473869000,0,1211.00000000,0.2588
1627177654505000,0,1301.00000000,0.2581
1627177654594000,0,15902.10773000,0.2581
1627177691723000,0,2283.00000000,0.2582
1627177782918000,0,1754.00000000,0.2581
1627177800082000,1,3000.00000000,0.2580
1627177800126000,1,7000.00000000,0.2580
1627177800126000,1,3000.00000000,0.2580
1627177811770000,0,1232.00000000,0.2582
1627177857603000,1,842.57240507,0.2589
1627177857752000,1,5476.78310000,0.2589
1627177857769000,1,0.00005910,0.2589
1627177857933000,1,842.35144849,0.2589
1627177873429000,0,661.00000000,0.2589
1627177889904000,1,790.76271000,0.2585
1627177971853000,0,1731.00000000,0.2579
1627177995851000,1,739.09925872,0.2576
1627177995851000,1,739.19095128,0.2576
1627178014536000,0,484.00000000,0.2579
1627178015950000,0,955.00000000,0.2579
1627178105443000,1,13500.00000000,0.2572
1627178106526000,1,915.00000000,0.2571
1627178135057000,0,1771.00000000,0.2572
1627178137374000,0,1332.00000000,0.2571
1627178149042000,1,915.00000000,0.2574
1627178156347000,1,915.00000000,0.2575
1627178160483000,1,333.00000000,0.2575
1627178161035000,1,814.15264000,0.2573
1627178206882000,0,426.00000000,0.2574
1627178215857000,1,127.68600000,0.2572
1627178215883000,1,140.64830000,0.2572
1627178215885000,1,519.88028029,0.2572
1627178215885000,1,215.48811971,0.2571
1627178215892000,1,724.79020000,0.2571
1627178215899000,1,995.18190000,0.2571
1627178215911000,1,966.53920000,0.2571
1627178215915000,1,499.50550000,0.2571
1627178215919000,1,186.14280000,0.2571
1627178215923000,1,333.38080000,0.2571
1627178215925000,1,429.61150000,0.2571
1627178215945000,1,774.16269974,0.2571
1627178215945000,1,1970.79668455,0.2571
1627178215952000,1,18800.00000000,0.2571
1627178215965000,1,630.26858135,0.2571
1627178216093000,1,788.21458029,0.2571
1627178216825000,1,788.21458029,0.2566
1627178247706000,1,744.12300000,0.2562
1627178262558000,0,1305.00000000,0.2563
1627178304423000,0,19516.06484000,0.2564
1627178304794000,0,937.00000000,0.2564
1627178412867000,1,8587.80881000,0.2565
1627178449869000,0,545.00000000,0.2567
1627178451204000,0,403.23120000,0.2570
1627178463938000,0,1352.00000000,0.2573
1627178469669000,0,1010.00000000,0.2575
1627178470521000,1,457.00000000,0.2575
1627178475215000,1,457.00000000,0.2576
1627178530621000,1,784.70104000,0.2574
1627178530770000,1,0.00000349,0.2574
1627178530770000,1,1961.75259651,0.2574
1627178530805000,1,0.00001223,0.2574
1627178530805000,1,5553.99998777,0.2573
1627178530981000,1,784.70104000,0.2573
1627178531126000,1,784.70104349,0.2572
1627178532028000,1,784.70104000,0.2570
1627178535274000,1,4700.00000000,0.2566
1627178571120000,0,213.00000000,0.2568
1627178571181000,0,3412.49200000,0.2569
1627178571236000,0,311.56330000,0.2569
1627178571283000,0,125.18940000,0.2569
1627178652106000,1,780.39542000,0.2566
1627178691123000,1,223.75270000,0.2561
1627178697616000,1,117.18290000,0.2560
1627178697743000,1,0.00002254,0.2560
1627178697743000,1,763.63797746,0.2559
1627178697743000,1,0.00005301,0.2559
1627178697909000,1,1134.43882440,0.2558
1627178697948000,1,774.65625177,0.2558
1627178697948000,1,4972.54760593,0.2558
1627178712374000,0,2522.00000000,0.2557
1627178721834000,0,16354.34683000,0.2559
1627178731574000,0,449.00000000,0.2561
1627178762382000,0,16059.05362000,0.2568
1627178792965000,1,747.48468000,0.2568
1627178793062000,1,19454.96119000,0.2568
1627178793120000,1,0.00000384,0.2568
1627178793120000,1,19458.21981262,0.2567
1627178793120000,1,747.76401354,0.2567
1627178822223000,1,4678.71961000,0.2566
1627178822545000,1,139.65000000,0.2566
1627178839923000,0,2500.00000000,0.2569
1627178886881000,1,731.39257000,0.2572
1627178966309000,0,763.63790000,0.2573
1627178966384000,0,1161.36210000,0.2573
1627179008666000,0,848.00000000,0.2577
1627179029515000,0,129.78580000,0.2582
1627179029531000,0,94.35330000,0.2582
1627179029641000,0,477.15790000,0.2582
1627179029644000,0,138.66720000,0.2582
1627179029670000,0,119.69010000,0.2582
1627179029709000,0,3603.51009900,0.2582
1627179080886000,1,16908.98692000,0.2582
1627179080910000,1,0.00000468,0.2582
1627179080994000,1,96.78830000,0.2581
1627179081000000,1,818.31240000,0.2581
1627179081000000,1,100.59370000,0.2581
1627179081000000,1,187.37050000,0.2581
1627179081190000,1,790.24051366,0.2581
1627179081238000,1,789.83673666,0.2580
1627179081341000,1,143.11010000,0.2579
1627179081375000,1,789.83673666,0.2579
1627179081428000,1,3091.45016433,0.2579
1627179081456000,1,1110.55046939,0.2579
1627179081875000,1,789.83673666,0.2577
1627179081875000,1,0.40377700,0.2577
1627179083193000,0,1176.35740000,0.2577
1627179145210000,0,16609.49695000,0.2571
1627179145615000,0,4579.50450076,0.2572
1627179145615000,0,6869.17800924,0.2573
1627179146163000,0,1873.00000000,0.2571
1627179171283000,1,841.22980000,0.2569
1627179171499000,1,0.00000342,0.2569
1627179173861000,1,1446.69040000,0.2569
1627179182134000,0,19470.63809000,0.2570
1627179182526000,0,0.00000540,0.2570
1627179182526000,0,1446.69039460,0.2571
1627179217653000,0,134.00000000,0.2572
1627179290251000,0,686.00000000,0.2576
1627179325854000,0,1361.00000000,0.2577
1627179340058000,0,273.00000000,0.2578
1627179402687000,0,423.00000000,0.2581
1627179449207000,0,823.00000000,0.2586
1627179480726000,1,447.62450000,0.2584
1627179480733000,1,5500.00000000,0.2584
1627179480765000,1,136.79580000,0.2584
1627179521643000,0,221.00000000,0.2587
1627179544101000,1,140.65920000,0.2587
1627179579291000,0,597.00000000,0.2588
1627179619505000,0,302.07960000,0.2590
1627179619526000,0,1289.92040000,0.2590
1627179661740000,1,92.51570000,0.2590
1627179662760000,1,12500.00000000,0.2590
1627179695204000,0,1159.00000000,0.2590
1627179704251000,0,4545.33820476,0.2591
1627179757195000,0,810.00000000,0.2591
1627179789841000,1,2000.00000000,0.2589
1627179789890000,1,564.42350000,0.2589
1627179789961000,1,185.19520000,0.2589
1627179789980000,1,192.59670000,0.2589
1627179796624000,1,4890.84130000,0.2589
1627179796691000,1,18800.00000000,0.2589
1627179801200000,1,5820.58678594,0.2589
1627179802738000,1,204.42150000,0.2589
1627179802741000,1,109.83460000,0.2589
1627179802796000,1,107.19160000,0.2589
1627179802807000,1,142.12950000,0.2589
1627179802824000,1,198.37820000,0.2589
1627179802836000,1,3824.91260000,0.2589
1627179802841000,1,84.40251406,0.2589
1627179804599000,1,238.36010000,0.2589
1627179804794000,1,155.66120000,0.2589
1627179805353000,1,302.10900000,0.2589
1627179835432000,0,950.00000000,0.2590
1627179840953000,1,1000.00000000,0.2589
1627179843337000,1,910.00000000,0.2589
1627179843479000,1,4824.00000000,0.2589
1627179845737000,1,9577.00582538,0.2589
1627179845791000,1,6728.46387462,0.2589
1627179845791000,1,4872.92506340,0.2587
1627179845851000,1,2882.90000000,0.2587
1627179863892000,0,4554.65422000,0.2587
1627179873034000,0,639.00000000,0.2589
1627179911322000,0,4700.00000000,0.2592
1627179911375000,1,18164.14133000,0.2592
1627179917704000,1,0.00000621,0.2592
1627179936081000,1,3000.00000000,0.2587
1627180078082000,0,107.00000000,0.2587
1627180104535000,0,1631.00000000,0.2589
1627180114193000,0,839.21930000,0.2591
1627180115241000,1,457.00000000,0.2591
1627180124828000,1,457.00000000,0.2590
1627180206229000,0,1368.00000000,0.2589
1627180216548000,1,1178.24613000,0.2591
1627180225083000,0,182.48990000,0.2592
1627180225085000,0,241.51010000,0.2592
1627180282694000,0,844.45210000,0.2594
1627180282694000,0,235.54790000,0.2594
1627180282699000,0,2760.32930000,0.2594
1627180282703000,0,1607.14550000,0.2594
1627180282705000,0,175.39433082,0.2594
1627180282705000,0,360.67016918,0.2595
1627180282708000,0,4132.15920000,0.2595
1627180282738000,0,6170.35580000,0.2595
1627180282782000,0,694.43225439,0.2595
1627180282820000,0,18800.00000000,0.2596
1627180282848000,0,10730.95036841,0.2596
1627180282982000,1,4542.86913082,0.2596
1627180282983000,1,29527.81277493,0.2596
1627180308583000,1,1537.49370000,0.2597
1627180308650000,1,0.00004909,0.2597
1627180308651000,1,1537.67110000,0.2597
1627180308656000,1,0.00009862,0.2597
1627180308656000,1,7575.70500138,0.2596
1627180308661000,1,123.74930000,0.2596
1627180308665000,1,544.95550000,0.2596
1627180308870000,1,1749.45334190,0.2596
1627180308870000,1,1537.67119862,0.2596
1627180329582000,0,491.00000000,0.2597
1627180390441000,0,538.00000000,0.2597
1627180465280000,1,8592.76284478,0.2594
1627180465315000,1,1620.00000000,0.2594
1627180465330000,1,4371.80000000,0.2594
1627180465349000,1,123.19715522,0.2594
1627180465857000,1,2440.05079802,0.2593
1627180492988000,0,620.00000000,0.2595
1627180533358000,1,539.11913000,0.2593
1627180533478000,1,18800.00000000,0.2593
1627180533513000,1,139.00770000,0.2593
1627180533529000,1,307.15180000,0.2593
1627180533535000,1,135.18550000,0.2593
1627180533542000,1,643.93107198,0.2593
1627180533542000,1,322.03922802,0.2592
1627180533546000,1,195.57680000,0.2592
1627180533674000,1,949.30718228,0.2592
1627180533757000,1,3667.31974978,0.2592
1627180586214000,0,8500.00000000,0.2593
1627180586283000,0,15810.00000000,0.2593
1627180586375000,0,139.65000000,0.2593
1627180586544000,0,1127.35000000,0.2593
1627180644105000,0,1224.00000000,0.2592
1627180644189000,0,20491.00000000,0.2592
1627180653844000,0,766.00000000,0.2594
1627180657650000,0,15474.10432000,0.2596
1627180726017000,1,6500.00000000,0.2595
1627180732899000,1,4700.00000000,0.2595
1627180734619000,1,13000.00000000,0.2594
1627180734673000,1,6254.35824000,0.2594
1627180735244000,1,3750.00000000,0.2594
1627180735252000,1,10000.00000000,0.2594
1627180786448000,0,1162.00000000,0.2594
1627180960561000,0,2279.00000000,0.2593
1627180977497000,1,1434.22693363,0.2592
1627180980778000,1,9500.00000000,0.2592
1627180980836000,1,139.65000000,0.2592
1627180981324000,1,2045.78050408,0.2592
1627181052113000,1,547.30000000,0.2592
1627181052304000,1,528.29999999,0.2592
1627181056946000,1,867.00000001,0.2592
1627181064882000,1,2519.50000000,0.2592
1627181094883000,0,1073.00000000,0.2594
1627181123248000,1,676.25949592,0.2592
1627181123248000,1,323.74050408,0.2592
1627181131816000,1,500.00000000,0.2592
1627181132334000,1,4860.00000000,0.2592
1627181135670000,1,1245.60000000,0.2592
1627181150571000,1,3826.85240000,0.2592
1627181152220000,1,0.00009592,0.2592
1627181189768000,0,2693.00000000,0.2592
1627181246233000,0,882.00000000,0.2598
1627181247570000,0,139.65000000,0.2598
1627181247636000,0,405.35000000,0.2598
1627181299431000,0,433.00000000,0.2599
1627181364464000,1,19224.60788000,0.2599
1627181364737000,1,0.00000371,0.2599
1627181406511000,0,461.00000000,0.2597
1627181464830000,0,740.00000000,0.2599
1627181538284000,0,2013.00000000,0.2599
1627181538787000,0,2418.00000000,0.2601
1627181621160000,1,172.72170000,0.2598
1627181621210000,1,1202.25830400,0.2598
1627181621468000,1,3149.99999999,0.2598
1627181680039000,0,516.19067977,0.2600
1627181680179000,0,139.89610000,0.2600
1627181680180000,0,709.33710000,0.2600
1627181680249000,0,128.62120000,0.2600
1627181680447000,0,358.95492023,0.2600
1627181719324000,0,1239.00000000,0.2608
1627181737237000,1,738.75193524,0.2606
1627181737243000,1,603.02113643,0.2606
1627181737321000,1,139.65000000,0.2606
1627181737408000,1,1550.00000000,0.2606
1627181761532000,1,1327.61068000,0.2604
1627181772474000,0,11586.44652030,0.2608
1627181832426000,1,1445.78178266,0.2608
1627181891853000,1,16415.45261000,0.2605
1627181914519000,0,1730.00000000,0.2607
1627182076720000,0,1775.00000000,0.2609
1627182097470000,0,115.47450000,0.2610
1627182207131000,0,1065.00000000,0.2610
1627182215011000,0,15792.64777000,0.2611
1627182217423000,0,1605.00000000,0.2612
1627182277004000,0,400.00000000,0.2612
1627182329828000,0,987.00000000,0.2613
1627182336425000,1,1175.47309661,0.2612
1627182336453000,1,195.24619412,0.2612
1627182364621000,1,15994.78220000,0.2607
1627182438237000,1,8869.30571000,0.2607
1627182456147000,1,92.77192672,0.2607
1627182462413000,0,1607.00000000,0.2608
1627182476572000,1,977.85440000,0.2608
1627182505599000,1,5254.22700000,0.2608
1627182546667000,0,444.05450000,0.2608
1627182546675000,0,203.45760000,0.2608
1627182546678000,0,110.91570000,0.2608
1627182546693000,0,1243.57220000,0.2608
1627182546819000,0,807.40230000,0.2610
1627182546820000,0,1125.03280000,0.2610
1627182546826000,0,390.46200000,0.2610
1627182546863000,0,854.80830000,0.2610
1627182546863000,0,285.33710000,0.2610
1627182546864000,0,15713.76970786,0.2610
1627182548898000,1,1341.38650000,0.2611
1627182548904000,1,0.00000800,0.2611
1627182552500000,1,1335.44116971,0.2610
1627182552654000,1,2306.99662075,0.2609
1627182552668000,1,778.49999999,0.2609
1627182552684000,1,253.00864920,0.2609
1627182552684000,1,185.11971485,0.2609
1627182552722000,1,1150.32145486,0.2609
1627182648692000,1,3264.40756714,0.2608
1627182648692000,1,1306.02189286,0.2608
1627182648789000,1,0.00000914,0.2608
1627182648789000,1,2880.08379086,0.2607
1627182666056000,1,19765.90400000,0.2606
1627182689538000,0,571.00000000,0.2607
1627182728886000,0,987.00000000,0.2608
1627182760783000,1,592.42977663,0.2604
1627182772134000,0,139.65000000,0.2607
1627182781053000,0,370.35000000,0.2607
1627182783004000,0,16232.60557000,0.2610
1627182797814000,1,1260.12286000,0.2607
1627182835849000,0,2290.22145926,0.2607
1627182884929000,0,2094.00000000,0.2606
1627182927573000,0,871.00000000,0.2608
1627182927573000,0,2418.00000000,0.2608
1627182927743000,0,3784.31222205,0.2608
1627182927743000,0,733.25087795,0.2609
1627182927766000,0,3784.31226310,0.2609
1627182927766000,0,12466.80993690,0.2609
1627182942465000,1,1263.69972000,0.2608
1627182947123000,1,10500.00000000,0.2607
1627182947176000,1,6470.31693000,0.2607
1627182963690000,1,16020.52759000,0.2604
1627182963849000,1,3112.53530924,0.2604
1627182963849000,1,433.47993076,0.2604
1627182963898000,1,811.51508000,0.2604
1627182965836000,0,4524.58422896,0.2605
1627183055025000,1,1242.03090000,0.2600
1627183055081000,1,0.00009793,0.2600
1627183071520000,0,737.00000000,0.2602
1627183093608000,1,1227.06514723,0.2601
1627183093608000,1,3067.38002121,0.2601
1627183093608000,1,4606.55483156,0.2601
1627183152923000,0,1506.00000000,0.2604
1627183280290000,0,1690.00000000,0.2602
1627183284916000,0,1077.00000000,0.2603
1627183344959000,0,1541.00000000,0.2602
1627183348430000,1,1172.45761000,0.2601
1627183348585000,1,2931.14402000,0.2600
1627183441742000,0,865.00000000,0.2601
1627183519245000,0,1261.00000000,0.2602
1627183645630000,0,16592.58928000,0.2602
1627183645688000,0,1297.00000000,0.2602
1627183645718000,0,1379.38330000,0.2603
1627183645721000,0,149.44200000,0.2603
1627183645722000,0,245.84970000,0.2603
1627183645722000,0,598.07570000,0.2603
1627183645735000,0,549.82290000,0.2603
1627183646456000,0,4700.00000000,0.2606
1627183661171000,0,962.00000000,0.2604
1627183758893000,0,749.00000000,0.2605
1627184025067000,0,1123.00000000,0.2605
1627184064882000,1,9667.04146000,0.2604
1627184064927000,1,9522.47189000,0.2604
1627184065116000,1,1114.98917000,0.2603
1627184085163000,0,1134.00000000,0.2604
1627184114328000,0,893.00000000,0.2605
1627184126921000,0,2791.68541179,0.2607
1627184177755000,1,1109.10992000,0.2603
1627184181025000,1,2922.57370000,0.2601
1627184183173000,1,7456.06530000,0.2601
1627184261428000,0,1108.00000000,0.2603
1627184261428000,0,4700.00000000,0.2603
1627184261428000,0,3933.08963133,0.2604
1627184291875000,0,1366.00000000,0.2603
1627184607604000,1,13324.36372000,0.2602
1627184608519000,1,16418.68220000,0.2602
1627184613127000,1,0.00008000,0.2602
1627184613172000,1,1113.00050000,0.2599
1627184613318000,1,0.00004309,0.2599
1627184613337000,0,4700.00000000,0.2601
1627184613337000,0,3000.00000000,0.2601
1627184613337000,0,206.37900000,0.2601
1627184613612000,1,2782.50135772,0.2598
1627184614088000,1,462.28344356,0.2597
1627184614216000,1,2016.32782433,0.2597
1627184686821000,0,3394.00000000,0.2596
1627184689632000,1,2767.00000000,0.2597
1627184696859000,1,1116.39061000,0.2598
1627184723234000,1,9000.00000000,0.2598
1627184736921000,1,252.99950000,0.2596
1627184736961000,1,852.57060000,0.2596
1627184736965000,1,0.00007341,0.2596
1627184786131000,0,852.57060000,0.2600
1627184830371000,1,411.42300000,0.2592
1627184830376000,1,551.94560000,0.2592
1627184830377000,1,108.78301862,0.2592
1627184830395000,1,120.76920000,0.2592
1627184830400000,1,236.61460000,0.2592
1627184830513000,1,1775.15830000,0.2591
1627184830955000,1,1072.15161862,0.2590
1627184855586000,0,1697.00000000,0.2589
1627184890886000,0,1158.00000000,0.2589
1627184967771000,0,19324.41396586,0.2589
1627184967771000,0,2336.99999414,0.2589
1627184967798000,0,0.00000586,0.2589
1627184967842000,0,419.84040000,0.2590
1627184967853000,0,252.14650000,0.2590
1627184967855000,0,288.95400000,0.2590
1627184967865000,0,7000.00000000,0.2590
1627184967865000,0,11358.33080000,0.2590
1627184968115000,0,4548.19510000,0.2591
1627184968118000,0,0.00003798,0.2591
1627184968118000,0,601.34776202,0.2591
1627184968126000,0,10769.05838371,0.2591
1627184968136000,0,340.19970000,0.2592
1627184968136000,0,719.80890000,0.2592
1627184968137000,0,98.46090000,0.2592
1627184968138000,0,251.80280000,0.2592
1627184968143000,0,846.39900000,0.2592
1627184968156000,0,108.77780000,0.2592
1627184968165000,0,233.13450000,0.2592
1627184968243000,0,193.60190000,0.2592
1627184968337000,0,3146.62228119,0.2592
1627184968342000,0,18800.00000000,0.2592
1627184968354000,0,4822.90937391,0.2592
1627184969513000,0,4538.83330173,0.2599
1627184969513000,0,898.08496827,0.2599
1627184970352000,1,4700.00000000,0.2596
1627184991452000,1,1296.99451000,0.2596
1627184991460000,1,0.00000450,0.2596
1627184991691000,1,1296.99450000,0.2596
1627185109935000,0,460.00000000,0.2603
1627185111570000,0,394.00000000,0.2604
1627185163630000,1,997.97550000,0.2601
1627185163689000,1,3189.77560000,0.2601
1627185163693000,1,0.00006259,0.2601
1627185163796000,1,1275.83120000,0.2601
1627185164022000,1,1275.83120000,0.2600
1627185164712000,1,2676.49946783,0.2595
1627185194839000,0,2233.00000000,0.2598
1627185292528000,1,1244.50106000,0.2596
1627185372019000,1,1241.92410000,0.2583
1627185372027000,1,0.00009037,0.2583
1627185372694000,1,1241.92410000,0.2583
1627185372765000,1,0.00009037,0.2583
1627185372765000,1,1243.71950963,0.2583
1627185473185000,0,1819.00000000,0.2585
1627185475221000,1,2108.00000000,0.2585
1627185514365000,1,1500.00000000,0.2586
1627185556960000,0,952.00000000,0.2588
1627185624228000,0,830.00000000,0.2589
1627185719707000,0,997.00000000,0.2593
1627185756917000,0,581.75060000,0.2594
1627185756927000,0,70.24940000,0.2594
1627185814221000,1,1164.29063000,0.2595
1627185869484000,0,929.00000000,0.2596
1627186037808000,0,2758.00000000,0.2597
1627186099166000,0,1416.00000000,0.2601
1627186121015000,1,587.39470000,0.2601
1627186121364000,1,5000.00000000,0.2601
1627186121543000,1,19107.03600000,0.2601
1627186343816000,0,2022.00000000,0.2602
1627186381733000,1,1178.55534000,0.2601
1627186393359000,1,261.94790000,0.2598
1627186393361000,1,18800.00000000,0.2598
1627186393398000,1,144.07660000,0.2598
1627186393408000,1,139.65000000,0.2598
1627186393414000,1,142.98100000,0.2598
1627186393439000,1,11860.13550000,0.2598
1627186427571000,0,962.00000000,0.2598
1627186427571000,0,1748.50404001,0.2599
1627186475784000,0,141.00000000,0.2598
1627186513526000,1,1877.71035673,0.2596
1627186518359000,1,1318.08570000,0.2596
1627186518467000,1,104.71190000,0.2596
1627186519500000,1,2184.06272193,0.2596
1627186520793000,1,3862.79990000,0.2596
1627186520805000,1,3863.90170000,0.2596
1627186520833000,1,3892.30000000,0.2596
1627186520843000,1,1985.89344268,0.2596
1627186520879000,1,217.93730000,0.2596
1627186520879000,1,97.70470000,0.2596
1627186520886000,1,194.16280000,0.2596
1627186520941000,1,443.39847866,0.2596
1627186630412000,0,817.00000000,0.2589
1627186675747000,0,623.00000000,0.2593
1627186702841000,0,509.00000000,0.2599
1627186745921000,0,859.00000000,0.2600
1627186810165000,0,779.00000000,0.2601
1627186881660000,0,1136.00000000,0.2604
1627186883097000,0,351.25200000,0.2607
1627186883250000,0,15174.59260000,0.2607
1627186890428000,1,1299.92598000,0.2608
1627186890519000,1,1277.18299000,0.2608
1627186933077000,0,933.00000000,0.2611
1627186938477000,0,887.00000000,0.2613
1627186995102000,1,2000.00000000,0.2611
1627186996477000,1,129.20770000,0.2611
1627186996503000,1,626.72830000,0.2611
1627186996505000,1,92.84180000,0.2611
1627186996515000,1,3527.87487783,0.2611
1627186996587000,1,5952.77360274,0.2611
1627186996958000,1,1001.64820000,0.2611
1627186997036000,1,158.44180000,0.2611
1627186997159000,1,92.10160000,0.2611
1627187001755000,0,477.00000000,0.2614
1627187018014000,1,3272.39149000,0.2611
1627187042045000,1,706.30000000,0.2611
1627187047261000,0,968.99999999,0.2612
1627187110355000,1,1922.16062943,0.2611
1627187110355000,1,2417.83937057,0.2611
1627187113605000,1,3784.14393908,0.2611
1627187113666000,1,3003.57544162,0.2611
1627187117791000,1,160.67190000,0.2611
1627187117803000,1,99.13320000,0.2611
1627187117841000,1,126.77680000,0.2611
1627187117853000,1,3.70234873,0.2611
1627187118140000,1,694.70677650,0.2609
1627187141569000,0,340.00000000,0.2612
1627187172782000,0,1324.00000000,0.2612
1627187279143000,0,18000.00000000,0.2607
1627187279214000,0,1197.04781000,0.2607
1627187304098000,1,14517.34547000,0.2602
1627187348527000,0,2308.00000000,0.2606
1627187425606000,0,2001.00000000,0.2604
1627187465929000,0,580.00000000,0.2606
1627187540312000,0,1510.00000000,0.2609
1627187574976000,0,8691.00000000,0.2610
1627187595296000,0,709.00000000,0.2611
1627187669676000,0,603.00000000,0.2618
1627187676647000,1,1323.36677000,0.2619
1627187676725000,1,0.00000929,0.2619
1627187710112000,0,1027.00000000,0.2620
1627187736702000,0,13087.36677000,0.2621
1627187796528000,0,880.00000000,0.2619
1627187798680000,1,734.00000000,0.2619
1627187881340000,0,367.00000000,0.2618
1627187902170000,0,191.98645163,0.2621
1627187902170000,0,658.99999837,0.2621
1627187948453000,0,850.00000000,0.2621
1627188027971000,1,259.86486260,0.2620
1627188040354000,0,854.00000000,0.2623
1627188110571000,0,784.00000000,0.2624
1627188139187000,0,588.00000000,0.2624
1627188141171000,0,5610.01355000,0.2625
1627188141244000,0,6500.00000000,0.2625
1627188163843000,0,288.00000000,0.2625
1627188232735000,0,606.00000000,0.2624
1627188235386000,0,1975.00000000,0.2625
1627188304744000,0,1279.00000000,0.2624
1627188316791000,1,606.89640000,0.2622
1627188316839000,1,112.76570000,0.2622
1627188316854000,1,99.91530000,0.2622
1627188330947000,1,393.00600000,0.2621
1627188331057000,1,181.63340000,0.2621
1627188331257000,1,130.58880000,0.2621
1627188331340000,1,126.36830000,0.2621
1627188331340000,1,5320.39055997,0.2621
1627188331349000,1,184.73650000,0.2621
1627188331404000,1,2140.66076202,0.2621
1627188331424000,1,1665.50000000,0.2621
1627188331441000,1,232.44150000,0.2621
1627188340937000,1,98.86190000,0.2621
1627188341211000,1,2564.04456463,0.2621
1627188341248000,1,2369.81351175,0.2621
1627188341334000,1,447.37401438,0.2621
1627188341375000,1,994.16818725,0.2621
1627188341375000,1,560.46485560,0.2621
1627188341387000,1,3134.02108903,0.2621
1627188341395000,1,1048.50028434,0.2621
1627188341474000,1,1114.21342023,0.2621
1627188341686000,1,1618.63994196,0.2621
1627188351117000,1,19091.82006172,0.2621
1627188368964000,1,7642.11130000,0.2621
1627188369022000,1,0.00004712,0.2621
1627188420991000,0,539.00000000,0.2620
1627188481931000,0,1205.00000000,0.2621
1627188501469000,0,1331.00000000,0.2621
1627188647743000,0,1532.00000000,0.2622
1627188724135000,0,135.00000000,0.2622
1627188768844000,1,396.91378619,0.2621
1627188897959000,0,1213.00000000,0.2618
1627189078321000,0,1968.00000000,0.2619
1627189090681000,0,2981.00000000,0.2621
1627189090909000,0,2089.76510000,0.2622
1627189090957000,0,2405.78349055,0.2622
1627189091036000,0,11238.31497000,0.2622
1627189091125000,0,0.00000611,0.2622
1627189091125000,0,567.46519389,0.2624
1627189091203000,0,421.26610000,0.2624
1627189091219000,0,18611.90154000,0.2624
1627189091235000,0,95.43530000,0.2624
1627189091248000,0,335.33140000,0.2624
1627189091249000,0,1016.81880000,0.2624
1627189091250000,0,618.03560000,0.2624
1627189091276000,0,7551.37610273,0.2624
1627189328886000,0,779.00000000,0.2628
1627189366735000,0,114.59640000,0.2630
1627189378507000,1,3054.35230000,0.2628
1627189459810000,0,1529.00000000,0.2630
1627189494665000,1,18637.30400000,0.2627
1627189494770000,1,29150.65500000,0.2627
1627189512330000,1,2791.68541179,0.2624
1627189554733000,0,486.00000000,0.2627
1627189633940000,1,1444.75867557,0.2624
1627189634264000,1,775.38134267,0.2624
1627189672538000,0,2025.00000000,0.2624
1627189683251000,1,382.50870000,0.2621
1627189692392000,0,1680.15630956,0.2622
1627189867477000,0,2978.00000000,0.2619
1627189870185000,0,382.50870000,0.2619
1627189870190000,0,3116.49130000,0.2619
1627189997612000,0,1111.00000000,0.2618
1627190014313000,0,984.00000000,0.2620
1627190126218000,0,2188.00000000,0.2615
1627190139097000,0,2787.32724633,0.2618
1627190185901000,0,822.00000000,0.2615
1627190199717000,0,11704.09160000,0.2617
1627190199792000,0,6500.00000000,0.2617
1627190328574000,0,7500.00000000,0.2617
1627190329748000,0,580.00000000,0.2617
1627190359511000,0,842.00000000,0.2619
1627190396901000,1,8500.00000000,0.2615
1627190396909000,1,95.65020000,0.2615
1627190396957000,1,3038.14980000,0.2615
1627190400436000,1,12000.00000000,0.2615
1627190400482000,1,3500.00000000,0.2615
1627190418550000,1,175.08560000,0.2615
1627190418586000,1,213.60650000,0.2615
1627190418905000,1,115.39850000,0.2615
1627190425953000,1,7616.04940000,0.2615
1627190445766000,0,1789.00000000,0.2615
1627190475783000,0,889.00000000,0.2617
1627190562956000,0,545.00000000,0.2617
1627190605842000,1,2787.32724633,0.2615
1627190612631000,0,1109.25920000,0.2618
1627190612631000,0,599.74080000,0.2618
1627190612819000,0,16569.55230000,0.2619
1627190612831000,0,0.00000933,0.2619
1627190613451000,0,18800.00000000,0.2621
1627190613607000,0,8682.19080000,0.2621
1627190613702000,0,18800.00000000,0.2621
1627190613912000,0,223.65550000,0.2621
1627190613946000,0,18800.00000000,0.2621
1627190613954000,0,18800.00000000,0.2621
1627190613986000,0,141.22240000,0.2621
1627190614054000,0,163.72970000,0.2621
1627190614063000,0,369.25940000,0.2621
1627190614128000,0,422.66440000,0.2621
1627190614491000,0,262.83090000,0.2621
1627190614817000,0,112.95790000,0.2621
1627190614900000,0,1043.47070000,0.2621
1627190615047000,0,1469.88070000,0.2621
1627190615470000,0,10839.61365900,0.2621
1627190615542000,0,499.33600000,0.2621
1627190615582000,0,119.03090000,0.2621
1627190615597000,0,314.09980000,0.2621
1627190615644000,0,155.30500000,0.2621
1627190615670000,0,301.70170000,0.2621
1627190615699000,0,532.56190000,0.2621
1627190615805000,0,23500.00000000,0.2621
1627190617306000,1,1965.27840000,0.2623
1627190643708000,1,915.00000000,0.2618
1627190643710000,1,7168.12140000,0.2616
1627190649994000,1,12106.85020000,0.2615
1627190650046000,1,4230.59985000,0.2615
1627190685509000,1,1260.82510000,0.2611
1627190685510000,1,95.22510000,0.2611
1627190685524000,1,286.55540000,0.2611
1627190693237000,1,1045.00000000,0.2607
1627190788115000,0,825.00000000,0.2600
1627190803894000,0,1053.00000000,0.2601
1627190819816000,0,572.00000000,0.2601
1627190823410000,0,10500.00000000,0.2603
1627190845887000,0,694.00000000,0.2604
1627190848152000,0,139.65000000,0.2604
1627190848157000,0,1041.35000000,0.2604
1627190868510000,0,588.02010000,0.2610
1627190942596000,0,669.00000000,0.2604
1627190996172000,0,2741.25977311,0.2609
1627191060721000,0,558.00000000,0.2609
1627191130189000,1,37600.00000000,0.2609
1627191130196000,1,18800.00000000,0.2609
1627191130352000,1,1619.84569249,0.2609
1627191147856000,0,1831.00000000,0.2609
1627191201157000,1,20376.75015000,0.2615
1627191201443000,1,1147.70680000,0.2615
1627191221339000,1,0.00005000,0.2615
1627191221339000,1,740.21635000,0.2615
1627191221464000,1,122.13360000,0.2615
1627191221488000,1,96.34660000,0.2615
1627191221524000,1,139.65000000,0.2615
1627191221590000,1,113.88030000,0.2615
1627191221665000,1,150.63230000,0.2615
1627191228155000,0,1264.00000000,0.2615
1627191232509000,1,1249.32700000,0.2615
1627191262996000,0,689.00000000,0.2616
1627191270251000,0,847.00000000,0.2617
1627191376489000,0,1699.00000000,0.2618
1627191510491000,0,1657.00000000,0.2617
1627191579509000,0,329.00000000,0.2619
1627191665201000,0,845.00000000,0.2619
1627191705415000,0,1005.00000000,0.2621
1627191741170000,0,328.24290000,0.2622
1627191741322000,0,531.75710000,0.2622
1627191828206000,0,1194.00000000,0.2621
1627191980881000,0,776.00000000,0.2615
1627191989659000,1,1603.21792596,0.2611
1627191990417000,1,411.54852476,0.2611
1627192027828000,0,857.00000000,0.2613
1627192095634000,1,317.19730000,0.2608
1627192143113000,0,2970.00000000,0.2609
1627192166463000,0,917.00000000,0.2611
1627192198671000,0,317.19730000,0.2613
1627192198755000,0,139.65000000,0.2613
1627192219860000,0,756.00000000,0.2612
1627192386357000,0,1303.00000000,0.2611
1627192406519000,0,1185.00000000,0.2612
1627192443729000,0,543.00000000,0.2615
1627192447074000,0,1471.00000000,0.2615
1627192478285000,1,1586.05354000,0.2613
1627192532944000,0,19154.90654000,0.2612
1627192542107000,1,14127.15300000,0.2611
1627192556365000,1,139.65000000,0.2611
1627192557149000,1,5000.00000000,0.2611
1627192563259000,1,19166.75939092,0.2611
1627192565566000,1,4375.99160908,0.2611
1627192600305000,0,3135.00000000,0.2610
1627192725568000,0,2411.00000000,0.2611
1627192756086000,0,0.00000249,0.2612
1627192756086000,0,2017.99999751,0.2613
1627192763403000,0,1969.00000000,0.2614
1627192843592000,0,254.00000000,0.2611
1627192896388000,0,374.00000000,0.2621
1627192899232000,0,683.00000000,0.2621
1627193090045000,0,307.00000000,0.2624
1627193090154000,0,500.00000000,0.2626
1627193090154000,0,1500.00000000,0.2626
1627193090374000,0,18800.00000000,0.2626
1627193122916000,0,2055.00000000,0.2629
1627193140098000,1,447.84070000,0.2627
1627193140100000,1,141.36380000,0.2627
1627193143949000,1,282.51330462,0.2622
1627193186455000,0,1156.00000000,0.2626
1627193238498000,0,806.00000000,0.2628
1627193299875000,0,1247.00000000,0.2627
1627193372487000,0,664.00000000,0.2627
1627193484343000,0,757.00000000,0.2630
1627193487235000,0,589.20450000,0.2631
1627193487290000,0,139.65000000,0.2631
1627193487404000,0,1162.14550000,0.2631
1627193533879000,1,16393.46024000,0.2627
1627193537240000,1,528.31600000,0.2624
1627193537249000,1,745.46780000,0.2624
1627193537254000,1,109.17470000,0.2624
1627193537264000,1,162.25690000,0.2624
1627193537312000,1,10037.98271140,0.2623
1627193537312000,1,3861.63018860,0.2623
1627193537348000,1,0.00007708,0.2623
1627193537372000,1,239.89530000,0.2623
1627193537447000,1,1305.32019472,0.2623
1627193537557000,1,1545.21540000,0.2622
1627193537585000,1,0.00009472,0.2622
1627193537652000,1,10037.98271140,0.2621
1627193537652000,1,3861.63018860,0.2621
1627193537799000,1,3890.81821907,0.2621
1627193570305000,0,361.00000000,0.2620
1627193601019000,0,1001.00000000,0.2620
1627193686244000,0,1484.00000000,0.2621
1627193765839000,0,452.00000000,0.2622
1627193784189000,0,1949.00000000,0.2624
1627193787858000,0,1614.00000000,0.2625
1627193826303000,0,1481.52270000,0.2625
1627193826305000,0,17580.68750000,0.2625
1627193826346000,0,109.17570000,0.2625
1627193826356000,0,483.85260000,0.2625
1627193826367000,0,132.05260000,0.2625
1627193826373000,0,2741.25970000,0.2625
1627193826374000,0,929.84940000,0.2625
1627193856331000,0,290.00000000,0.2632
1627193857605000,0,15837.02194000,0.2633
1627193900208000,0,191.25033000,0.2634
1627193900269000,0,617.00000000,0.2635
1627194060756000,0,1362.00000000,0.2638
1627194060797000,1,139.65000000,0.2638
1627194060838000,1,2458.66300000,0.2638
1627194060856000,1,41500.00000000,0.2638
1627194061092000,1,39.68700000,0.2638
1627194069582000,1,3924.71565909,0.2634
1627194096186000,1,4778.46130000,0.2634
1627194096369000,1,0.00004091,0.2634
1627194096369000,1,18799.99995909,0.2634
1627194122427000,0,778.00000000,0.2635
1627194141643000,1,612.06850000,0.2634
1627194141683000,1,199.57520000,0.2634
1627194141701000,1,557.41463000,0.2634
1627194141702000,1,113.39780000,0.2634
1627194141819000,1,292.71550000,0.2634
1627194141844000,1,139.84280000,0.2634
1627194141871000,1,229.79530000,0.2634
1627194142050000,1,110.24040000,0.2634
1627194184562000,1,436.41360000,0.2634
1627194184656000,1,3422.71120000,0.2634
1627194184656000,1,3776.11748988,0.2634
1627194184979000,1,603.14982835,0.2634
1627194185200000,1,3447.08079268,0.2634
1627194224979000,0,1042.00000000,0.2628
1627194225376000,1,2741.25977311,0.2626
1627194231170000,0,2496.27630000,0.2631
1627194332368000,0,1434.00000000,0.2626
1627194409037000,0,876.00000000,0.2627
1627194474243000,0,2717.57972834,0.2628
1627194602384000,0,1790.00000000,0.2627
1627194670388000,0,1445.00000000,0.2628
1627194672107000,1,2588.00000000,0.2629
1627194879071000,0,523.00000000,0.2630
1627194891044000,0,824.00000000,0.2631
1627194962666000,0,411.00000000,0.2630
1627195154834000,0,2812.00000000,0.2624
1627195224890000,0,1440.19749371,0.2625
1627195254042000,0,1836.00000000,0.2625
1627195359866000,0,1667.97832215,0.2625
1627195360301000,1,2086.16238656,0.2623
1627195395045000,0,2029.00000000,0.2624
1627195436187000,0,75.73064921,0.2628
1627195460746000,0,2609.00000000,0.2631
1627195516997000,1,5735.33873619,0.2633
1627195523347000,0,75.48075099,0.2636
1627195644588000,0,75.63279112,0.2631
1627195715013000,0,75.69032405,0.2629
1627195764486000,1,450.65240000,0.2626
1627195764507000,1,804.37000000,0.2626
1627195764536000,1,261.27160000,0.2626
1627195764571000,1,1720.22938955,0.2626
1627195764586000,1,238.77820000,0.2626
1627195764654000,1,157.91000000,0.2626
1627195764706000,1,316.34940000,0.2626
1627195764791000,1,292.04630000,0.2626
1627195821087000,0,2521.37790000,0.2628
1627195841539000,0,75.73929590,0.2627
1627195897119000,0,2054.00000000,0.2628
1627195916698000,0,75.69320299,0.2629
1627195928919000,0,731.00000000,0.2628
1627196000760000,0,75.71624243,0.2628
1627196046194000,0,829.00000000,0.2628
1627196072872000,0,75.69320299,0.2629
1627196073249000,0,813.30670000,0.2629
1627196073266000,0,0.00009701,0.2629
1627196127284000,0,615.00000000,0.2629
1627196142557000,0,75.65579379,0.2630
1627196174979000,0,9000.49874870,0.2631
1627196221137000,0,75.66442340,0.2630
1627196225395000,0,888.33557000,0.2630
1627196288755000,0,674.00000000,0.2630
1627196292119000,0,2146.00000000,0.2630
1627196342161000,0,75.54952355,0.2634
1627196411640000,0,75.55812893,0.2634
1627196471564000,0,1052.00000000,0.2634
1627196479525000,1,3675.92781056,0.2632
1627196489679000,0,75.51512161,0.2635
1627196558784000,0,1556.00000000,0.2633
1627196562382000,0,974.00000000,0.2634
1627196645937000,1,4000.00000000,0.2632
1627196668779000,0,853.00000000,0.2633
1627196796995000,1,202.77280000,0.2632
1627196797014000,1,3021.10000000,0.2632
1627196797051000,1,6328.54140000,0.2632
1627196797054000,1,18800.00000000,0.2632
1627196797148000,1,2545.18635896,0.2632
1627196797466000,1,99.86190000,0.2632
1627196820075000,1,19808.23254104,0.2632
1627196820075000,1,19256.05500000,0.2632
1627196892283000,0,4228.00000000,0.2631
1627197003263000,0,302.63470000,0.2634
1627197003336000,0,148.36530000,0.2634
1627197017400000,0,139.65000000,0.2636
1627197081526000,0,794.00000000,0.2637
1627197118138000,1,4000.00000000,0.2635
1627197145406000,0,1371.00000000,0.2634
1627197255168000,0,1152.00000000,0.2636
1627197256246000,0,15532.29904000,0.2638
1627197311218000,0,1822.00000000,0.2642
1627197331155000,1,15928.41728000,0.2638
1627197373096000,0,1864.00000000,0.2637
1627197434879000,0,1769.00000000,0.2640
1627197453700000,0,1147.98526682,0.2640
1627197499742000,0,1342.00000000,0.2642
1627197530024000,0,4066.70955047,0.2642
1627197540459000,1,104.04680000,0.2644
1627197558562000,1,0.00009863,0.2644
1627197558562000,1,5641.28258468,0.2644
1627197559348000,1,97.84680000,0.2644
1627197588772000,1,139.65000000,0.2644
1627197588861000,1,1519.80680000,0.2644
1627197588880000,1,144.53800000,0.2644
1627197588942000,1,259.93581000,0.2644
1627197589223000,1,0.00000532,0.2644
1627197593864000,0,3000.00000000,0.2644
1627197593864000,0,4700.00000000,0.2644
1627197593864000,0,3000.22600000,0.2644
1627197593864000,0,64.35480865,0.2644
1627197622332000,1,3766.64691000,0.2640
1627197623502000,1,3148.17273227,0.2640
1627197623534000,1,1866.41549769,0.2640
1627197623577000,1,1840.00000000,0.2640
1627197623595000,1,2020.00000000,0.2640
1627197623672000,1,3201.34086004,0.2640
1627197635060000,0,1654.00000000,0.2640
1627197692253000,0,1521.00000000,0.2640
1627197724561000,1,446.96910000,0.2637
1627197724630000,1,120.78790000,0.2637
1627197724682000,1,1272.69310000,0.2637
1627197724718000,1,0.00007789,0.2637
1627197724718000,1,325.87382211,0.2637
1627197838654000,0,1544.00000000,0.2630
1627197839159000,0,14500.00000000,0.2631
1627197870896000,0,1333.00000000,0.2631
1627197928624000,0,906.00000000,0.2632
1627197932777000,0,1853.86920000,0.2633
1627198001388000,0,867.00000000,0.2632
1627198049353000,0,139.65000000,0.2633
1627198049446000,0,1078.35000000,0.2633
1627198159559000,0,867.00000000,0.2633
1627198201264000,0,125.00000000,0.2635
1627198266433000,0,850.00000000,0.2636
1627198407613000,0,4700.00000000,0.2639
1627198407613000,0,4500.00000000,0.2639
1627198407613000,0,18958.15104466,0.2639
1627198407613000,0,11819.62655583,0.2640
1627198462637000,0,2095.00000000,0.2638
1627198494987000,0,1300.00000000,0.2640
1627198505537000,0,1034.00000000,0.2640
1627198557124000,0,985.00000000,0.2643
1627198589639000,1,110.59220000,0.2641
1627198589736000,1,207.30370000,0.2641
1627198589744000,1,159.11200000,0.2641
1627198608429000,1,128.26310000,0.2641
1627198632347000,0,1282.00000000,0.2642
1627198684149000,1,1793.17311056,0.2641
1627198715146000,1,865.36950000,0.2641
1627198715205000,1,177.49570000,0.2641
1627198759849000,1,878.98320000,0.2641
1627198759860000,1,329.89560000,0.2641
1627198759985000,1,741.60000000,0.2641
1627198828399000,0,2757.00000000,0.2642
1627198852359000,1,4342.44336924,0.2641
1627198865608000,1,1503.08380000,0.2641
1627198865684000,1,4941.78003076,0.2641
1627198865684000,1,346.54774930,0.2641
1627198866005000,1,2334.60000000,0.2641
1627198871625000,1,142.25800000,0.2641
1627198871637000,1,630.11820000,0.2641
1627198871637000,1,94.20540000,0.2641
1627198871652000,1,133.56200000,0.2641
1627198871662000,1,906.48050000,0.2641
1627198871716000,1,5720.56372178,0.2641
1627198871716000,1,426.49340000,0.2641
1627198871723000,1,95.55430000,0.2641
1627198871724000,1,3918.66973591,0.2641
1627198871726000,1,5174.15099301,0.2641
1627198872071000,1,1409.30994901,0.2637
1627198872098000,1,116.99479731,0.2637
1627198872098000,1,3641.00520269,0.2637
1627198872136000,1,3763.88090000,0.2637
1627198872191000,1,678.58467822,0.2637
1627198872192000,1,3995.29073923,0.2637
1627198872218000,1,4268.11688741,0.2637
1627198873083000,1,2443.19073161,0.2637
1627198887844000,0,1896.00000000,0.2640
1627198892741000,0,2323.00000000,0.2640
1627198906519000,0,3901.21868140,0.2641
1627198939655000,0,2569.77060000,0.2643
1627198995144000,0,189.00000000,0.2643
1627198998941000,0,305.00000000,0.2643
1627199088089000,1,3000.00000000,0.2643
1627199109658000,0,1520.00000000,0.2645
1627199293089000,0,2677.00000000,0.2645
1627199431362000,1,5000.00000000,0.2643
1627199431362000,1,2500.00000000,0.2643
1627199499651000,0,2648.00000000,0.2644
1627199682373000,0,1902.00000000,0.2642
1627199785438000,0,2645.00000000,0.2643
1627199878625000,0,1040.00000000,0.2644
1627199943910000,1,1291.00000000,0.2643
1627199944030000,1,139.65000000,0.2643
1627199946993000,1,467.12850000,0.2643
1627199955586000,1,143.44220000,0.2643
1627199956212000,1,3752.16138237,0.2643
1627199956310000,1,381.32860000,0.2643
1627199958208000,1,96.44190000,0.2643
1627199958251000,1,175.91740000,0.2643
1627199975280000,0,1264.25860000,0.2643
1627199975375000,0,1062.74140000,0.2643
1627199987852000,0,139.65000000,0.2643
1627199988678000,0,2476.35000000,0.2643
1627199988777000,0,18800.00000000,0.2644
1627200059671000,1,1494.06910000,0.2643
1627200059674000,1,351.19930000,0.2643
1627200059674000,1,122.45600000,0.2643
1627200059682000,1,1166.30150000,0.2643
1627200059682000,1,219.33680000,0.2643
1627200059699000,1,341.97650000,0.2643
1627200059762000,1,3819.30000000,0.2643
1627200059762000,1,11199.45481763,0.2643
1627200059762000,1,7600.54518237,0.2643
1627200059762000,1,3868.51068489,0.2643
1627200059827000,1,3807.44279999,0.2643
1627200060924000,1,139.65000000,0.2643
1627200071005000,0,662.00000000,0.2643
1627200071005000,0,18925.39691488,0.2644
1627200071005000,0,18012.60308512,0.2645
1627200071007000,0,3000.00000000,0.2644
1627200071107000,0,912.31430000,0.2645
1627200071297000,0,11614.69470000,0.2644
1627200071298000,0,7310.70221488,0.2644
1627200080640000,1,670.49730000,0.2643
1627200102737000,0,746.00000000,0.2643
1627200149815000,0,1135.00000000,0.2645
1627200208623000,0,1453.00000000,0.2644
1627200211793000,0,0.00006526,0.2645
1627200211793000,0,2352.30363474,0.2647
1627200211808000,0,147.69636526,0.2647
1627200211808000,0,153.98713474,0.2647
1627200211827000,0,18904.06867010,0.2647
1627200211827000,0,780.95613346,0.2648
1627200211828000,0,18125.83776102,0.2648
1627200211828000,0,1423.67117162,0.2648
1627200211845000,0,304.06660000,0.2647
1627200211860000,0,659.30640000,0.2647
1627200212388000,0,549.12249551,0.2650
1627200212388000,0,113.73155730,0.2650
1627200213380000,1,1886.01800000,0.2648
1627200213385000,1,246.81650000,0.2648
1627200213398000,1,120.25060000,0.2648
1627200253799000,0,450.06430000,0.2651
1627200253887000,0,127.93500000,0.2651
1627200253904000,0,0.00070000,0.2651
1627200265839000,1,1905.76567000,0.2652
1627200266095000,1,0.00000743,0.2652
1627200290672000,0,16005.16834000,0.2652
1627200311013000,1,4500.00000000,0.2651
1627200311013000,1,4781.06040000,0.2650
1627200311058000,1,1247.22780000,0.2651
1627200311060000,1,180.60612861,0.2651
1627200311068000,0,3569.59422788,0.2651
1627200311096000,1,4500.00006377,0.2650
1627200327795000,0,777.00000000,0.2650
1627200766811000,0,1543.00000000,0.2648
1627200776648000,1,4226.00000000,0.2650
1627200795413000,0,1500.00000000,0.2649
1627200795698000,0,2132.00000000,0.2650
1627200877263000,1,9952.32200000,0.2651
1627200913603000,1,27826.08067000,0.2649
1627200913700000,1,499.75930000,0.2649
1627200967839000,0,1399.00000000,0.2651
1627200971388000,0,3344.00000000,0.2651
1627201055718000,1,0.00003000,0.2649
1627201055736000,1,18800.00000000,0.2649
1627201055764000,1,3000.00000000,0.2649
1627201055764000,1,61.57390000,0.2649
1627201280680000,0,3000.00000000,0.2640
1627201301654000,0,1427.83390000,0.2640
1627201301687000,0,739.16610000,0.2640
1627201442341000,0,2675.00000000,0.2641
1627201483711000,0,271.00000000,0.2642
1627201560575000,1,369.28873060,0.2641
1627201583140000,0,2068.00000000,0.2644
1627201677027000,1,127.93500000,0.2640
1627201677402000,1,12336.81300000,0.2640
1627201789514000,0,2658.00000000,0.2642
1627201885870000,1,6106.63713647,0.2639
1627201894504000,1,782.48700000,0.2639
1627201895943000,1,650.30620000,0.2639
1627201896524000,1,2537.50008291,0.2639
1627201898770000,1,1525.00000000,0.2639
1627201900445000,1,807.81750000,0.2639
1627201900483000,1,218.21200000,0.2639
1627201900497000,1,1514.94308062,0.2639
1627201901812000,1,981.53675070,0.2639
1627201902115000,1,3605.93119300,0.2639
1627201902145000,1,515.14624180,0.2639
1627201902266000,1,1112.59891788,0.2639
1627201902307000,1,3784.50000000,0.2639
1627201902401000,1,5315.66294387,0.2639
1627201903306000,1,3831.72741938,0.2639
1627201903341000,1,9567.27653337,0.2639
1627202077140000,0,1226.00000000,0.2634
1627202085744000,0,1836.00000000,0.2636
1627202085812000,0,622.82270000,0.2636
1627202275078000,0,783.00000000,0.2634
1627202360316000,0,1853.00000000,0.2635
1627202531562000,0,848.00000000,0.2638
1627202729772000,1,1810.62950000,0.2633
1627202746740000,1,398.40000000,0.2633
1627202747980000,1,9618.00000000,0.2633
1627202752114000,1,10661.17150000,0.2633
1627202752114000,1,2380.16325707,0.2633
1627202752462000,1,3588.76310301,0.2633
1627202753783000,1,5626.50652229,0.2633
1627202753885000,1,23578.42111763,0.2633
1627202778028000,1,106.07430000,0.2627
1627202778616000,1,151.26513355,0.2625
1627202778852000,1,377.85498912,0.2624
1627202828793000,1,144.92480343,0.2620
1627202828793000,1,255.19539657,0.2620
1627202828814000,1,107.07790000,0.2620
1627202829208000,1,145.00995834,0.2619
1627202829208000,1,362.27332866,0.2619
1627202833334000,1,145.00990000,0.2617
1627202833441000,1,0.00005834,0.2617
1627202833441000,1,346.44714166,0.2616
1627202833486000,1,0.00010218,0.2616
1627202833549000,1,362.27330000,0.2615
1627202833728000,1,0.00002866,0.2615
1627202833728000,1,1695.37836254,0.2615
1627202834310000,1,4226.00000000,0.2611
1627202852120000,0,1467.00260000,0.2619
1627202852508000,0,314.76700000,0.2619
1627202852859000,0,79.23040000,0.2619
1627202852859000,0,11434.13641810,0.2620
1627202855296000,0,302.66470000,0.2620
1627202855396000,0,139.65000000,0.2620
1627202856013000,0,1176.68530000,0.2620
1627202856660000,1,457.00000000,0.2621
1627202868720000,1,428.00000000,0.2626
1627202990229000,0,119.93540000,0.2619
1627202990535000,0,160.52340000,0.2619
1627203023911000,0,5000.00000000,0.2619
1627203023911000,0,2267.14942160,0.2619
1627203286587000,0,417.00000000,0.2627
1627203598001000,0,1565.00000000,0.2629
1627203614488000,0,663.00000000,0.2632
1627203884196000,0,2668.00000000,0.2631
1627203907667000,1,1000.00000000,0.2631
1627203982875000,1,5224.85140000,0.2629
1627203982946000,1,7500.00000000,0.2629
1627203983010000,1,6000.00000000,0.2629
1627203983185000,1,3349.86560000,0.2629
1627203987972000,1,10650.13440000,0.2628
1627203990949000,1,5500.00000000,0.2628
1627203991034000,1,8500.00000000,0.2628
1627204096560000,1,1668.66320000,0.2628
1627204096623000,1,139.65000000,0.2628
1627204097690000,1,18800.00000000,0.2628
1627204098563000,1,360.95990000,0.2628
1627204098577000,1,110.54190000,0.2628
1627204099794000,1,175.19340000,0.2628
1627204099844000,1,105.05830000,0.2628
1627204099891000,1,145.37800000,0.2628
1627204104053000,1,221.95450000,0.2628
1627204104198000,1,127.00910000,0.2628
1627204104761000,1,343.25640000,0.2628
1627204104829000,1,92.25940000,0.2628
1627204106755000,1,15887.98250000,0.2628
1627204341750000,0,4493.55368947,0.2623
1627204344999000,0,4780.00000000,0.2623
1627204436785000,0,2233.00000000,0.2623
1627204481152000,0,480.00000000,0.2624
1627204542710000,0,4700.00000000,0.2617
1627204545324000,1,4700.00000000,0.2614
1627204545324000,1,3000.00000000,0.2614
1627204545324000,1,147.00098591,0.2614
1627204545324000,1,4700.00000000,0.2614
1627204545324000,1,147.02570688,0.2614
1627204545324000,1,147.04818770,0.2614
1627204545324000,1,252.13726082,0.2613
1627204545324000,1,16375.00361214,0.2613
1627204545324000,1,3000.22600000,0.2613
1627204545324000,1,7509.33584704,0.2613
1627204550162000,0,570.00000000,0.2618
1627204552115000,0,950.00000000,0.2618
1627204569296000,0,4700.00000000,0.2616
1627204572006000,0,1556.20935978,0.2616
1627204574731000,0,3000.00000000,0.2616
1627204574731000,0,4700.00000000,0.2616
1627204574786000,0,4500.00000000,0.2616
1627204580289000,0,15818.17000000,0.2616
1627204582501000,0,849.00000000,0.2616
1627204582581000,0,849.00000000,0.2616
1627204592431000,0,2909.38360000,0.2618
1627204592438000,0,274.31840000,0.2618
1627204592446000,0,318.50770000,0.2618
1627204592451000,0,540.57660000,0.2618
1627204592460000,0,15072.72970000,0.2618
1627204592468000,0,0.00005910,0.2618
1627204592493000,0,106.93140000,0.2619
1627204592568000,0,1004.51630000,0.2619
1627204595443000,0,202.86000000,0.2622
1627204596577000,0,4.14000000,0.2622
1627204615155000,1,194.06360000,0.2626
1627204621804000,1,1665.00000000,0.2624
1627204643006000,0,592.00000000,0.2628
1627204668911000,0,446.88000000,0.2629
1627204737922000,1,16500.00000000,0.2624
1627204737970000,1,24699.95300000,0.2624
1627204738122000,1,294.25009715,0.2623
1627204738156000,1,735.65880000,0.2622
1627204738158000,1,0.00007633,0.2622
1627204738158000,1,2447.39712367,0.2621
1627204738314000,1,735.65887000,0.2621
1627204738435000,1,294.25000000,0.2621
1627204738436000,1,0.00009715,0.2621
1627204738436000,1,735.65870285,0.2621
1627204739059000,1,735.65887633,0.2617
1627204748385000,0,1067.00000000,0.2624
1627204797564000,0,1154.00000000,0.2624
1627204829917000,0,1392.00000000,0.2626
1627204910123000,1,959.19306560,0.2620
1627204910513000,1,13516.46593440,0.2620
1627204925606000,0,4700.00000000,0.2621
1627204928944000,0,2009.00000000,0.2620
1627204945330000,0,500.00000000,0.2621
1627204990339000,0,1978.00000000,0.2626
1627205014982000,0,364.00000000,0.2626
1627205024989000,0,364.00000000,0.2627
1627205025122000,0,19050.20762770,0.2627
1627205025159000,0,3000.00000000,0.2627
1627205046847000,0,500.00000000,0.2626
1627205046847000,0,4700.00000000,0.2626
1627205046847000,0,952.00000000,0.2626
1627205046847000,0,1686.37226400,0.2627
1627205052186000,0,1640.52000000,0.2626
1627205080279000,0,122.00000000,0.2626
1627205080279000,0,19052.73000000,0.2626
1627205111278000,0,0.00566151,0.2626
1627205111278000,0,1760.99433849,0.2626
1627205111357000,0,0.00566151,0.2626
1627205179733000,0,153.17780000,0.2627
1627205179752000,0,806.82220000,0.2627
1627205398096000,1,10666.68800000,0.2624
1627205398368000,1,15500.00000000,0.2623
1627205407834000,0,1105.00000000,0.2625
1627205408983000,0,139.65000000,0.2624
1627205408988000,0,1817.35000000,0.2624
1627205499502000,1,98.21180000,0.2626
1627205499502000,1,275.76400000,0.2626
1627205499506000,1,577.02420000,0.2626
1627205499577000,1,93.27710000,0.2626
1627205549954000,0,876.00000000,0.2626
1627205583059000,0,140.14000000,0.2627
1627205612978000,0,1756.00000000,0.2627
1627205656304000,1,14119.48000000,0.2626
1627205670716000,0,467.25290000,0.2626
1627205671005000,0,494.74000000,0.2626
1627205671112000,0,0.00710000,0.2626
1627205792783000,1,381.51610000,0.2626
1627205792796000,1,195.71950000,0.2626
1627205792806000,1,157.37930000,0.2626
1627205792812000,1,5644.04634375,0.2626
1627205792827000,1,169.50150000,0.2626
1627205792830000,1,140.21930000,0.2626
1627205792830000,1,157.45860000,0.2626
1627205792837000,1,108.53335625,0.2626
1627205792845000,1,0.00600000,0.2626
1627205793357000,1,311.47759967,0.2623
1627205828134000,0,12152.63000000,0.2622
1627205828190000,0,6924.75254109,0.2622
1627205828190000,0,4700.00000000,0.2622
1627205885995000,0,717.69772618,0.2622
1627205886018000,0,717.69772618,0.2622
1627205905619000,0,2542.00000000,0.2622
1627205905666000,0,125.81910000,0.2623
1627205905677000,0,112.94470000,0.2623
1627205905898000,0,4492.78794419,0.2624
1627206017708000,0,963.03050000,0.2628
1627206017778000,0,1242.96950000,0.2628
1627206018009000,0,1314.60750000,0.2630
1627206018022000,0,796.70310000,0.2630
1627206018554000,0,242.89465720,0.2631
1627206038815000,1,950.00000000,0.2629
1627206186736000,0,1620.00000000,0.2627
1627206263737000,0,887.00000000,0.2627
1627206296905000,1,6698.46387000,0.2626
1627206297001000,1,5009.65413000,0.2626
1627206318251000,1,4700.00000000,0.2625
1627206318251000,1,3000.00000000,0.2625
1627206318251000,1,951.00000000,0.2624
1627206318251000,1,19040.04356986,0.2624
1627206318251000,1,1015.05161096,0.2624
1627206318251000,1,405.98354539,0.2624
1627206318251000,1,16638.45328779,0.2623
1627206318251000,1,18312.69700000,0.2623
1627206318251000,1,2639.65681720,0.2623
1627206318251000,1,19041.23230102,0.2623
1627206318251000,1,3000.22600000,0.2623
1627206318251000,1,86238.07000000,0.2622
1627206318251000,1,7341.00000000,0.2621
1627206318251000,1,10765.75032700,0.2621
1627206356434000,0,524.00000000,0.2628
1627206400887000,1,407.91470000,0.2626
1627206400898000,1,0.00006408,0.2626
1627206400898000,1,950.99993592,0.2626
1627206400949000,1,752.39590000,0.2626
1627206419040000,0,551.00000000,0.2626
1627206466884000,0,4700.00000000,0.2626
1627206522282000,0,1915.00000000,0.2626
1627206571310000,0,2251.00000000,0.2626
1627206668582000,0,1451.00000000,0.2626
1627206668627000,1,433.73401000,0.2626
1627206668642000,1,0.00000622,0.2626
1627206677945000,0,16552.38000000,0.2626
1627206677952000,0,0.00227103,0.2626
1627206746918000,0,1796.00000000,0.2626
1627206760965000,0,16370.13111447,0.2627
1627206795321000,0,713.00000000,0.2628
1627206818010000,0,4700.00000000,0.2628
1627206818064000,0,3000.00000000,0.2628
1627206945813000,0,1866.00000000,0.2629
1627207034346000,1,5708.12400000,0.2626
1627207055434000,0,118.09000000,0.2628
1627207055822000,0,1491.91000000,0.2628
1627207058531000,0,1717.00000000,0.2628
1627207107069000,1,4700.00000000,0.2626
1627207147959000,1,7000.00000000,0.2625
1627207148013000,1,7000.00000000,0.2625
1627207148129000,1,1850.29477000,0.2625
1627207177779000,0,1535.00000000,0.2626
1627207204228000,0,19049.86000000,0.2626
1627207211430000,0,0.00141904,0.2626
1627207211430000,0,915.99858096,0.2626
1627207211456000,0,0.00141904,0.2626
1627207227714000,0,556.00000000,0.2627
1627207227714000,0,19044.22000000,0.2627
1627207270077000,0,0.00602688,0.2627
1627207270077000,0,1325.99397312,0.2627
1627207270113000,0,0.00602688,0.2627
1627207286355000,0,239.00000000,0.2628
1627207334815000,0,1481.00000000,0.2629
1627207404118000,0,19041.92000000,0.2627
1627207404163000,0,0.00699337,0.2627
1627207427702000,0,637.00000000,0.2627
1627207509948000,0,1843.00000000,0.2628
1627207569534000,0,1385.00000000,0.2631
1627207654046000,0,581.00000000,0.2630
1627207661003000,0,1234.00000000,0.2631
1627207742034000,0,775.00000000,0.2630
1627207783170000,1,32431.57800000,0.2629
1627207783170000,1,13117.61509000,0.2629
1627207783579000,1,558.50610000,0.2629
1627207783604000,1,134.88070000,0.2629
1627207783653000,1,91.91320000,0.2629
1627207783680000,1,156.38110000,0.2629
1627207783681000,1,119.62950000,0.2629
1627207783684000,1,126.34410000,0.2629
1627207783714000,1,159.02840000,0.2629
1627207783733000,1,145.56500000,0.2629
1627207783746000,1,1363.89881000,0.2629
1627207812033000,0,1450.00000000,0.2631
1627207842675000,0,489.00000000,0.2632
1627207950886000,0,2868.46000000,0.2633
1627207994910000,0,687.00000000,0.2634
1627208145531000,0,1028.00000000,0.2635
1627208263310000,0,3579.00000000,0.2633
1627208391218000,0,19019.02866627,0.2631
1627208391218000,0,1525.99133373,0.2631
1627208391225000,0,0.00866627,0.2631
1627208447761000,0,14161.57000000,0.2631
1627208468733000,0,1063.00000000,0.2631
1627208468733000,0,5940.65000000,0.2631
1627208486125000,0,805.24800000,0.2631
1627208492216000,0,19020.21000000,0.2631
1627208494626000,0,0.00940326,0.2631
1627208494626000,0,19020.21059674,0.2631
1627208494627000,0,0.00880652,0.2631
1627208504042000,0,1383.00000000,0.2632
1627208530714000,0,706.00000000,0.2631
1627208638418000,0,1444.00000000,0.2631
1627208653202000,0,1036.00000000,0.2631
1627208683597000,0,683.00000000,0.2631
1627208690450000,0,614.00000000,0.2631
1627208928341000,0,1239.00000000,0.2632
1627208999539000,1,354.36440000,0.2630
1627208999551000,1,559.85361488,0.2630
1627209145639000,0,2064.42000000,0.2625
1627209145641000,0,354.36440000,0.2625
1627209146205000,0,2651.00000000,0.2626
1627209149905000,0,3213.00000000,0.2626
1627209197605000,0,335.00000000,0.2627
1627209243566000,0,1063.09000000,0.2630
1627209243566000,0,212.35000000,0.2630
1627209263505000,0,17751.77583826,0.2630
1627209263505000,0,619.99416174,0.2630
1627209263564000,0,0.00583826,0.2630
1627209273578000,0,19027.21583826,0.2630
1627209273578000,0,1175.99416174,0.2630
1627209273617000,0,0.00583826,0.2630
1627209310858000,1,368.83310000,0.2628
1627209310903000,1,139.65000000,0.2628
1627209312048000,1,570.60200000,0.2628
1627209312056000,1,102.35320000,0.2628
1627209312070000,1,188.77290000,0.2628
1627209312151000,1,108.28770000,0.2628
1627209312296000,1,112.79180000,0.2628
1627209312702000,1,10724.99000000,0.2628
1627209312908000,1,0.00630000,0.2628
1627209312908000,1,19263.93370000,0.2627
1627209312947000,1,0.00230000,0.2627
1627209577962000,0,1451.64070000,0.2622
1627209577967000,0,226.11070000,0.2622
1627209578050000,0,3990.24860000,0.2622
1627209580801000,0,3449.00000000,0.2621
1627209633294000,0,195.00000000,0.2624
1627209922865000,0,1867.88000000,0.2615
1627209922865000,0,38.12000000,0.2615
1627209937575000,1,226.11070000,0.2612
1627209958177000,0,3173.00000000,0.2613
1627210087192000,0,1518.00000000,0.2607
1627210100778000,0,108290.52000000,0.2607
1627210102900000,0,2702.00000000,0.2608
1627210203266000,0,1551.00000000,0.2605
1627210208123000,0,139.65000000,0.2605
1627210208280000,0,1202.35000000,0.2605
1627210316777000,1,139.65000000,0.2603
1627210321096000,1,302.11150000,0.2603
1627210321190000,1,14869.64550000,0.2603
1627210371499000,0,310.12470000,0.2605
1627210372617000,0,147.04510000,0.2605
1627210372640000,0,122.27640000,0.2605
1627210372726000,0,850.55380000,0.2605
1627210426070000,0,1813.00000000,0.2606
1627210449701000,0,3694.00000000,0.2606
1627210687166000,0,5533.00000000,0.2606
1627210747773000,1,938.40611689,0.2604
1627210752181000,0,19229.78000000,0.2604
1627210752233000,0,0.00876671,0.2604
1627210787039000,1,5789.12682650,0.2604
1627210788470000,1,2427.00000000,0.2604
1627210788518000,1,282.65650000,0.2604
1627210788616000,1,8057.64567350,0.2604
1627210788894000,1,3341.00000000,0.2604
1627210791087000,1,9699.10000000,0.2604
1627210799919000,1,20574.46000000,0.2604
1627210799927000,1,0.00900000,0.2604
1627210832054000,0,1424.92000000,0.2604
1627210836844000,0,1805.00000000,0.2604
1627210908056000,0,360.54500000,0.2605
1627210908063000,0,224.06420000,0.2605
1627210908082000,0,156.31760000,0.2605
1627210908094000,0,173.15170000,0.2605
1627210908096000,0,324.08210000,0.2605
1627210908103000,0,250.83940000,0.2605
1627210908153000,0,959.52710000,0.2606
1627210910184000,1,2296.00000000,0.2606
1627211101796000,1,959.00000000,0.2604
1627211101930000,1,16740.83940000,0.2603
1627211131272000,1,457.00000000,0.2602
1627211135275000,1,389.00000000,0.2602
1627211167938000,0,139.65000000,0.2603
1627211169928000,0,2902.35000000,0.2603
1627211238742000,0,2071.00000000,0.2607
1627211249105000,0,2212.00000000,0.2607
1627211390546000,0,505.00000000,0.2605
1627211666331000,0,2761.00000000,0.2606
1627211725460000,0,2697.00000000,0.2609
1627211825063000,1,2192.35690000,0.2606
1627211825274000,1,6654.00000000,0.2606
1627211833301000,1,139.65000000,0.2606
1627211836813000,1,699.78010000,0.2606
1627211863983000,0,2145.00000000,0.2606
1627211888262000,1,9994.15000000,0.2603
1627211896703000,1,9670.93000000,0.2603
1627211904505000,0,1307.00000000,0.2604
1627211972832000,0,1103.00000000,0.2603
1627211976368000,1,617.00000000,0.2604
1627212011227000,0,419.00000000,0.2608
1627212089507000,1,2721.73800000,0.2601
1627212091817000,1,4257.07700000,0.2601
1627212103960000,0,1053.00000000,0.2603
1627212175968000,1,115.38017000,0.2600
1627212176018000,1,0.00000769,0.2600
1627212176018000,1,1212.80482231,0.2600
1627212176188000,1,787.19517769,0.2600
1627212177344000,1,764.94700000,0.2596
1627212177354000,1,248.39680479,0.2596
1627212177354000,1,158.28549521,0.2595
1627212212553000,0,2105.00000000,0.2595
1627212255752000,0,652.00000000,0.2594
1627212293726000,0,962.00000000,0.2597
1627212293739000,0,209.62920000,0.2597
1627212294245000,0,17030.99834363,0.2598
1627212295300000,0,705.00000000,0.2597
1627212384602000,0,1165.00000000,0.2596
1627212534736000,0,2064.00000000,0.2593
1627212540783000,0,2924.00000000,0.2593
1627212645849000,0,926.00000000,0.2591
1627212671106000,0,1323.00000000,0.2592
1627212677336000,0,182.28000000,0.2593
1627212680010000,0,566.44000000,0.2593
1627212680641000,0,744.80000000,0.2593
1627212681536000,0,88.67040000,0.2593
1627212699978000,0,1.80960000,0.2593
1627212782805000,0,951.00000000,0.2596
1627212821485000,0,1426.00000000,0.2598
1627212922620000,1,705.00000000,0.2592
1627212968625000,0,1052.00000000,0.2593
1627213021378000,0,2500.00000000,0.2596
1627213021378000,0,267.88781014,0.2596
1627213165756000,0,1825.00000000,0.2596
1627213200614000,1,249443.72000000,0.2599
1627213201114000,1,14129.36000000,0.2599
1627213201237000,1,26294.69000000,0.2599
1627213201645000,1,25126.38000000,0.2599
1627213201681000,1,25929.72916105,0.2599
1627213342874000,1,3803.00000000,0.2596
1627213342878000,1,399.37240000,0.2596
1627213342883000,1,156.77310000,0.2596
1627213343023000,1,133.26150000,0.2596
1627213343058000,1,3104.91700000,0.2596
1627213358820000,0,689.40700000,0.2596
1627213358875000,0,3590.59300000,0.2596
1627213463708000,0,1337.00000000,0.2596
1627213513100000,0,1091.00000000,0.2596
1627213562509000,0,8864.68391689,0.2599
1627213618202000,0,796.00000000,0.2599
1627213692260000,0,1052.00000000,0.2601
1627213785647000,1,2688.12162120,0.2601
1627213786064000,1,4754.09437880,0.2601
1627213786064000,1,21181.68562120,0.2601
1627213807365000,1,0.00837880,0.2601
1627213966931000,0,1465.00000000,0.2594
1627214219619000,0,3349.00000000,0.2590
1627214243815000,1,557.67351130,0.2586
1627214243956000,1,234.10353630,0.2586
1627214312914000,0,3098.00000000,0.2585
1627214444136000,1,116.27450000,0.2580
1627214444178000,1,0.00006300,0.2580
1627214479334000,0,1131.00000000,0.2581
1627214525685000,0,968.00000000,0.2583
1627214525685000,0,1484.00000000,0.2583
1627214525734000,1,4000.00000000,0.2583
1627214525782000,1,3010.78170000,0.2583
1627214525807000,1,218.44850000,0.2583
1627214527547000,1,1272.82970000,0.2583
1627214527554000,1,108.91790000,0.2583
1627214527583000,1,207.62950000,0.2583
1627214527643000,1,9712.27880000,0.2583
1627214527730000,1,0.00002690,0.2583
1627214545778000,1,193.48332000,0.2578
1627214691503000,0,1654.00000000,0.2580
1627214691630000,0,969.00000000,0.2581
1627214809959000,0,2960.00000000,0.2581
1627214894339000,0,2534.00000000,0.2583
1627215016897000,0,2195.60730000,0.2580
1627215016994000,0,6444.39270000,0.2580
1627215016994000,0,1210.00000000,0.2580
1627215029851000,0,1691.00000000,0.2582
1627215070219000,0,395.00000000,0.2584
1627215103257000,1,4700.00000000,0.2582
1627215103257000,1,967.00000000,0.2582
1627215103257000,1,873.36389891,0.2582
1627215103257000,1,3000.00000000,0.2582
1627215103257000,1,5000.00000000,0.2582
1627215103257000,1,793.34349397,0.2582
1627215103257000,1,944.97372861,0.2581
1627215117791000,0,784.00000000,0.2585
1627215125187000,0,966.00000000,0.2586
1627215125327000,0,139.65000000,0.2586
1627215125744000,0,455.20500000,0.2586
1627215216880000,0,2422.00000000,0.2581
1627215220922000,0,782.08480000,0.2581
1627215221878000,0,1526.91000000,0.2581
1627215221981000,0,0.00520000,0.2581
1627215323814000,0,534.00000000,0.2586
1627215325348000,0,287.00000000,0.2586
1627215401817000,0,709.00000000,0.2586
1627215472368000,0,1667.00000000,0.2587
1627215477406000,0,150.00000000,0.2587
1627215492189000,0,786.00000000,0.2588
1627215516311000,0,263.62000000,0.2589
1627215516728000,0,5.38000000,0.2589
1627215544338000,1,937.88029000,0.2587
1627215544491000,1,785.51830000,0.2587
1627215647846000,0,740.00000000,0.2586
1627215687136000,0,2917.00000000,0.2587
1627215730300000,0,843.00000000,0.2588
1627215777357000,0,1044.00000000,0.2587
1627215879594000,0,1134.97657844,0.2584
1627215879699000,0,1656.02342156,0.2584
1627215911112000,0,1384.00000000,0.2583
1627215961705000,0,918.00000000,0.2585
1627216008844000,0,1500.00000000,0.2587
1627216030715000,0,2300.00000000,0.2587
1627216140117000,0,594.63407929,0.2583
1627216182515000,0,875.00000000,0.2583
1627216204143000,0,851.00000000,0.2585
1627216242918000,0,481.00000000,0.2587
1627216256276000,0,4700.00000000,0.2588
1627216256276000,0,3000.00000000,0.2588
1627216256276000,0,4700.00000000,0.2589
1627216256276000,0,919.00000000,0.2589
1627216256276000,0,966.00000000,0.2589
1627216256276000,0,19331.94306809,0.2589
1627216256276000,0,2418.00000000,0.2590
1627216256276000,0,3000.22600000,0.2590
1627216256276000,0,16427.48996065,0.2590
1627216256276000,0,19324.30268276,0.2590
1627216256276000,0,29000.04436494,0.2591
1627216256276000,0,4548.37710821,0.2591
1627216256276000,0,86480.15144649,0.2591
1627216276122000,0,1420.00000000,0.2590
1627216276122000,0,2418.00000000,0.2590
1627216276122000,0,965.00000000,0.2590
1627216276122000,0,5000.00000000,0.2591
1627216276122000,0,3836.89065575,0.2591
1627216276122000,0,3000.22600000,0.2591
1627216276122000,0,19323.89694233,0.2591
1627216276122000,0,5703.29850225,0.2591
1627216302336000,0,192.00000000,0.2592
1627216416094000,1,15926.58000000,0.2589
1627216416113000,1,0.00158376,0.2589
1627216562096000,1,3000.00000000,0.2587
1627216562327000,1,5000.00000000,0.2587
1627216562568000,1,2582.22933000,0.2586
1627216562743000,1,458.29610600,0.2586
1627216562790000,1,634.36115100,0.2586
1627216562792000,1,1044.36622442,0.2586
1627216636579000,0,4281.00000000,0.2587
1627216694114000,0,1044.00000000,0.2587
1627216768401000,0,15060.65400000,0.2585
1627216768401000,0,1355.99600000,0.2585
1627216768760000,0,0.00400000,0.2585
1627216849617000,0,1983.00000000,0.2584
1627217098498000,0,3110.00000000,0.2578
1627217145101000,0,1958.00000000,0.2578
1627217181138000,0,2782.00000000,0.2581
1627217229933000,0,798.00000000,0.2582
1627217229933000,0,1032.45759429,0.2582
1627217255170000,1,1052.50070000,0.2578
1627217283765000,0,977.00000000,0.2576
1627217333216000,0,771.00000000,0.2579
1627217337918000,1,1082.44094000,0.2578
1627217392442000,0,1852.00000000,0.2576
1627217440748000,0,1157.00000000,0.2577
1627217468633000,0,284.93420000,0.2578
1627217503559000,0,693.00000000,0.2580
1627217505857000,0,491.00000000,0.2580
1627217589218000,0,964.00000000,0.2579
1627217832576000,0,5704.71678842,0.2575
1627217832586000,0,5704.71678842,0.2575
1627217839013000,0,2261.00000000,0.2575
1627217955315000,0,3781.00000000,0.2574
1627217962642000,0,193.94850000,0.2576
1627217962660000,0,143.81800000,0.2576
1627217962808000,0,4529.23000000,0.2576
1627217991978000,0,18500.00000000,0.2576
1627217992045000,0,5861.92100000,0.2576
1627217992045000,0,8559.59300000,0.2576
1627218011603000,0,360.00000000,0.2579
1627218025364000,0,721.78780000,0.2579
1627218025375000,0,182.42880000,0.2579
1627218025378000,0,64.78340000,0.2579
1627218025378000,0,124.21730000,0.2580
1627218025387000,0,91.97590000,0.2580
1627218025396000,0,84.80680000,0.2580
1627218025396000,0,11.96720000,0.2580
1627218025407000,0,144.33070000,0.2580
1627218026823000,1,5500.07306000,0.2579
1627218026866000,1,5000.00000000,0.2579
1627218026910000,1,3372.90215000,0.2579
1627218191027000,0,843.00000000,0.2581
1627218191142000,0,5000.00000000,0.2581
1627218191142000,0,13800.00000000,0.2581
1627218191143000,0,18800.00000000,0.2581
1627218222093000,1,1096.45830000,0.2580
1627218368938000,0,1258.00000000,0.2580
1627218370927000,0,1682.00000000,0.2579
1627218508963000,0,629.00000000,0.2581
1627218785690000,0,3137.00000000,0.2576
1627218822839000,0,296.20000000,0.2576
1627218848839000,1,18800.00000000,0.2574
1627218872813000,1,667.60610000,0.2571
1627218873475000,1,139.65000000,0.2570
1627218874624000,1,102.28820000,0.2570
1627218874698000,1,102.91850000,0.2570
1627218874809000,1,164.05910000,0.2570
1627218874841000,1,139.16130000,0.2570
1627218874858000,1,441.44550000,0.2570
1627218874950000,1,121.06105758,0.2570
1627218876055000,1,194.20650000,0.2568
1627218881792000,0,2969.00000000,0.2570
1627218891658000,1,819.68739000,0.2571
1627218922736000,0,368.00000000,0.2573
1627218931354000,0,1038.00000000,0.2574
1627218931354000,0,1500.00000000,0.2574
1627218931354000,0,17825.13900000,0.2574
1627218931354000,0,8779.54100000,0.2574
1627218931387000,0,0.00500000,0.2574
1627218931387000,0,1500.00000000,0.2574
1627218957017000,0,140.42710000,0.2577
1627218982583000,0,165.19870000,0.2577
1627218982588000,0,444.80130000,0.2577
1627218993255000,0,1318.00000000,0.2577
1627219163770000,1,0.00000988,0.2568
1627219177568000,0,1004.10289878,0.2566
1627219181934000,1,500.00000000,0.2563
1627219183208000,1,165.19870000,0.2563
1627219184357000,1,439.05412871,0.2563
1627219189911000,0,364.49490000,0.2561
1627219192275000,0,1782.22470000,0.2564
1627219192418000,0,1501.34020000,0.2563
1627219192688000,0,1485.65980000,0.2563
1627219216251000,0,205654.93000000,0.2562
1627219254999000,1,818.71894670,0.2562
1627219282917000,0,783.98471437,0.2564
1627219282986000,0,1165.01528563,0.2564
1627219317050000,0,415.00000000,0.2566
1627219327214000,1,4021.94212698,0.2564
1627219482598000,1,117.18290000,0.2560
1627219506778000,1,2712.15800000,0.2558
1627219506783000,1,287.84200000,0.2558
1627219507210000,1,667.17464385,0.2558
1627219507210000,1,667.21633282,0.2558
1627219507210000,1,1667.96266402,0.2558
1627219507300000,1,4700.00000000,0.2555
1627219507300000,1,17941.18975772,0.2555
1627219529683000,0,1845.67660000,0.2560
1627219534384000,0,525.32000000,0.2560
1627219550647000,1,1845.67660000,0.2559
1627219550667000,1,3154.32340000,0.2559
1627219550667000,1,1688.18346639,0.2559
1627219550882000,1,949.99999999,0.2558
1627219659212000,0,4574.00000000,0.2555
1627219672923000,0,460.00000000,0.2555
1627219718588000,1,705.51948071,0.2550
1627219718588000,1,1429.89235224,0.2550
1627219718617000,1,333.80966518,0.2550
1627219719067000,1,336.42102117,0.2548
1627219719098000,1,369.09845954,0.2548
1627219719098000,1,399.70197709,0.2548
1627219744688000,0,139.65000000,0.2547
1627219744695000,0,1816.35000000,0.2547
1627219759270000,0,632.35370000,0.2551
1627219759284000,0,156.86430000,0.2551
1627219759407000,0,874.78200000,0.2551
1627219838142000,0,2964.00000000,0.2556
1627219905084000,1,1036.47118000,0.2559
1627219905102000,1,0.00000779,0.2559
1627219905570000,1,1036.47118779,0.2557
1627219905570000,1,2544.64486286,0.2557
1627219905609000,1,450.71113898,0.2557
1627219905639000,1,1369.14494941,0.2557
1627219905654000,1,2372.28703341,0.2557
1627219905654000,1,200.23166659,0.2557
1627219936285000,1,851.39689755,0.2551
1627219940482000,0,614.00000000,0.2554
1627219965753000,1,994.56803616,0.2550
1627220021625000,0,349.00000000,0.2548
1627220043472000,0,820.30060000,0.2549
1627220045663000,0,1345.00000000,0.2549
1627220128498000,0,521.00000000,0.2556
1627220198583000,0,1361.00000000,0.2558
1627220261538000,0,1399.00000000,0.2557
1627220480851000,0,1835.00000000,0.2553
1627220584388000,1,1071.65982485,0.2556
1627220584388000,1,2678.56307515,0.2556
1627220585162000,1,1071.65982000,0.2555
1627220585232000,1,0.00000485,0.2555
1627220585232000,1,2678.56311515,0.2555
1627220604885000,0,2349.00000000,0.2555
1627220615177000,0,3083.00000000,0.2555
1627220654935000,1,977.00000000,0.2555
1627220699834000,0,4700.00000000,0.2558
1627220741364000,0,978.00000000,0.2559
1627220743622000,0,275.00000000,0.2559
1627220883235000,0,1877.00000000,0.2559
1627220966481000,0,2058.00000000,0.2559
1627220972982000,0,1580.00000000,0.2559
1627221024225000,0,1191.00000000,0.2560
1627221027538000,1,699.00000000,0.2560
1627221099344000,0,583.00000000,0.2564
1627221110632000,0,399.00000000,0.2565
1627221162284000,0,536.00000000,0.2566
1627221164660000,1,331.00000000,0.2567
1627221174472000,1,1343.86127000,0.2566
1627221236182000,0,146.00000000,0.2569
1627221240894000,1,4500.00000000,0.2570
1627221240945000,1,19444.22250000,0.2569
1627221251351000,0,146.00000000,0.2570
1627221255087000,0,468.00000000,0.2570
1627221281418000,1,0.00000313,0.2569
1627221384251000,0,1741.00000000,0.2569
1627221483863000,1,3628.43000000,0.2567
1627221509535000,1,325.30000000,0.2565
1627221509586000,1,584.75678803,0.2565
1627221509604000,1,334.14564181,0.2565
1627221628912000,0,1704.00000000,0.2557
1627221686086000,1,1000.00000000,0.2555
1627221686130000,1,286.60068000,0.2555
1627221734136000,1,1000.00000000,0.2555
1627221734220000,1,274.24460000,0.2555
1627221734228000,1,373.17040000,0.2555
1627221734239000,1,906.33740000,0.2555
1627221734257000,1,6497.60000000,0.2555
1627221734262000,1,115.86680000,0.2555
1627221734278000,1,165.64360000,0.2555
1627221734283000,1,196581.58720000,0.2555
1627221752041000,0,434.00000000,0.2556
1627221851806000,0,455.00000000,0.2554
1627221859777000,0,1380.26280000,0.2554
1627221859877000,0,423.73720000,0.2554
1627221962107000,0,436.00000000,0.2554
1627221988182000,1,217.83084860,0.2551
1627222195904000,1,1008.69817298,0.2542
1627222196134000,1,1582.00000000,0.2542
1627222196134000,1,1008.69817298,0.2540
1627222196134000,1,126.88155536,0.2540
1627222210159000,0,2320.00000000,0.2545
1627222216209000,0,2125.00000000,0.2547
1627222261275000,1,457.00000000,0.2553
1627222387300000,0,324.59590000,0.2547
1627222394163000,1,449.87473000,0.2545
1627222397027000,0,445.07688682,0.2547
1627222401076000,0,589.16057528,0.2547
1627222455822000,0,266.32730000,0.2546
1627222455901000,0,918.67270000,0.2547
1627222455903000,0,266.32730000,0.2547
1627222456167000,0,4627.25639279,0.2548
1627222456233000,0,667.53052970,0.2548
1627222457081000,0,3723.58029186,0.2550
1627222457257000,0,2011.38273238,0.2550
1627222473201000,1,500.00000000,0.2549
1627222473201000,1,15518.54341000,0.2548
1627222491456000,1,4577.00000000,0.2550
1627222491879000,1,4577.00000000,0.2550
1627222492559000,1,404.00000000,0.2550
1627222524141000,0,1535.00000000,0.2549
1627222524622000,1,457.00000000,0.2550
1627222525046000,1,457.00000000,0.2550
1627222526012000,0,844.00000000,0.2549
1627222687743000,1,445.07371150,0.2552
1627222694231000,1,166.14040000,0.2552
1627222694361000,1,1596.37710105,0.2551
1627222694361000,1,1596.66469895,0.2551
1627222694808000,0,440.57422716,0.2552
1627222695032000,1,4700.00000000,0.2548
1627222729704000,0,4700.00000000,0.2548
1627222729704000,0,981.00000000,0.2548
1627222729704000,0,5000.00000000,0.2548
1627222729704000,0,1038.00000000,0.2548
1627222729704000,0,10830.38150357,0.2549
1627222779345000,1,457.00000000,0.2545
1627222793571000,1,457.00000000,0.2544
1627222793923000,1,410.00000000,0.2544
1627222805834000,0,1774.00000000,0.2546
1627222805883000,0,379.62850000,0.2546
1627222805897000,0,467.13040000,0.2546
1627222805928000,0,307.01640000,0.2547
1627222808250000,1,1531.00000000,0.2548
1627222935580000,0,1146.00000000,0.2543
1627222949739000,1,118.10550000,0.2540
1627222989271000,0,1475.00000000,0.2542
1627223047829000,0,715.00000000,0.2541
1627223076006000,1,5000.00000000,0.2541
1627223224813000,1,440.56922710,0.2542
1627223228584000,0,435.72421789,0.2544
1627223277027000,0,879.00000000,0.2542
1627223293261000,0,1207.00000000,0.2545
1627223344198000,1,500.00000000,0.2541
1627223384027000,0,550.00000000,0.2540
1627223405809000,1,11532.79093000,0.2540
1627223518163000,1,18800.00000000,0.2545
1627223518173000,1,832.52390000,0.2545
1627223518216000,1,0.00009258,0.2545
1627223566390000,0,836.00000000,0.2545
1627223648626000,0,377.00000000,0.2547
1627223679616000,0,1220.00000000,0.2545
1627223680348000,0,16604.21866000,0.2546
1627223726615000,0,629.00000000,0.2546
1627223760954000,1,1355.92870000,0.2546
1627223806692000,0,1461.00000000,0.2546
1627223891039000,1,9127.21857000,0.2540
1627223968985000,0,1926.00000000,0.2542
1627224021623000,0,483.00000000,0.2545
1627224202726000,0,1748.00000000,0.2544
1627224286451000,0,1301.00000000,0.2546
1627224428802000,0,3212.00000000,0.2541
1627224559086000,1,1644.94293000,0.2541
1627224559185000,1,0.00000585,0.2541
1627224630964000,0,885.00000000,0.2543
1627224863791000,0,1133.00000000,0.2549
1627224920111000,0,2925.00000000,0.2549
1627224976916000,0,190.03700000,0.2552
1627224978385000,0,429.96300000,0.2552
1627225114846000,0,2517.00000000,0.2556
1627225197467000,0,1116.00000000,0.2562
1627225199570000,1,196.00000000,0.2562
1627225221208000,0,303.00000000,0.2560
1627225257078000,0,247.00000000,0.2564
1627225260285000,0,357.00000000,0.2564
1627225279014000,0,475.00000000,0.2569
1627225283921000,1,190.03700000,0.2568
1627225283957000,1,461.06910000,0.2568
1627225284022000,1,139.65000000,0.2568
1627225284064000,1,342.92870000,0.2568
1627225284087000,1,505.17074708,0.2568
1627225284265000,1,3190.52801876,0.2567
1627225342489000,0,445.00000000,0.2570
1627225359161000,0,282.00000000,0.2569
1627225366582000,0,582.16850000,0.2572
1627225397424000,0,696.00000000,0.2572
1627225466734000,0,939.00000000,0.2574
1627225631900000,0,3070.00000000,0.2570
1627225649233000,1,182.88690000,0.2572
1627225734185000,0,182.88690000,0.2573
1627225737778000,0,514.00000000,0.2573
1627225796651000,0,933.00000000,0.2570
1627225890018000,0,2281.00000000,0.2571
1627225972288000,1,692.15066460,0.2568
1627226021203000,0,1201.00000000,0.2570
1627226041108000,0,1233.00000000,0.2570
1627226067148000,0,1636.00000000,0.2571
1627226089544000,1,450.00000000,0.2568
1627226117030000,0,1313.00000000,0.2569
1627226117731000,0,633.15780000,0.2571
1627226117746000,0,5000.00000000,0.2572
1627226118836000,0,4700.00000000,0.2576
1627226224242000,1,1000.00000000,0.2568
1627226224242000,1,11000.00000000,0.2568
1627226224335000,0,139.65000000,0.2568
1627226224585000,1,1088.14664062,0.2567
1627226224677000,1,500.00000000,0.2567
1627226224680000,1,1045.27500000,0.2567
1627226224684000,1,98.01000000,0.2567
1627226224692000,1,146.14540000,0.2567
1627226224737000,1,120.50800000,0.2567
1627226224772000,1,338.21730000,0.2567
1627226224778000,1,161.70360000,0.2567
1627226224858000,1,310.50730155,0.2567
1627226225098000,1,1088.49396652,0.2567
1627226225098000,1,480.75800465,0.2566
1627226225780000,1,1088.49396652,0.2563
1627226226338000,1,633.15132950,0.2562
1627226226459000,1,1628.00000000,0.2562
1627226247428000,0,1792.00000000,0.2565
1627226306909000,0,882.00000000,0.2567
1627226347698000,0,445.76090852,0.2567
1627226447729000,0,1120.00000000,0.2560
1627226470969000,0,201.78180000,0.2560
1627226470969000,0,394.70150000,0.2560
1627226470974000,0,127.75480000,0.2560
1627226470981000,0,164.57950000,0.2560
1627226470985000,0,178.18240000,0.2560
1627226475307000,0,1020.20080000,0.2560
1627226475308000,0,1706.79920000,0.2560
1627226559339000,0,517.00000000,0.2557
1627226572264000,0,693.00000000,0.2559
1627226604155000,0,803.00000000,0.2565
1627226703749000,0,1461.00000000,0.2559
1627226836839000,0,1003.00000000,0.2556
1627226840344000,0,600.00000000,0.2556
1627226863805000,1,806.50816856,0.2554
1627226891769000,0,740.00000000,0.2555
1627226892612000,0,15985.63000000,0.2557
1627226892641000,0,2874.34000000,0.2557
1627226950840000,0,2041.00000000,0.2556
1627226956216000,0,4606.58657000,0.2560
1627226989399000,1,11506.75584000,0.2557
1627227025921000,1,1087.44013335,0.2553
1627227026146000,1,1087.44013335,0.2552
1627227077043000,0,571.00000000,0.2551
1627227078225000,0,164.00000000,0.2551
1627227181576000,0,1109.00000000,0.2550
1627227185452000,0,4500.00000000,0.2551
1627227185452000,0,19610.18313000,0.2551
1627227196998000,0,0.00000017,0.2551
1627227196998000,0,357.91629983,0.2553
1627227222241000,0,392.00000000,0.2554
1627227255578000,0,1564.00000000,0.2555
1627227255711000,0,3950.29350000,0.2555
1627227277565000,0,369.33406267,0.2559
1627227310882000,0,985.00000000,0.2560
1627227385206000,1,1137.85134000,0.2555
1627227408528000,1,1126.96593000,0.2554
1627227458910000,0,92.22870000,0.2554
1627227458911000,0,672.77130000,0.2554
1627227461234000,0,1416.00000000,0.2554
1627227542170000,0,266.00000000,0.2559
1627227542171000,0,18800.00000000,0.2559
1627227542351000,0,433.72140000,0.2560
1627227542384000,0,107.17920000,0.2560
1627227542404000,0,4066.46368871,0.2560
1627227542573000,0,11512.92524000,0.2561
1627227542889000,1,2847.52520000,0.2562
1627227544193000,1,455.00000000,0.2563
1627227765739000,0,733.00000000,0.2560
1627227800391000,0,382.13041805,0.2565
1627227803361000,0,830.86000000,0.2565
1627227803398000,0,0.00958195,0.2565
1627227806921000,0,1674.00000000,0.2565
1627227919456000,0,654.00000000,0.2566
1627227989489000,0,877.00000000,0.2571
1627228004276000,0,567.00130000,0.2573
1627228004276000,0,1475.44240000,0.2573
1627228004276000,0,305.45230000,0.2573
1627228004278000,0,1489.70651875,0.2573
1627228049009000,0,486.00000000,0.2579
1627228113079000,1,1267.31353698,0.2578
1627228113261000,1,969.00000000,0.2577
1627228113261000,1,111.58250000,0.2577
1627228113355000,1,3000.00000000,0.2577
1627228289204000,0,2470.00000000,0.2575
1627228305171000,0,90.16000000,0.2576
1627228320660000,0,10578.82200000,0.2576
1627228362963000,0,1934.00000000,0.2575
1627228383214000,0,720.00000000,0.2575
1627228457281000,0,1842.00000000,0.2576
1627228469864000,0,6466.21000000,0.2577
1627228469933000,0,2587.94000000,0.2577
1627228564110000,0,1311.00000000,0.2570
1627228610672000,1,500.00000000,0.2563
1627228610672000,1,1236.35580000,0.2563
1627228610682000,1,0.00000670,0.2563
1627228610682000,1,5000.00000000,0.2563
1627228610710000,1,94.18890000,0.2562
1627228610716000,1,495.38300000,0.2562
1627228610721000,1,130.86500000,0.2562
1627228610725000,1,163.40610000,0.2562
1627228610726000,1,100.13590000,0.2562
1627228610739000,1,485.78710000,0.2562
1627228610740000,1,1620.97897685,0.2562
1627228610740000,1,500.00000000,0.2562
1627228610786000,1,362.13640000,0.2562
1627228610786000,1,4341.04000000,0.2562
1627228610787000,1,199.29090000,0.2562
1627228610834000,1,139.65000000,0.2562
1627228610852000,1,625.00000000,0.2562
1627228610896000,1,2000.00000000,0.2562
1627228610896000,1,369.69585155,0.2562
1627228610896000,1,1236.35580670,0.2562
1627228611701000,1,4700.00000000,0.2556
1627228611701000,1,2701.64513747,0.2556
1627228611768000,1,395.91816755,0.2556
1627228611768000,1,841.08361826,0.2556
1627228647780000,0,1294.00000000,0.2563
1627228704528000,0,1770.00000000,0.2562
1627228712165000,0,1649.00000000,0.2564
1627228765197000,0,19503.76269997,0.2566
1627228765197000,0,101.99730003,0.2566
1627228868444000,0,4700.00000000,0.2555
1627228872247000,0,4700.00000000,0.2555
1627228894097000,1,1136.75630000,0.2553
1627228894182000,1,0.00005672,0.2553
1627228894492000,1,2841.51260000,0.2552
1627228924191000,0,2867.48000000,0.2554
1627228924208000,0,58.52000000,0.2554
1627228932686000,1,457.00000000,0.2554
1627228979782000,0,3886.93132878,0.2554
1627228990897000,0,1773.00000000,0.2555
1627229030442000,0,2485.30200000,0.2561
1627229035049000,0,11272.95300000,0.2561
1627229056135000,1,257.23730000,0.2558
1627229073236000,0,257.23730000,0.2560
1627229109560000,0,1940.00000000,0.2557
1627229114381000,0,21239.08000000,0.2558
1627229114467000,0,0.00400000,0.2558
1627229128182000,0,10461.04000000,0.2558
1627229128217000,0,0.00100000,0.2558
1627229302200000,0,1424.00000000,0.2554
1627229327293000,0,1135.00000000,0.2554
1627229349213000,0,681.00000000,0.2555
1627229369787000,0,2255.00000000,0.2555
1627229492013000,0,2278.00000000,0.2554
1627229671292000,0,1578.00000000,0.2552
1627229711365000,0,1778.00000000,0.2553
1627229733136000,0,545.00000000,0.2555
1627229852195000,0,938.00000000,0.2566
1627229872947000,1,170.05280000,0.2564
1627229872958000,1,110.89710000,0.2564
1627229873118000,1,1012.09894351,0.2563
1627229873118000,1,1695.89815649,0.2563
1627229873125000,1,144.08950000,0.2563
1627229873135000,1,391.08870000,0.2563
1627229873137000,1,298.89483686,0.2563
1627229873137000,1,1358.95456314,0.2563
1627229873146000,1,146.04790000,0.2563
1627229873153000,1,932.71840000,0.2563
1627229873286000,1,4140.24903918,0.2563
1627229873772000,1,1012.09894351,0.2560
1627229874377000,1,466.69315043,0.2559
1627229874641000,1,4700.00000000,0.2559
1627229944584000,0,1214.00000000,0.2557
1627229944718000,0,5046.74070000,0.2558
1627230005753000,0,18606.98460000,0.2561
1627230005820000,0,4401.63240000,0.2561
