timestamp ms,type,amount,price
1627430508859000,0,1055.00000000,0.2625
1627430551945000,0,2925.00000000,0.2626
1627430564702000,0,248.72810000,0.2630
1627430564838000,0,528.55890000,0.2630
1627430566143000,0,29715.94091693,0.2630
1627430600153000,1,4800.00000000,0.2631
1627430600224000,1,1384.34378000,0.2631
1627430601189000,1,4800.00000000,0.2631
1627430605474000,1,4800.00000000,0.2631
1627430611317000,1,4800.00000000,0.2631
1627430613053000,1,1371.32785000,0.2630
1627430613496000,1,1371.32785000,0.2630
1627430674805000,1,1270.56585698,0.2623
1627430674805000,1,3844.92222302,0.2623
1627430690131000,0,1500.00000000,0.2625
1627430690147000,0,14162.66300000,0.2625
1627430692244000,0,2371.00000000,0.2626
1627430696327000,1,891.88350000,0.2622
1627430787848000,0,1773.00000000,0.2620
1627430789782000,0,3125.00000000,0.2620
1627430850516000,0,1366.00000000,0.2619
1627430953355000,0,2611.00000000,0.2611
1627430990397000,0,46786.42600000,0.2610
1627430990397000,0,4799.99400000,0.2610
1627430990438000,0,0.00600000,0.2610
1627430996570000,0,16438.47400000,0.2610
1627430996570000,0,1815.99600000,0.2610
1627430996615000,0,0.00400000,0.2610
1627430999321000,0,2126.00000000,0.2610
1627431028733000,0,2466.00000000,0.2608
1627431054766000,0,145.00000000,0.2611
1627431134035000,0,2402.00000000,0.2608
1627431157110000,0,167.38720000,0.2611
1627431157140000,0,122.48290000,0.2611
1627431157241000,0,1311.12990000,0.2611
1627431252494000,0,1345.00000000,0.2610
1627431286764000,0,30983.66700000,0.2609
1627431286764000,0,3073.99300000,0.2609
1627431286819000,0,0.00700000,0.2609
1627431289249000,0,8236.16400000,0.2609
1627431293565000,1,289.87010000,0.2608
1627431341739000,0,2865.00000000,0.2610
1627431346470000,0,268.00000000,0.2610
1627431380181000,0,1539.00000000,0.2611
1627431451680000,0,1563.00000000,0.2608
1627431467533000,0,1583.00000000,0.2609
1627431555290000,0,1389.00000000,0.2607
1627431564846000,0,1766.00000000,0.2607
1627431640664000,0,497.64000000,0.2608
1627431642114000,0,2724.36000000,0.2608
1627431662852000,1,4789.33241000,0.2608
1627431666678000,0,15597.96917000,0.2609
1627431666753000,0,14545.43783000,0.2609
1627431666753000,0,8012.80400000,0.2609
1627431667064000,0,1097.00000000,0.2609
1627431745414000,0,2722.00000000,0.2611
1627431782487000,0,4800.00000000,0.2612
1627431784096000,1,690.50681000,0.2612
1627431784217000,1,0.00000365,0.2612
1627431834351000,0,506.00000000,0.2617
1627431875043000,0,2631.00000000,0.2618
1627431881699000,0,3087.00000000,0.2618
1627431886837000,0,11578.85000000,0.2620
1627431891549000,0,18286.35900000,0.2620
1627431910279000,0,324.00000000,0.2621
1627431914392000,0,4800.00000000,0.2622
1627431914392000,0,14709.72000000,0.2622
1627431914414000,0,0.00900000,0.2622
1627431924617000,0,348.00000000,0.2623
1627431962475000,0,140.14000000,0.2624
1627431962479000,0,2.86000000,0.2624
1627432072022000,0,1765.00000000,0.2618
1627432088279000,1,2284.84097772,0.2616
1627432088365000,1,139.65000000,0.2616
1627432088477000,1,787.00924228,0.2616
1627432137781000,0,1210.00000000,0.2609
1627432159770000,1,0.00000305,0.2608
1627432181341000,0,901.00000000,0.2603
1627432239765000,0,2171.00000000,0.2601
1627432281901000,0,3638.00000000,0.2604
1627432283400000,0,2210.00000000,0.2604
1627432286855000,0,9625.91000000,0.2605
1627432296254000,0,0.00900000,0.2605
1627432296254000,0,27396.84100000,0.2606
1627432315797000,0,0.00600000,0.2606
1627432329445000,0,917.00000000,0.2611
1627432391160000,0,139.65000000,0.2612
1627432391245000,0,1075.35000000,0.2612
1627432426255000,0,876.00000000,0.2614
1627432460039000,0,1627.00000000,0.2614
1627432513524000,0,1590.00000000,0.2613
1627432570101000,0,245.00000000,0.2614
1627432573373000,0,1337.00000000,0.2615
1627432644518000,0,1310.00000000,0.2609
1627432812067000,0,176.90830000,0.2605
1627432812191000,0,95.48240000,0.2605
1627432812221000,0,98.07400000,0.2605
1627432812242000,0,24397.18430000,0.2605
1627432812242000,0,50285.83300000,0.2605
1627432812242000,0,866.00000000,0.2605
1627432925146000,0,967.00000000,0.2600
1627432974505000,0,3451.00000000,0.2600
1627432988847000,0,4800.00000000,0.2602
1627432988847000,0,1560.30836919,0.2602
1627433031000000,1,4800.00000000,0.2599
1627433031079000,0,28080.62336000,0.2599
1627433032113000,0,0.00000864,0.2599
1627433033941000,0,973.00000000,0.2601
1627433059543000,0,2281.00000000,0.2604
1627433061215000,1,1830.00000000,0.2603
1627433068142000,1,1830.00000000,0.2601
1627433134553000,0,1158.00000000,0.2600
1627433254938000,1,370.46470000,0.2597
1627433375992000,1,547.19301821,0.2598
1627433412979000,0,1430.16064667,0.2599
1627433418261000,0,2802.12305409,0.2600
1627433419575000,0,906.23230000,0.2600
1627433419706000,0,522.84850000,0.2600
1627433419741000,0,11556.83463000,0.2600
1627433419808000,0,8383.52651591,0.2600
1627433420335000,0,1229.90000000,0.2600
1627433422209000,0,3120.10000000,0.2600
1627433422209000,0,427.59800000,0.2600
1627433438305000,0,49075.60100000,0.2600
1627433478938000,0,1772.00000000,0.2604
1627433542953000,0,1522.55567053,0.2608
1627433614631000,0,1336.00000000,0.2606
1627433654081000,1,540.36480000,0.2605
1627433674870000,0,2426.00000000,0.2606
1627433712050000,0,2120.00000000,0.2608
1627433712050000,0,9045.75300000,0.2608
1627433712050000,0,34029.25700000,0.2608
1627433728769000,1,507.63078104,0.2604
1627433730599000,1,498.84928000,0.2602
1627433730818000,1,5000.00000000,0.2602
1627433769631000,0,2100.00000000,0.2603
1627433809063000,0,521.00000000,0.2607
1627433814270000,1,490.76008000,0.2606
1627433823290000,0,0.00500000,0.2608
1627433823290000,0,759.60317096,0.2608
1627433826277000,0,873.39000000,0.2608
1627433826307000,0,0.00682904,0.2608
1627433881627000,1,472.46535000,0.2607
1627433881891000,1,472.46530000,0.2606
1627433939732000,0,1576.00000000,0.2607
1627433986824000,1,483.84509000,0.2604
1627433986956000,1,12000.00000000,0.2604
1627433987500000,1,3144.80709916,0.2603
1627433987500000,1,483.84508084,0.2603
1627434086182000,1,4800.00000000,0.2595
1627434092616000,1,440.34477000,0.2594
1627434112036000,1,438.39750360,0.2591
1627434112036000,1,438.39073640,0.2591
1627434112533000,1,1095.99375000,0.2591
1627434121047000,0,2157.70325058,0.2595
1627434121142000,0,695.47470000,0.2595
1627434121153000,0,119.20920000,0.2595
1627434121153000,0,189.29480000,0.2595
1627434121158000,0,962.31804942,0.2595
1627434209543000,1,434.13960450,0.2590
1627434209543000,1,986.08979550,0.2590
1627434225259000,0,3228.00000000,0.2590
1627434301970000,0,11411.80301000,0.2591
1627434302036000,0,46206.17899000,0.2591
1627434302036000,0,20244.15600000,0.2591
1627434302150000,0,4096.00000000,0.2591
1627434354948000,0,166.13690000,0.2595
1627434354963000,0,113.09420000,0.2595
1627434354964000,0,186.03520000,0.2595
1627434354981000,0,99.80750000,0.2595
1627434354982000,0,2158.92620000,0.2595
1627434360494000,0,914.00000000,0.2595
1627434392680000,0,1135.00000000,0.2598
1627434454081000,1,458.22180000,0.2599
1627434467708000,0,1115.00000000,0.2601
1627434490394000,0,1000.00000000,0.2605
1627434508469000,0,1744.00000000,0.2604
1627434508469000,0,4800.00000000,0.2604
1627434514495000,0,81.34000000,0.2604
1627434515662000,0,1744.66000000,0.2604
1627434616443000,0,8909.22000000,0.2604
1627434616463000,0,0.00700000,0.2604
1627434620484000,0,762.62781594,0.2604
1627434640767000,0,1434.00000000,0.2604
1627434640885000,0,33515.66600000,0.2604
1627434651403000,0,4800.00000000,0.2607
1627434680432000,0,2785.00000000,0.2605
1627434736965000,0,1515.43000000,0.2610
1627434737004000,0,323.57000000,0.2610
1627434795747000,0,1759.00000000,0.2610
1627434831270000,1,443.05984800,0.2606
1627434831270000,1,441.31969516,0.2606
1627434851183000,0,1145.00000000,0.2607
1627434909687000,0,163.76300000,0.2607
1627434910304000,0,907.30090000,0.2607
1627434910333000,0,114.06160000,0.2607
1627434910333000,0,115.19950000,0.2607
1627434910349000,0,200.64350000,0.2607
1627434910368000,0,103.80410000,0.2607
1627434910395000,0,108.38280000,0.2607
1627434910498000,0,6879.89060000,0.2607
1627434910498000,0,970.60760000,0.2607
1627434910511000,0,1549.39240000,0.2607
1627434910511000,0,19529.87760000,0.2608
1627434910519000,0,12796.34340000,0.2608
1627434912958000,0,4800.00000000,0.2609
1627434934717000,0,534.00000000,0.2611
1627434940021000,0,463.00000000,0.2611
1627434995749000,0,2225.00000000,0.2611
1627435108084000,0,2383.00000000,0.2611
1627435121189000,0,218.00000000,0.2612
1627435122137000,0,531.07000000,0.2613
1627435134632000,0,4800.00000000,0.2612
1627435145413000,0,887.34000000,0.2612
1627435165904000,0,4800.00000000,0.2613
1627435165904000,0,899.00000000,0.2613
1627435211728000,0,112.60200000,0.2612
1627435219459000,1,4800.00000000,0.2611
1627435219459000,1,323.52759470,0.2611
1627435219795000,0,375.04600000,0.2612
1627435227183000,0,435.12000000,0.2612
1627435227719000,0,143.41996200,0.2612
1627435230592000,0,71.41403800,0.2612
1627435230592000,0,536.18596200,0.2612
1627435233774000,0,232.45600000,0.2612
1627435234531000,0,16591.19003800,0.2612
1627435234531000,0,26277.68303924,0.2613
1627435235598000,0,607.60000000,0.2613
1627435237836000,0,267.27496076,0.2613
1627435266131000,0,4800.00000000,0.2613
1627435273184000,0,2176.00000000,0.2614
1627435347152000,0,1435.00000000,0.2614
1627435382470000,1,3000.00000000,0.2611
1627435382470000,1,4.68000000,0.2611
1627435383430000,1,4577.00000000,0.2612
1627435392604000,1,4577.00000000,0.2611
1627435395294000,1,579.00000000,0.2610
1627435412140000,0,2499.00000000,0.2613
1627435426218000,0,4800.00000000,0.2614
1627435432282000,0,4800.00000000,0.2613
1627435432310000,0,19144.93054304,0.2614
1627435469543000,0,2073.00000000,0.2615
1627435487953000,1,4800.00000000,0.2613
1627435519446000,0,399.57000000,0.2615
1627435681854000,1,426.58600000,0.2612
1627435694233000,0,3841.00000000,0.2614
1627435696379000,0,4800.00000000,0.2614
1627435804353000,1,4800.00000000,0.2614
1627435809800000,0,528.00000000,0.2615
1627435809870000,0,1910.60804581,0.2616
1627435809957000,0,1850.12285072,0.2616
1627435810073000,0,55072.70510347,0.2616
1627435812580000,1,1457.00000000,0.2616
1627435835958000,0,14057.22681000,0.2619
1627435836030000,0,13500.00000000,0.2619
1627435836164000,0,5781.69997934,0.2619
1627435837885000,0,4275.89221000,0.2619
1627435852644000,0,0.00000066,0.2619
1627435965678000,0,4784.00000000,0.2614
1627435965678000,0,853.00000000,0.2614
1627435996038000,0,974.00000000,0.2613
1627436011294000,0,1131.00000000,0.2614
1627436012117000,0,198.92692243,0.2617
1627436012172000,0,3823.00000000,0.2617
1627436012744000,0,4776.00000000,0.2618
1627436013125000,0,776.35422400,0.2618
1627436056251000,0,1958.00000000,0.2614
1627436134062000,0,188.15840000,0.2614
1627436134124000,0,200.89740000,0.2614
1627436134138000,0,187.46010000,0.2614
1627436134163000,0,123.17710000,0.2614
1627436134185000,0,647.30700000,0.2614
1627436134185000,0,250.76500000,0.2615
1627436134594000,0,4279.75494459,0.2616
1627436135338000,0,713.71700000,0.2616
1627436161249000,1,4800.00000000,0.2616
1627436168897000,1,4800.00000000,0.2617
1627436253612000,0,1723.00000000,0.2616
1627436273812000,1,4704.00000000,0.2614
1627436286141000,0,114.38770000,0.2616
1627436286152000,0,205.76020000,0.2616
1627436286164000,0,144.58550000,0.2616
1627436286167000,0,110.08540000,0.2616
1627436286183000,0,211.71460000,0.2616
1627436286186000,0,122.46660000,0.2616
1627436386388000,0,1051.00000000,0.2618
1627436450865000,1,4704.00000000,0.2616
1627436451613000,0,509.00000000,0.2618
1627436453187000,0,17970.31100773,0.2620
1627436490911000,1,3460.33630000,0.2614
1627436525644000,0,1925.00000000,0.2615
1627436565761000,0,122.00000000,0.2618
1627436585279000,1,4800.00000000,0.2622
1627436592327000,1,4800.00000000,0.2623
1627436592489000,1,4000.00000000,0.2623
1627436592624000,1,800.00000000,0.2623
1627436592679000,1,1500.00000000,0.2623
1627436592753000,1,2500.00000000,0.2623
1627436592753000,1,1500.00000000,0.2623
1627436593164000,1,3500.00000000,0.2623
1627436594409000,0,2540.00000000,0.2624
1627436595177000,0,122.94100000,0.2625
1627436595227000,0,436.76620000,0.2625
1627436595240000,0,94.75280000,0.2625
1627436595387000,0,340.12470000,0.2625
1627436595527000,0,3771.41530000,0.2625
1627436596480000,0,135.46920000,0.2625
1627436596481000,0,788.61320000,0.2625
1627436596486000,0,98.34700000,0.2625
1627436596578000,0,169.85220000,0.2625
1627436596609000,0,142.22090000,0.2625
1627436596639000,0,98.62340000,0.2625
1627436596694000,0,160.31871710,0.2625
1627436603238000,0,4800.00000000,0.2626
1627436607449000,0,4800.00000000,0.2628
1627436674638000,0,1435.00000000,0.2624
1627436688560000,1,2710.02930000,0.2621
1627436713593000,0,756.00000000,0.2625
1627436723729000,0,2531.51000000,0.2624
1627436723826000,0,1663.11000000,0.2624
1627436725760000,0,1267.88050000,0.2625
1627436725922000,0,3495.11950000,0.2625
1627436728993000,0,433.00000000,0.2625
1627436756603000,0,2202.11260763,0.2624
1627436764917000,0,3858.73953276,0.2627
1627436771849000,0,4800.00000000,0.2628
1627436771849000,0,8988.82000000,0.2628
1627436774503000,0,0.00232465,0.2628
1627436774503000,0,1030.99767535,0.2628
1627436788966000,0,618.37220000,0.2627
1627436788977000,0,118.62780000,0.2627
1627436804242000,1,2004.88050000,0.2626
1627436853170000,0,1334.00000000,0.2623
1627436869347000,0,923.00000000,0.2625
1627436985016000,0,1601.00000000,0.2623
1627436986625000,0,928.00000000,0.2623
1627437043364000,0,3000.00000000,0.2624
1627437046377000,0,1825.00000000,0.2624
1627437048010000,0,2353.00000000,0.2624
1627437066869000,0,2002.01567891,0.2628
1627437066885000,0,1559.79532441,0.2628
1627437066905000,0,4465.00000000,0.2628
1627437066930000,0,5228.31181882,0.2628
1627437066930000,0,4501.24285729,0.2628
1627437067484000,0,110.71010000,0.2629
1627437069464000,1,4800.00000000,0.2629
1627437105700000,0,706.00000000,0.2631
1627437116585000,0,3463.13000000,0.2633
1627437116621000,0,1336.87000000,0.2633
1627437130392000,0,1407.00000000,0.2633
1627437158922000,0,4744.00000000,0.2635
1627437170206000,1,110.71010000,0.2633
1627437188351000,0,1618.00000000,0.2636
1627437259086000,0,4741.00000000,0.2637
1627437259773000,0,2100.00000000,0.2638
1627437260772000,0,545.04068886,0.2638
1627437300807000,0,739.00000000,0.2637
1627437377384000,0,2247.14000000,0.2632
1627437398653000,0,1488.00000000,0.2634
1627437404054000,0,135.84999620,0.2635
1627437470071000,0,95.00000000,0.2632
1627437506179000,0,630.57035377,0.2633
1627437506431000,0,1010.42000000,0.2633
1627437506513000,0,0.00964623,0.2633
1627437588110000,0,2580.00000000,0.2635
1627437682954000,1,95.00000000,0.2635
1627437692333000,1,135.84999620,0.2631
1627437743768000,0,2452.00000000,0.2631
1627437743894000,0,2463.00000000,0.2632
1627437743894000,0,3232.43041928,0.2632
1627437759207000,1,3000.00000000,0.2629
1627437760332000,1,2728.56798000,0.2629
1627437836299000,0,1305.00000000,0.2631
1627437874112000,0,2176.00000000,0.2635
1627437909712000,1,4800.00000000,0.2633
1627437909712000,1,4000.00000000,0.2633
1627437909712000,1,1529.15698910,0.2633
1627437909712000,1,4800.00000000,0.2633
1627437909712000,1,12538.52789840,0.2633
1627437909941000,0,351.82000000,0.2636
1627437909958000,0,651.18000000,0.2636
1627437983493000,0,799.00000000,0.2637
1627438042722000,0,2481.00000000,0.2638
1627438042813000,0,3000.00000000,0.2639
1627438043191000,0,8281.95640000,0.2641
1627438043191000,0,0.00003265,0.2641
1627438043857000,0,985.45250000,0.2647
1627438044078000,0,23347.99132616,0.2647
1627438044079000,0,6238.08355571,0.2647
1627438044091000,0,856.28779999,0.2647
1627438044106000,0,5587.22488580,0.2647
1627438044139000,0,4303.15641862,0.2647
1627438044932000,0,4800.00000000,0.2650
1627438051578000,0,111.45692615,0.2650
1627438051685000,0,2.27463115,0.2650
1627438058436000,0,2500.00000000,0.2657
1627438058479000,0,202.86990000,0.2658
1627438058482000,0,493.63040000,0.2658
1627438058924000,1,1500.00000000,0.2657
1627438058924000,1,2043.90373510,0.2656
1627438059095000,1,48181.00000000,0.2656
1627438068165000,0,112.87960000,0.2670
1627438068558000,0,0.00006743,0.2670
1627438068703000,1,19200.00000000,0.2674
1627438068708000,1,15500.00000000,0.2674
1627438068709000,1,4294.83240000,0.2674
1627438068787000,1,3000.00000000,0.2674
1627438068801000,1,19200.00000000,0.2674
1627438068888000,1,974.16760000,0.2674
1627438071700000,1,2223.29840000,0.2667
1627438074016000,0,4800.00000000,0.2675
1627438074016000,0,3000.00000000,0.2675
1627438074016000,0,4000.00000000,0.2675
1627438074016000,0,18652.36389354,0.2676
1627438074016000,0,1394.74566687,0.2676
1627438085582000,1,175.69580000,0.2673
1627438088956000,0,1479.00000000,0.2674
1627438089042000,0,875.51000000,0.2674
1627438091070000,0,1006.16960000,0.2673
1627438096847000,0,0.00005226,0.2673
1627438106101000,1,1415.45220000,0.2674
1627438124392000,0,453.76680000,0.2682
1627438129474000,1,3000.00000000,0.2678
1627438129474000,1,3784.66290000,0.2678
1627438129481000,1,3701.01543845,0.2677
1627438129481000,1,1480.39894549,0.2677
1627438129575000,1,554.56810000,0.2676
1627438129594000,1,554.61940000,0.2678
1627438129595000,1,1945.38060000,0.2678
1627438129595000,1,113.16320000,0.2676
1627438129602000,1,128.83470000,0.2676
1627438129609000,1,2217.46770000,0.2676
1627438129611000,1,683.56170000,0.2676
1627438129617000,1,482.28400000,0.2676
1627438129632000,1,2916.52940000,0.2676
1627438129676000,1,775.25610000,0.2676
1627438129683000,1,1751.14353551,0.2676
1627438129772000,1,360.70420000,0.2676
1627438129776000,1,1071.73220000,0.2676
1627438130132000,1,3746.82219231,0.2670
1627438130413000,1,856.27000000,0.2670
1627438130438000,1,23852.49819511,0.2670
1627438130873000,1,2234.88298434,0.2666
1627438131074000,1,2565.11701566,0.2666
1627438131074000,1,24.71705196,0.2666
1627438131142000,1,374.82692719,0.2666
1627438131218000,1,1084.71807017,0.2666
1627438131515000,1,3041.17646750,0.2663
1627438131660000,1,855.22284379,0.2663
1627438132025000,0,3000.00000000,0.2669
1627438132025000,0,4800.00000000,0.2669
1627438132025000,0,3000.22600000,0.2669
1627438132025000,0,15239.85043720,0.2669
1627438132025000,0,4800.00000000,0.2669
1627438132025000,0,1228.00000000,0.2669
1627438132077000,1,1025.71074856,0.2670
1627438155620000,0,18118.18000000,0.2659
1627438155686000,0,0.00049484,0.2659
1627438171963000,0,285.00000000,0.2660
1627438176579000,0,4698.00000000,0.2662
1627438176854000,0,4697.00000000,0.2662
1627438176909000,0,4085.30705458,0.2661
1627438218103000,0,1617.00000000,0.2665
1627438218419000,0,3840.51661000,0.2665
1627438265914000,0,4642.00000000,0.2667
1627438265914000,0,802.00000000,0.2667
1627438265980000,0,8447.76420000,0.2667
1627438266061000,0,2500.00000000,0.2667
1627438266061000,0,4000.00000000,0.2667
1627438283885000,0,4358.00000000,0.2664
1627438301340000,1,8825.82366000,0.2660
1627438314518000,0,130.71572974,0.2661
1627438327733000,0,1119.00000000,0.2660
1627438332100000,1,4000.00000000,0.2657
1627438386903000,1,358.00000000,0.2661
1627438389459000,1,139.65000000,0.2661
1627438389608000,1,486.91810000,0.2661
1627438398260000,1,130.71572974,0.2662
1627438399842000,0,6500.00000000,0.2665
1627438401531000,0,801.12120000,0.2665
1627438401536000,0,143.94330000,0.2665
1627438401548000,0,22881.00000000,0.2665
1627438401565000,0,152.43460000,0.2665
1627438401584000,0,142.42210000,0.2665
1627438401624000,0,5844.07880000,0.2665
1627438402881000,0,139.65000000,0.2665
1627438402892000,0,2394.35000000,0.2665
1627438420874000,1,457.00000000,0.2665
1627438421284000,1,296.00310000,0.2664
1627438426969000,1,4800.00000000,0.2663
1627438430221000,0,4693.00000000,0.2665
1627438430550000,0,12483.67164000,0.2665
1627438430601000,0,715.37860000,0.2665
1627438430665000,0,3974.62140000,0.2665
1627438438987000,1,715.37860000,0.2668
1627438444336000,0,1415.02184000,0.2666
1627438444554000,0,35500.00000000,0.2666
1627438444596000,0,965.00000000,0.2666
1627438444596000,0,0.00000273,0.2666
1627438472731000,0,4800.00000000,0.2668
1627438472818000,0,4000.00000000,0.2668
1627438472818000,0,18760.11173251,0.2668
1627438539066000,0,4701.00000000,0.2660
1627438539150000,0,2357.00000000,0.2660
1627438575798000,0,411.14400000,0.2662
1627438575802000,0,299.85600000,0.2662
1627438607709000,1,139.65000000,0.2666
1627438607712000,1,411.14400000,0.2666
1627438607816000,1,24449.20600000,0.2666
1627438628451000,1,12343.20980992,0.2664
1627438628836000,1,12656.79000000,0.2664
1627438680579000,0,219.46000000,0.2664
1627438680612000,0,3000.00000000,0.2664
1627438680612000,0,30489.27000000,0.2664
1627438728607000,1,124.10950000,0.2662
1627438729205000,1,100.54730000,0.2662
1627438729287000,1,109.69590000,0.2662
1627438729311000,1,99.77960000,0.2662
1627438732713000,0,946.00000000,0.2664
1627438732829000,0,5755.27000000,0.2664
1627438732829000,0,1829.00000000,0.2665
1627438779328000,1,234.14910000,0.2662
1627438779433000,1,232.97510000,0.2662
1627438786300000,0,901.25650000,0.2664
1627438822644000,0,18784.10303536,0.2664
1627438822644000,0,1821.00000000,0.2664
1627438822644000,0,2124.99996464,0.2664
1627438840636000,0,4214.75749342,0.2663
1627438868263000,1,4770.80690858,0.2662
1627438878838000,0,3386.00000000,0.2662
1627438932250000,1,93.61360000,0.2661
1627438952053000,1,2500.00000000,0.2657
1627438953326000,1,823.60690000,0.2657
1627438979562000,1,213.12270000,0.2657
1627438979572000,1,1235.01870000,0.2657
1627438990535000,0,950.00000000,0.2660
1627439016862000,1,4800.00000000,0.2656
1627439016862000,1,969.94263094,0.2656
1627439051923000,0,4176.00000000,0.2657
1627439052266000,1,4196.97828000,0.2657
1627439061252000,0,4012.00000000,0.2659
1627439101579000,1,150.92330000,0.2654
1627439101585000,1,981.62420000,0.2654
1627439124505000,1,4500.00000000,0.2650
1627439141794000,0,18877.52000000,0.2650
1627439151651000,0,0.00194024,0.2650
1627439151651000,0,18877.55199106,0.2650
1627439151651000,0,878.99999870,0.2650
1627439151693000,0,0.00000130,0.2650
1627439212235000,1,4800.00000000,0.2644
1627439213424000,1,6500.00000000,0.2643
1627439213472000,1,5500.00000000,0.2643
1627439217856000,1,4800.00000000,0.2642
1627439243548000,0,3497.90940000,0.2644
1627439260472000,0,1021.00000000,0.2641
1627439366944000,0,1094.00000000,0.2641
1627439383543000,1,15017.68136130,0.2642
1627439440201000,0,989.00000000,0.2646
1627439444270000,0,1243.00000000,0.2646
1627439456073000,1,1021.00000000,0.2643
1627439487355000,0,1838.00000000,0.2641
1627439537611000,0,18952.00000000,0.2640
1627439553739000,0,18953.41000000,0.2640
1627439554644000,0,0.00181602,0.2640
1627439554644000,0,18953.40818398,0.2640
1627439590496000,0,0.00363204,0.2640
1627439590496000,0,969.99636796,0.2640
1627439590531000,0,0.00363204,0.2640
1627439594006000,0,1169.00000000,0.2640
1627439693405000,0,4426.00000000,0.2632
1627439697194000,0,4458.00000000,0.2632
1627439834763000,0,19005.32000000,0.2633
1627439834815000,0,0.00960105,0.2633
1627439844547000,0,900.00000000,0.2632
1627439898823000,0,808.38320000,0.2633
1627439898897000,0,108.17060000,0.2633
1627439898912000,0,914.44620000,0.2633
1627439970466000,0,1330.00000000,0.2634
1627440083609000,0,4800.00000000,0.2636
1627440099260000,0,3774.00000000,0.2636
1627440131204000,0,2082.00000000,0.2636
1627440140869000,0,4800.00000000,0.2637
1627440202668000,0,937.48000000,0.2635
1627440202713000,0,3862.52000000,0.2635
1627440205487000,0,4800.00000000,0.2635
1627440205487000,0,1540.00000000,0.2635
1627440243899000,1,4800.00000000,0.2634
1627440243899000,1,4000.00000000,0.2634
1627440243899000,1,4800.00000000,0.2633
1627440243899000,1,1438.21302009,0.2633
1627440243899000,1,3816.41411263,0.2633
1627440243899000,1,12992.48242769,0.2633
1627440301612000,0,17908.50000000,0.2635
1627440304870000,0,1289.00000000,0.2635
1627440310879000,0,731.01660000,0.2636
1627440311402000,0,3086.98000000,0.2636
1627440312082000,0,0.00340000,0.2636
1627440315769000,1,1647.57040000,0.2633
1627440365717000,0,1288.00000000,0.2629
1627440365717000,0,4800.00000000,0.2629
1627440399852000,0,708.00000000,0.2627
1627440484449000,0,3375.00000000,0.2625
1627440564570000,0,3045.00000000,0.2628
1627440600475000,0,96.04000000,0.2630
1627440610687000,1,3000.00000000,0.2628
1627440610687000,1,10000.00000000,0.2628
1627440668159000,0,1806.00000000,0.2629
1627440682249000,0,3116.00000000,0.2630
1627440691697000,1,1220.49388000,0.2628
1627440718266000,0,2133.36000000,0.2630
1627440792373000,0,1000.00000000,0.2630
1627440792373000,0,4800.00000000,0.2630
1627440792373000,0,4000.00000000,0.2630
1627440792373000,0,3381.00000000,0.2630
1627440792373000,0,4800.00000000,0.2630
1627440792373000,0,13808.90115195,0.2630
1627440833617000,0,78.40000000,0.2628
1627440869635000,0,1815.00000000,0.2631
1627440921333000,0,1066.00000000,0.2632
1627440946197000,0,308.00000000,0.2633
1627441020732000,0,3132.00000000,0.2632
1627441111278000,1,17760.99313000,0.2622
1627441122508000,0,3074.00000000,0.2625
1627441138682000,0,19181.08000000,0.2627
1627441192196000,0,2302.00000000,0.2627
1627441199716000,0,587.54440000,0.2629
1627441199741000,0,110.44810000,0.2629
1627441199781000,0,101.60960000,0.2629
1627441200314000,0,199.39000000,0.2629
1627441200343000,0,0.00790000,0.2629
1627441216199000,0,1189.00000000,0.2630
1627441289700000,1,114.49940000,0.2620
1627441290327000,1,0.00004659,0.2620
1627441290899000,0,1587.09825002,0.2621
1627441293614000,1,685.10270000,0.2616
1627441305196000,0,1009.92840000,0.2616
1627441305309000,0,114.49944659,0.2616
1627441335939000,0,3360.00000000,0.2615
1627441414535000,0,221.00000000,0.2614
1627441480468000,1,3374.07032000,0.2611
1627441482469000,1,110.23650000,0.2609
1627441482627000,1,2320.61380000,0.2609
1627441482673000,1,261.09290000,0.2609
1627441482691000,1,152.10130000,0.2609
1627441482890000,1,962.86810000,0.2609
1627441517685000,0,879.00000000,0.2612
1627441527579000,0,957.00000000,0.2612
1627441559593000,0,1839.98420000,0.2617
1627441579899000,0,1621.00000000,0.2616
1627441641653000,0,1357.00000000,0.2617
1627441720247000,0,2525.00000000,0.2616
1627441798285000,0,2031.00000000,0.2615
1627441839509000,0,924.00000000,0.2614
1627441866583000,0,1063.00000000,0.2616
1627441893335000,0,459.98620000,0.2615
1627441893341000,0,847.27600000,0.2615
1627441893352000,0,139.34520000,0.2615
1627441893353000,0,323.07510000,0.2615
1627441893354000,0,507.81660000,0.2615
1627441893355000,0,170.09660000,0.2615
1627441893367000,0,2079.97196795,0.2615
1627441895192000,0,139.65000000,0.2615
1627441895200000,0,942.35000000,0.2615
1627442025490000,0,1688.00000000,0.2614
1627442072584000,0,2766.00000000,0.2614
1627442077571000,0,1711.00000000,0.2614
1627442111211000,1,3389.94570000,0.2611
1627442111344000,1,7000.00000000,0.2611
1627442141305000,0,172.00000000,0.2614
1627442349648000,0,2103.00000000,0.2612
1627442408831000,0,1574.00000000,0.2611
1627442408884000,0,99.49270000,0.2612
1627442410428000,1,3879.46189326,0.2611
1627442639236000,0,1234.00000000,0.2615
1627442702831000,0,19131.59385711,0.2615
1627442702877000,0,19129.64826574,0.2616
1627442803819000,0,1738.00000000,0.2616
1627442864614000,0,1011.36359977,0.2616
1627442884970000,0,469.00000000,0.2616
1627442889440000,0,2189.00000000,0.2617
1627442906393000,0,174558.42000000,0.2617
1627443016187000,0,3312.00000000,0.2617
1627443016197000,0,19519.20835445,0.2619
1627443081061000,0,104.19950000,0.2627
1627443082597000,0,1531.80000000,0.2627
1627443082611000,0,0.00050000,0.2627
1627443084968000,0,700.00000000,0.2628
1627443134168000,0,1181.00000000,0.2630
1627443189661000,1,203.69220000,0.2630
1627443190044000,1,7381.32396000,0.2630
1627443195764000,0,873.00000000,0.2631
1627443218834000,0,1125.00000000,0.2630
1627443258169000,1,0.00000276,0.2630
1627443269173000,1,4800.00000000,0.2628
1627443294404000,0,915.00000000,0.2631
1627443304400000,1,3000.00000000,0.2630
1627443308053000,1,2500.00000000,0.2629
1627443308118000,1,4000.00000000,0.2629
1627443308118000,1,800.00000000,0.2629
1627443309866000,1,3367.64800000,0.2629
1627443328100000,0,1103.79000000,0.2631
1627443328145000,0,2123.21000000,0.2631
1627443459259000,0,1614.00000000,0.2624
1627443489935000,0,3949.00000000,0.2625
1627443547357000,0,1453.00000000,0.2623
1627443605719000,0,3000.00000000,0.2625
1627443608343000,0,1744.00000000,0.2625
1627443680498000,0,373.18400000,0.2627
1627443687838000,1,8000.00000000,0.2624
1627443688466000,1,139.05750000,0.2624
1627443691906000,1,210.70000000,0.2624
1627443760555000,0,538.56930000,0.2618
1627443760730000,0,1805.43070000,0.2618
1627443844706000,0,942.00000000,0.2619
1627443880847000,1,399.51180000,0.2614
1627443886155000,1,4800.00000000,0.2612
1627443886155000,1,1500.00000000,0.2612
1627443886155000,1,3500.00000000,0.2612
1627443886155000,1,79054.72429238,0.2611
1627443900770000,1,4000.00000000,0.2614
1627443902091000,1,3344.43420000,0.2614
1627443902171000,1,0.00003833,0.2614
1627443969718000,0,1616.00000000,0.2617
1627444038196000,0,1967.00000000,0.2616
1627444097274000,0,1700.00000000,0.2611
1627444100240000,1,2204.00000000,0.2611
1627444155538000,0,19140.70783752,0.2614
1627444155538000,0,854.00000000,0.2614
1627444156366000,1,1577.63395453,0.2612
1627444156366000,1,3944.10244547,0.2612
1627444192281000,0,568.00000000,0.2612
1627444240156000,0,1736.00000000,0.2612
1627444264367000,0,327.00000000,0.2612
1627444264367000,0,1914.00000000,0.2612
1627444301690000,0,2262.00000000,0.2612
1627444313522000,0,1349.00000000,0.2612
1627444339927000,0,190.34793587,0.2614
1627444361822000,0,1911.00000000,0.2613
1627444467533000,0,4385.00000000,0.2612
1627444500769000,0,76.14210284,0.2614
1627444520835000,0,4800.00000000,0.2609
1627444525235000,0,714.26350000,0.2609
1627444525277000,0,128.94710000,0.2609
1627444525292000,0,1047.78940000,0.2609
1627444576247000,0,2500.00000000,0.2611
1627444578988000,0,1073.00000000,0.2612
1627444625845000,1,843.21060000,0.2608
1627444650402000,0,2432.00000000,0.2610
1627444715054000,0,2581.00000000,0.2611
1627444727194000,0,1990.00000000,0.2611
1627444753245000,0,517.00000000,0.2613
1627444776292000,0,4534.13297475,0.2609
1627444811223000,0,1385.00000000,0.2607
1627444862131000,0,298.00000000,0.2611
1627444882845000,1,12032.48370000,0.2610
1627444882918000,1,16500.00000000,0.2610
1627444882936000,1,19200.00000000,0.2610
1627444883086000,1,569.64000000,0.2610
1627444883124000,1,34039.96516601,0.2610
1627444883167000,1,4587.21590385,0.2610
1627444883271000,1,1200.00000000,0.2610
1627444900491000,0,1055.00000000,0.2612
1627444911534000,0,1067.00000000,0.2612
1627444933117000,0,957.00000000,0.2613
1627444933454000,0,2303.00000000,0.2613
1627444934682000,0,149.09810000,0.2615
1627444950559000,0,937.31620000,0.2616
1627444950825000,0,392.88200000,0.2616
1627444950830000,0,107.11800000,0.2616
1627444956547000,0,19200.00000000,0.2617
1627444956612000,0,71063.03000000,0.2617
1627444957433000,1,1086.41430000,0.2619
1627444960770000,0,3857.00000000,0.2620
1627444960828000,1,13382.00000000,0.2620
1627444972677000,0,1861.00000000,0.2620
1627444974126000,1,4800.00000000,0.2621
1627444980094000,1,4800.00000000,0.2619
1627444986416000,1,4800.00000000,0.2618
1627444987453000,1,6361.00000000,0.2618
1627444987669000,1,139.65000000,0.2618
1627445002539000,0,1998.00000000,0.2620
1627445009832000,1,3000.00000000,0.2619
1627445009832000,1,3076.00000000,0.2619
1627445010484000,1,55446.27000000,0.2620
1627445010507000,1,31998.23000000,0.2620
1627445095609000,0,819.00000000,0.2614
1627445112533000,1,4800.00000000,0.2612
1627445154727000,0,958.00000000,0.2609
1627445155004000,0,958.00000000,0.2609
1627445155100000,0,1148.00000000,0.2609
1627445187461000,0,1045.00000000,0.2611
1627445206263000,0,883.00000000,0.2611
1627445228756000,0,1426.00000000,0.2610
1627445287343000,0,3000.00000000,0.2610
1627445287343000,0,4000.00000000,0.2610
1627445287343000,0,12168.07000000,0.2610
1627445287402000,0,3000.00000000,0.2610
1627445287402000,0,2583.00000000,0.2610
1627445287555000,0,7000.00211697,0.2610
1627445289197000,0,139.65000000,0.2610
1627445289246000,0,108.85620000,0.2610
1627445291089000,0,1831.49000000,0.2610
1627445291122000,0,0.00380000,0.2610
1627445316853000,1,106345.18000000,0.2610
1627445316882000,1,534.68800000,0.2610
1627445319498000,1,15917.64804661,0.2610
1627445319590000,1,23889.30000000,0.2610
1627445319629000,1,0.00387676,0.2610
1627445384882000,0,3034.00000000,0.2609
1627445384882000,0,3500.00000000,0.2609
1627445478535000,0,3701.00000000,0.2608
1627445481338000,0,4158.00000000,0.2608
1627445482750000,1,108.85620000,0.2606
1627445525491000,1,115.38010000,0.2600
1627445525523000,1,0.00007769,0.2600
1627445525752000,1,1327.67329321,0.2600
1627445532290000,0,4800.00000000,0.2599
1627445532935000,0,4800.00000000,0.2600
1627445537610000,0,4800.00000000,0.2599
1627445537610000,0,19254.08000000,0.2599
1627445541136000,0,0.00851020,0.2599
1627445541136000,0,19254.08148980,0.2599
1627445546863000,0,4800.00000000,0.2598
1627445546882000,0,19260.74466948,0.2598
1627445547407000,0,4800.00000000,0.2599
1627445548502000,0,19260.74466000,0.2598
1627445548619000,0,19256.09807000,0.2599
1627445548625000,0,0.00000092,0.2599
1627445550727000,0,0.00702040,0.2599
1627445554094000,0,644.00000000,0.2599
1627445578883000,0,223.00000000,0.2603
1627445583920000,0,1738.00000000,0.2603
1627445649521000,0,2494.00000000,0.2604
1627445701535000,1,230.92813721,0.2603
1627445765353000,0,224.00000000,0.2606
1627445797351000,0,1438.00000000,0.2608
1627445869024000,0,490.00000000,0.2608
1627445870022000,0,752.00000000,0.2608
1627445870022000,0,1078.00000000,0.2608
1627445965763000,0,1430.00000000,0.2605
1627446035412000,0,3208.00000000,0.2602
1627446075492000,0,3476.00000000,0.2604
1627446116320000,0,2676.71000000,0.2604
1627446116382000,0,563.29000000,0.2604
1627446239185000,0,544.82628242,0.2602
1627446242784000,0,2392.00000000,0.2602
1627446251450000,0,4887.00000000,0.2602
1627446309933000,0,176.32195471,0.2599
1627446310209000,0,2125.67804000,0.2599
1627446381703000,0,3189.00000000,0.2603
1627446382020000,0,1054.00000000,0.2603
1627446392201000,0,1180.00000000,0.2604
1627446434725000,0,486.00000000,0.2601
1627446476878000,0,608.00000000,0.2600
1627446489735000,0,1991.00000000,0.2602
1627446605991000,0,2475.72000000,0.2603
1627446618647000,0,2735.00000000,0.2603
1627446724777000,0,1751.00000000,0.2601
1627446729533000,0,2305.00000000,0.2603
1627446796810000,0,4800.00000000,0.2606
1627446809005000,0,957.00000000,0.2606
1627446840771000,0,4800.00000000,0.2603
1627446889449000,1,1442.47796967,0.2599
1627446908698000,0,3867.47000000,0.2599
1627446908727000,0,8075.16872918,0.2599
1627446909172000,0,7310.67027000,0.2599
1627446909383000,0,0.00000118,0.2599
1627446938966000,0,1736.00000000,0.2600
1627446940366000,0,19246.14000000,0.2601
1627446941010000,0,0.00747952,0.2601
1627446941010000,0,19240.59252048,0.2601
1627446967914000,0,0.00320368,0.2601
1627446967914000,0,3123.99679632,0.2601
1627446967950000,0,0.00320368,0.2601
1627446969846000,0,4804.00000000,0.2603
1627446969846000,0,4702.00806699,0.2603
1627446996977000,0,780.00000000,0.2603
1627447001940000,0,19215.88248000,0.2604
1627447081326000,0,4808.00000000,0.2600
1627447093521000,0,1437.00000000,0.2601
1627447130695000,0,1063.31000000,0.2601
1627447156091000,0,3390.00000000,0.2601
1627447251035000,0,19267.59333064,0.2597
1627447251035000,0,819.99666936,0.2597
1627447256754000,0,797.00000000,0.2597
1627447258473000,1,4704.00000000,0.2596
1627447274867000,0,1136.00000000,0.2597
1627447347001000,0,999.00000000,0.2599
1627447394199000,0,3161.00000000,0.2601
1627447504851000,0,1093.00000000,0.2600
1627447520794000,1,13720.00000000,0.2597
1627447585881000,0,2252.00000000,0.2599
1627447589739000,0,2684.00000000,0.2600
1627447769130000,0,1470.00000000,0.2600
1627447819521000,0,1308.00000000,0.2601
1627447916784000,0,984.00000000,0.2605
1627447917778000,0,202.00000000,0.2605
1627447918824000,0,274.00000000,0.2605
1627447951831000,0,1354.00000000,0.2605
1627447995299000,0,2779.00000000,0.2607
1627448440048000,0,109.76280000,0.2596
1627448440079000,0,353.57310000,0.2596
1627448440137000,0,2875.66410000,0.2596
1627448451533000,0,4316.00000000,0.2598
1627448470611000,0,913.00000000,0.2600
1627448494182000,0,524.00000000,0.2603
1627448568237000,0,1435.00000000,0.2605
1627448634800000,0,82.00000000,0.2606
1627448659192000,0,1920.00000000,0.2609
1627448756911000,1,1271.43330000,0.2605
1627448771417000,0,3730.00000000,0.2606
1627448836944000,0,1845.00000000,0.2608
1627448840458000,0,2977.00000000,0.2608
1627448945495000,0,868.00000000,0.2607
1627449014324000,0,3699.00000000,0.2607
1627449018064000,0,2009.00000000,0.2607
1627449082088000,1,186.90260000,0.2607
1627449093698000,1,953.20939000,0.2607
1627449093749000,1,0.00000754,0.2607
1627449114811000,0,1199.00000000,0.2609
1627449267870000,0,130.64760000,0.2611
1627449267966000,0,1783.35240000,0.2611
1627449305889000,0,2466.00000000,0.2611
1627449319540000,0,1603.00000000,0.2612
1627449395495000,0,1565.00000000,0.2615
1627449425081000,0,3660.00000000,0.2616
1627449521939000,0,1318.00000000,0.2615
1627449545193000,0,1845.00000000,0.2616
1627449580205000,0,810.00000000,0.2617
1627449618782000,0,753.36740000,0.2618
1627449618805000,0,1444.63260000,0.2618
1627449621253000,0,1092.00000000,0.2618
1627449681948000,0,3188.00000000,0.2620
1627449705809000,1,884.01500000,0.2620
1627449722221000,1,1479.59689402,0.2619
1627449722670000,1,81.10733939,0.2619
1627449722670000,1,141.66516061,0.2619
1627449723140000,1,175.21210000,0.2619
1627449723191000,1,888.45660000,0.2619
1627449765385000,0,2700.00000000,0.2619
1627449773124000,0,533.00000000,0.2620
1627449793539000,0,1477.00000000,0.2621
1627449838817000,1,4800.00000000,0.2619
1627449845254000,0,753.44110000,0.2620
1627449845346000,0,70.55890000,0.2620
1627449900277000,0,1152.00000000,0.2621
1627449910713000,0,1803.00000000,0.2622
1627449971303000,0,1204.00000000,0.2623
1627450012579000,0,397.00000000,0.2624
1627450046319000,0,1959.00000000,0.2624
1627450189739000,0,3216.00000000,0.2625
1627450189739000,0,2470.07303135,0.2625
1627450210004000,0,1028.00000000,0.2625
1627450306724000,0,1000.00000000,0.2624
1627450306724000,0,3260.00000000,0.2624
1627450306724000,0,4506.86412395,0.2624
1627450306724000,0,1383.00000000,0.2625
1627450306724000,0,7806.34293341,0.2625
1627450382079000,0,2729.00000000,0.2621
1627450555082000,0,658.71500000,0.2615
1627450555836000,0,112.70000000,0.2615
1627450556328000,0,5255.58500000,0.2615
1627450579403000,0,1996.00000000,0.2615
1627450601286000,0,708.00000000,0.2616
1627450650863000,0,1945.00000000,0.2616
1627450735590000,0,1184.00000000,0.2616
1627450742578000,0,721.00000000,0.2616
1627450758806000,0,1923.00000000,0.2619
1627450802879000,0,19089.95880000,0.2621
1627450802879000,0,0.00008982,0.2621
1627450816838000,0,1845.00000000,0.2624
1627450832244000,0,446.00000000,0.2626
1627450940208000,0,2996.97000000,0.2626
1627450962092000,0,852.00000000,0.2626
1627450980584000,1,3000.00000000,0.2624
1627450980619000,1,450.37640000,0.2624
1627450980634000,1,161.69700000,0.2624
1627450980832000,1,1220.55771000,0.2623
1627450998814000,0,1752.00000000,0.2623
1627451012397000,0,4800.00000000,0.2625
1627451027794000,0,4800.00000000,0.2624
1627451030703000,0,3000.00000000,0.2625
1627451030703000,0,1800.00000000,0.2625
1627451030727000,0,955.50000000,0.2625
1627451041649000,0,164.79360000,0.2627
1627451041666000,0,129.26980000,0.2627
1627451041680000,0,113.63150000,0.2627
1627451041682000,0,92.30510000,0.2627
1627451128391000,1,546.64160000,0.2625
1627451154023000,0,3569.00000000,0.2627
1627451178249000,1,1441.64953000,0.2625
1627451231009000,0,4040.00000000,0.2621
1627451231009000,0,500.00000000,0.2621
1627451231009000,0,19089.95000000,0.2621
1627451231049000,0,0.00157073,0.2621
1627451246698000,0,313.00000000,0.2620
1627451255888000,0,19097.18000000,0.2620
1627451302079000,0,0.00678062,0.2620
1627451302079000,0,1784.99321938,0.2622
1627451303739000,1,2690.00000000,0.2621
1627451368032000,0,1199.00000000,0.2621
1627451443223000,0,19080.37964839,0.2622
1627451443223000,0,1249.99035161,0.2622
1627451509438000,0,873.00000000,0.2621
1627451551692000,0,907.00000000,0.2621
1627451597582000,0,3442.00000000,0.2622
1627451650092000,0,944.00000000,0.2623
1627451651440000,0,1261.00000000,0.2623
1627451659578000,0,472.00000000,0.2625
1627451724622000,0,1711.00000000,0.2624
1627451724622000,0,3545.00000000,0.2624
1627451724622000,0,4800.00000000,0.2624
1627451724622000,0,8953.53796335,0.2625
1627451817332000,0,2833.00000000,0.2620
1627451873158000,0,955.00000000,0.2620
1627451875042000,0,1250.00000000,0.2620
1627451898314000,0,2406.00000000,0.2621
1627452041188000,0,1391.00000000,0.2620
1627452064936000,0,2208.00000000,0.2620
1627452077448000,0,162.13040000,0.2620
1627452077449000,0,102.67470000,0.2620
1627452077478000,0,94.29770000,0.2620
1627452114192000,0,563.00000000,0.2621
1627452119116000,0,1663.00000000,0.2622
1627452138954000,0,2359.00000000,0.2624
1627452234516000,1,359.10280000,0.2619
1627452261522000,0,943.00000000,0.2622
1627452387520000,0,3758.00000000,0.2620
1627452424948000,0,1371.00000000,0.2620
1627452527757000,1,135.91880000,0.2616
1627452538157000,0,135.91880000,0.2618
1627452569292000,0,6382.00000000,0.2618
1627452624863000,0,4705.00000000,0.2620
1627452628805000,0,1634.00000000,0.2620
1627452687567000,0,830.06000000,0.2617
1627452724947000,0,360.00000000,0.2616
1627452730858000,0,917.00000000,0.2617
1627452766772000,0,140.14000000,0.2617
1627452813661000,0,1430.00000000,0.2616
1627452916194000,0,1099.00000000,0.2616
1627452930070000,0,986.86000000,0.2616
1627452930372000,0,20.14000000,0.2616
1627452949710000,0,490.00000000,0.2618
1627452974371000,0,19108.69611581,0.2618
1627452974371000,0,1423.00000000,0.2618
1627453088261000,0,1358.00000000,0.2612
1627453091876000,1,93.78490000,0.2610
1627453112515000,0,4800.00000000,0.2610
1627453142505000,1,1002.24573510,0.2606
1627453142505000,1,0.32276490,0.2605
1627453142528000,1,1002.24582150,0.2605
1627453142528000,0,1997.75417850,0.2605
1627453142914000,1,1002.24573510,0.2605
1627453142914000,1,1002.56858640,0.2605
1627453142914000,1,6516.78251373,0.2605
1627453142914000,1,17179.11996477,0.2605
1627453145003000,1,753.80250000,0.2605
1627453145090000,1,16425.31740000,0.2605
1627453155855000,0,625.00000000,0.2605
1627453155857000,0,908.00000000,0.2605
1627453174387000,0,2316.00000000,0.2604
1627453210206000,0,1822.00000000,0.2605
1627453234157000,0,716.00000000,0.2605
1627453297106000,0,1217.00000000,0.2607
1627453305526000,1,139.65000000,0.2605
1627453341632000,0,1865.00000000,0.2606
1627453415185000,0,1852.00000000,0.2608
1627453526753000,0,2090.00000000,0.2604
1627453582526000,1,500.00000000,0.2603
1627453701784000,0,2091.00000000,0.2604
1627453744947000,0,2688.00000000,0.2605
1627453745013000,0,139.65000000,0.2605
1627453746126000,0,134.79790000,0.2605
1627453746261000,0,2703.20210000,0.2605
1627453804439000,1,195.21050000,0.2601
1627453804550000,1,17000.00000000,0.2601
1627453829666000,0,3974.00000000,0.2603
1627453829666000,0,18832.94337503,0.2604
1627453932082000,0,2394.00000000,0.2605
1627454156147000,0,2118.00000000,0.2604
1627454184607000,0,959.00000000,0.2606
1627454357308000,0,5691.00000000,0.2603
1627454367959000,0,3085.00000000,0.2603
1627454486944000,1,140.02330000,0.2590
1627454486995000,1,359.68305503,0.2590
1627454500217000,0,763.00000000,0.2591
1627454525151000,0,499.70630000,0.2593
1627454527380000,0,2293.00000000,0.2592
1627454570215000,0,575.40279116,0.2594
1627454574769000,1,503.67710000,0.2590
1627454603008000,0,503.67710000,0.2591
1627454605095000,0,1365.00000000,0.2591
1627454629789000,1,857.64870000,0.2582
1627454634634000,0,857.64870000,0.2587
1627454666599000,0,681.80880000,0.2589
1627454687061000,0,220.00000000,0.2589
1627454700593000,1,4800.00000000,0.2584
1627454702189000,1,3000.00000000,0.2583
1627454702189000,1,4800.00000000,0.2583
1627454710549000,0,2677.00000000,0.2588
1627454807827000,1,2523.00000000,0.2594
1627454807945000,1,2500.00000000,0.2593
1627454807945000,1,4000.00000000,0.2593
1627454834345000,0,1925.00000000,0.2595
1627454906601000,0,2134.00000000,0.2596
1627454914516000,1,2396.00000000,0.2596
1627454938385000,0,416.00000000,0.2596
1627455010169000,0,980.00000000,0.2598
1627455044019000,1,139.65000000,0.2596
1627455044064000,1,681.80880000,0.2596
1627455081609000,0,1713.00000000,0.2597
1627455324663000,1,95.48770000,0.2591
1627455324694000,1,122.31080000,0.2591
1627455367970000,0,2860.00000000,0.2588
1627455369919000,1,1666.00000000,0.2587
1627455375003000,1,4800.00000000,0.2588
1627455400832000,0,217.79850000,0.2591
1627455403231000,0,4174.01747000,0.2591
1627455426011000,1,4800.00000000,0.2591
1627455457035000,1,2043.00000000,0.2592
1627455490997000,1,2121.00000000,0.2591
1627455554554000,1,3640.48692691,0.2590
1627455554587000,1,7137.07093000,0.2590
1627455848514000,1,2821.00000000,0.2595
1627455864750000,0,179.83000000,0.2597
1627455869951000,1,3235.00000000,0.2595
1627455888597000,1,3139.00000000,0.2595
1627455891045000,1,7000.00000000,0.2595
1627455935965000,0,3366.00000000,0.2596
1627455948104000,0,1684.00000000,0.2598
1627455948125000,0,383.18000000,0.2598
1627456014250000,0,116.71800000,0.2600
1627456014530000,0,1992.00000000,0.2599
1627456036700000,0,601.00000000,0.2602
1627456106788000,0,1857.00000000,0.2604
1627456145433000,1,3830.00000000,0.2603
1627456148074000,1,4022.00000000,0.2603
1627456194593000,0,4800.00000000,0.2605
1627456241321000,0,1063.00000000,0.2604
1627456242472000,1,362.14560000,0.2604
1627456242510000,1,144.37500000,0.2604
1627456242521000,1,128.39000000,0.2604
1627456242523000,1,123.74670000,0.2604
1627456242560000,1,618.33920000,0.2604
1627456300194000,0,1819.00000000,0.2606
1627456308037000,0,1376.99650000,0.2607
1627456316500000,0,4800.00000000,0.2605
1627456332294000,0,1547.00000000,0.2606
1627456370393000,0,641.00000000,0.2608
1627456404144000,0,1480.00000000,0.2610
1627456404430000,0,4525.02618000,0.2611
1627456406073000,0,625.00000000,0.2611
1627456406073000,0,165.00000000,0.2611
1627456414509000,1,165.00000000,0.2618
1627456418243000,1,1272.56910000,0.2625
1627456418245000,1,227.43090000,0.2625
1627456424490000,0,4800.00000000,0.2629
1627456425852000,0,118.57010000,0.2630
1627456425853000,0,2056.24010000,0.2630
1627456425862000,0,298.24160000,0.2630
1627456425881000,0,1290.43860000,0.2630
1627456425887000,0,351.47730000,0.2630
1627456425950000,0,2709.56140000,0.2630
1627456429834000,0,4000.00000000,0.2635
1627456430136000,0,838.90231693,0.2637
1627456436266000,1,2842.39860000,0.2630
1627456437563000,1,3353.00000000,0.2629
1627456437614000,1,1053.62697000,0.2629
1627456439589000,1,1053.62697267,0.2624
1627456439590000,1,149.02300000,0.2624
1627456439609000,1,187.65300000,0.2624
1627456454347000,0,933.00000000,0.2623
1627456458170000,0,1229.63320000,0.2627
1627456458349000,0,3268.57187791,0.2627
1627456458349000,0,11242.81956711,0.2627
1627456471464000,1,1115.54986000,0.2631
1627456471587000,1,0.00000406,0.2631
1627456471647000,1,148.49520000,0.2630
1627456471686000,1,967.05466406,0.2630
1627456488152000,1,623.83510000,0.2630
1627456488218000,1,2624.16490000,0.2630
1627456488281000,1,1105.33758000,0.2629
1627456511066000,0,799.00000000,0.2631
1627456532287000,1,2182.00000000,0.2633
1627456532519000,1,1092.69613000,0.2632
1627456532532000,1,0.00000461,0.2632
1627456532687000,1,2732.46617000,0.2631
1627456537502000,1,799.00000000,0.2627
1627456572232000,0,1203.00000000,0.2626
1627456584094000,1,2500.00000000,0.2633
1627456584094000,1,6854.09494298,0.2633
1627456584110000,1,131.31480000,0.2633
1627456584119000,1,509.70830000,0.2633
1627456584119000,1,120.31330000,0.2633
1627456584155000,1,2000.00000000,0.2633
1627456584277000,1,215.26930000,0.2633
1627456584278000,1,368.55750000,0.2633
1627456584279000,1,394.93080000,0.2633
1627456584279000,1,75.84016002,0.2633
1627456584312000,1,1054.46173000,0.2633
1627456584465000,1,948.00000000,0.2633
1627456586341000,0,987.00000000,0.2637
1627456586421000,0,4479.44390000,0.2637
1627456607196000,0,1815.93410000,0.2640
1627456622066000,0,4470.13918553,0.2644
1627456622068000,0,1051.38640000,0.2645
1627456622068000,0,10123.99547776,0.2645
1627456622068000,0,28276.00452224,0.2645
1627456622078000,0,129.42120000,0.2645
1627456622078000,0,1348.12340000,0.2645
1627456622079000,0,422.33330000,0.2645
1627456622079000,0,144.36160000,0.2645
1627456622087000,0,503.68880000,0.2645
1627456622120000,0,528.11740000,0.2645
1627456622131000,0,124.70650000,0.2645
1627456622140000,0,124.96382722,0.2645
1627456623492000,1,944.00000000,0.2645
1627456638757000,1,3000.00000000,0.2642
1627456638759000,1,1252.13860000,0.2642
1627456638802000,1,419.11460000,0.2642
1627456638803000,1,290.37870000,0.2642
1627456638814000,1,1368.06300000,0.2642
1627456638815000,1,15582.62830722,0.2642
1627456638831000,1,1275.18178310,0.2642
1627456638844000,1,3101.00000000,0.2641
1627456638845000,1,2378.74560000,0.2641
1627456638871000,1,809.71685430,0.2641
1627456638906000,1,717.77370000,0.2639
1627456638912000,1,153.81260000,0.2639
1627456639305000,1,3188.46245430,0.2638
1627456639305000,1,1275.18178310,0.2638
1627456639333000,1,5725.76975580,0.2637
1627456639974000,0,4000.00000000,0.2640
1627456664150000,0,1790.00000000,0.2640
1627456664202000,0,767.67260000,0.2641
1627456688206000,1,10616.70374000,0.2646
1627456688260000,1,8267.94567073,0.2646
1627456703729000,0,344.27400000,0.2648
1627456703749000,0,976.72600000,0.2648
1627456705367000,0,1173.00000000,0.2648
1627456705703000,0,113.73155730,0.2650
1627456726910000,1,942.00000000,0.2651
1627456727358000,1,516.10870000,0.2649
1627456727374000,1,677.84490000,0.2649
1627456743967000,1,2288.00000000,0.2649
1627456748646000,1,1381.00000000,0.2652
1627456750458000,0,1908.00000000,0.2652
1627456766122000,1,940.00000000,0.2656
1627456777430000,0,580.00000000,0.2661
1627456802166000,0,3000.00000000,0.2664
1627456822388000,0,700.00000000,0.2666
1627456836834000,0,112.87966743,0.2670
1627456836834000,0,112.87033257,0.2670
1627456853789000,1,1047.22380123,0.2671
1627456868181000,0,3000.00000000,0.2679
1627456868732000,0,3500.00000000,0.2680
1627456868732000,0,14704.65000000,0.2680
1627456869167000,0,3500.00000000,0.2680
1627456871815000,0,0.00256570,0.2680
1627456871815000,0,1035.00000000,0.2683
1627456871815000,0,2131.43212467,0.2683
1627456874390000,0,139.65000000,0.2680
1627456874394000,0,600.35000000,0.2680
1627456878546000,1,372.52830000,0.2679
1627456878589000,1,150.14040000,0.2679
1627456878618000,1,461.09960000,0.2679
1627456878643000,1,55.40256870,0.2679
1627456897027000,1,1034.64202544,0.2675
1627456899558000,0,1057.65430000,0.2677
1627456907286000,0,1500.00000000,0.2678
1627456954783000,0,1237.00000000,0.2681
1627456994198000,0,5609.53000000,0.2682
1627456994477000,0,2686.00000000,0.2682
1627456994817000,0,932.00000000,0.2682
1627456995321000,0,1015.00000000,0.2684
1627457005008000,0,17728.77000000,0.2687
1627457030010000,0,175.69580000,0.2689
1627457030161000,0,111.35941820,0.2690
1627457030161000,0,2.27264119,0.2690
1627457037414000,1,580.37420000,0.2690
1627457037415000,1,206.32770000,0.2690
1627457037415000,1,183.36208877,0.2690
1627457037504000,1,970.12884033,0.2689
1627457037504000,1,371.85255967,0.2689
1627457037541000,1,250.93270000,0.2689
1627457037543000,1,347.59580000,0.2689
1627457037554000,1,0.00006360,0.2689
1627457040638000,0,3452.00000000,0.2687
1627457055853000,0,3849.00000000,0.2690
1627457057229000,0,382.00000000,0.2691
1627457090358000,1,541.42630000,0.2697
1627457098381000,1,695.70010000,0.2693
1627457098387000,1,476.73401106,0.2693
1627457098387000,1,450.15648894,0.2692
1627457116237000,0,1686.00000000,0.2696
1627457137173000,0,118.56780000,0.2701
1627457137453000,0,500.00000000,0.2702
1627457150377000,1,369.29610000,0.2699
1627457150467000,1,800.53550000,0.2699
1627457176475000,0,1126.00000000,0.2699
1627457210120000,1,1105.89440000,0.2693
1627457210163000,1,0.00008853,0.2693
1627457213202000,0,4394.28735395,0.2690
1627457224804000,0,507.00000000,0.2692
1627457224876000,0,3213.00000000,0.2692
1627457242432000,0,1213.00000000,0.2697
1627457265446000,1,436.51983060,0.2696
1627457286886000,0,1914.00000000,0.2705
1627457308035000,0,1580.00000000,0.2708
1627457312407000,0,2289.00000000,0.2708
1627457346763000,0,4800.00000000,0.2707
1627457376000000,0,1615.00000000,0.2708
1627457381617000,0,1241.45440905,0.2710
1627457387203000,0,111.21360835,0.2710
1627457387203000,0,11557.45677165,0.2711
1627457388608000,0,2283.01361665,0.2715
1627457393053000,0,185.55000000,0.2715
1627457393765000,0,0.00857296,0.2715
1627457398247000,0,185.23000000,0.2717
1627457402334000,1,3000.00000000,0.2714
1627457402384000,1,926.87236267,0.2713
1627457402427000,1,3000.00000000,0.2713
1627457402427000,1,4000.00000000,0.2713
1627457402427000,1,926.53120192,0.2713
1627457402655000,1,161.08230000,0.2713
1627457402671000,1,765.44890192,0.2713
1627457402671000,1,158.22059808,0.2713
1627457402706000,1,210.40150000,0.2713
1627457402725000,1,131.96780000,0.2713
1627457410194000,0,0.00460000,0.2717
1627457417874000,0,2942.00000000,0.2721
1627457417999000,0,644.00000000,0.2721
1627457418168000,0,1883.69631056,0.2721
1627457427061000,1,897.59609025,0.2717
1627457427061000,1,897.02914304,0.2717
1627457427061000,1,2243.21538671,0.2717
1627457457737000,0,781.24280000,0.2715
1627457457779000,0,4000.00000000,0.2715
1627457457779000,0,3000.00000000,0.2715
1627457457876000,0,1776.00000000,0.2716
1627457457876000,0,2575.61210000,0.2717
1627457457960000,0,1776.00000000,0.2717
1627457457972000,0,0.00008351,0.2717
1627457457972000,0,10878.38921649,0.2717
1627457458002000,0,0.00018207,0.2717
1627457458002000,0,19199.99981793,0.2717
1627457458012000,0,9077.37180000,0.2717
1627457458066000,0,0.00023063,0.2717
1627457458413000,1,3982.63930000,0.2718
1627457458480000,1,17.36070000,0.2718
1627457458480000,1,1757.63930000,0.2718
1627457458547000,1,658.67490000,0.2721
1627457461036000,0,1346.66240982,0.2722
1627457487207000,0,658.67490000,0.2724
1627457487210000,0,392.32510000,0.2724
1627457487316000,0,175.92003023,0.2725
1627457487316000,0,8.95756977,0.2725
1627457487586000,0,0.00008717,0.2725
1627457489294000,1,917.00000000,0.2725
1627457489294000,1,455.00000000,0.2725
1627457489352000,1,457.00000000,0.2725
1627457504842000,0,2700.46000000,0.2722
1627457504893000,0,0.00886900,0.2722
1627457508506000,1,131.68320000,0.2720
1627457544017000,0,1260.26000000,0.2718
1627457544067000,0,905.74000000,0.2718
1627457592440000,0,4800.00000000,0.2724
1627457594119000,0,700.00000000,0.2725
1627457594976000,0,175.80370000,0.2727
1627457594976000,0,8.95756977,0.2727
1627457596712000,1,3500.00000000,0.2725
1627457596712000,1,500.00000000,0.2725
1627457596825000,1,18334.58453000,0.2725
1627457596838000,1,0.00000968,0.2725
1627457596926000,1,18344.21630000,0.2724
1627457602460000,1,0.00000441,0.2724
1627457602460000,1,916.99999559,0.2723
1627457605150000,1,2671.40298000,0.2722
1627457627794000,0,4000.00000000,0.2727
1627457627794000,0,3000.00000000,0.2727
1627457628444000,0,3500.00000000,0.2727
1627457628444000,0,4333.68128186,0.2727
1627457628444000,0,4333.24744189,0.2727
1627457629636000,0,11166.92000000,0.2727
1627457633385000,1,11000.00000000,0.2725
1627457633444000,1,7335.81302000,0.2725
1627457633505000,1,0.00000136,0.2725
1627457657492000,0,4800.00000000,0.2728
1627457657536000,0,1362.00000000,0.2728
1627457657536000,0,4800.00000000,0.2728
1627457657536000,0,2500.00000000,0.2728
1627457659905000,0,18000.00000000,0.2728
1627457659966000,0,10165.06345000,0.2728
1627457660037000,0,0.00000048,0.2728
1627457660153000,0,916.00000000,0.2729
1627457664454000,0,108.19090876,0.2730
1627457673647000,0,2.20797773,0.2730
1627457673647000,0,669.00000000,0.2730
1627457675257000,0,3000.22600000,0.2733
1627457675257000,0,18314.01374841,0.2733
1627457675257000,0,3552.76658215,0.2734
1627457687870000,1,3000.00000000,0.2735
1627457687912000,1,104.77740000,0.2735
1627457687923000,1,94.97380000,0.2735
1627457687936000,1,180.51970000,0.2735
1627457687958000,1,201.55740000,0.2735
1627457687964000,1,331.17170000,0.2735
1627457687973000,1,4000.00000000,0.2735
1627457688001000,1,905.70790000,0.2735
1627457688027000,1,17706.59414000,0.2735
1627457688200000,1,163.85870000,0.2735
1627457688234000,1,311.15330000,0.2735
1627457688250000,1,437.98800000,0.2735
1627457709246000,0,3000.00000000,0.2735
1627457709246000,0,4000.00000000,0.2735
1627457709246000,0,914.00000000,0.2735
1627457709246000,0,18295.21881994,0.2735
1627457709246000,0,3000.22600000,0.2736
1627457709246000,0,18356.80848972,0.2736
1627457709246000,0,18290.63245996,0.2736
1627457709246000,0,51150.20784898,0.2737
1627457716604000,0,2149.00000000,0.2735
1627457716679000,0,914.00000000,0.2735
1627457716679000,0,1000.00000000,0.2737
1627457716682000,0,5357.64884771,0.2737
1627457763489000,0,183.44000000,0.2746
1627457764966000,0,0.00300000,0.2746
1627457776184000,0,573.39003576,0.2750
1627457776184000,0,234.60996424,0.2750
1627457777409000,0,573.39003000,0.2750
1627457778894000,0,0.00000576,0.2750
1627457778894000,0,109.59599424,0.2750
1627457779204000,0,0.00002045,0.2750
1627457780041000,0,182.73730000,0.2754
1627457808758000,0,18122.89529956,0.2765
1627457818483000,0,18125.15536000,0.2762
1627457822986000,1,3000.00000000,0.2757
1627457822990000,1,4000.00000000,0.2757
1627457823240000,0,4000.00000000,0.2757
1627457825795000,0,3000.00000000,0.2759
1627457826069000,0,18147.94336000,0.2759
1627457829186000,0,0.00000468,0.2759
1627457829186000,0,18132.72063532,0.2762
1627457835360000,0,18139.32106000,0.2760
1627457836656000,0,0.00000477,0.2760
1627457836656000,0,18131.22642523,0.2761
1627457838752000,0,0.00001255,0.2761
1627457838752000,0,0.00000952,0.2762
1627457838752000,0,1875.00000000,0.2762
1627457843397000,0,1346.66240000,0.2767
1627457848213000,0,2000.00000000,0.2770
1627457854646000,0,108.80470000,0.2770
1627457858562000,1,3000.00000000,0.2769
1627457858562000,1,3033.47658000,0.2769
1627457858615000,1,18023.31946412,0.2767
1627457858615000,1,3431.06186381,0.2765
1627457858617000,1,3000.00000000,0.2769
1627457858815000,1,34706.88220000,0.2769
1627457858817000,1,4000.00000000,0.2769
1627457858817000,1,3646.31090000,0.2769
1627457858843000,1,2568.53710000,0.2769
1627457858875000,1,391.20610000,0.2769
1627457858879000,1,388.96510000,0.2769
1627457858923000,1,822.53950000,0.2769
1627457858929000,1,113.87050000,0.2769
1627457858931000,1,1561.68860000,0.2769
1627457860786000,0,170.46723585,0.2770
1627457895267000,0,1396.00000000,0.2763
1627457909089000,0,3000.00000000,0.2767
1627457909089000,0,3706.51045225,0.2767
1627457910700000,0,1020.00000000,0.2769
1627457910857000,0,3000.00000000,0.2770
1627457910857000,0,15080.99115000,0.2770
1627457923650000,1,4800.00000000,0.2771
1627457923650000,1,3000.22600000,0.2771
1627457923650000,1,32020.76850691,0.2770
1627457929715000,0,2002.00000000,0.2773
1627457929715000,0,14998.00000000,0.2773
1627457946840000,0,2072.00000000,0.2765
1627457946978000,0,18111.45870000,0.2765
1627457948566000,0,0.00000376,0.2765
1627457954186000,0,1910.00000000,0.2768
1627457967342000,1,3000.00000000,0.2766
1627457967435000,1,3000.00000000,0.2766
1627458016912000,0,354.00000000,0.2765
1627458069581000,0,3000.00000000,0.2747
1627458069643000,0,3296.00000000,0.2747
1627458069824000,1,1884.67361723,0.2741
1627458086190000,0,3000.00000000,0.2737
1627458086190000,0,447.00000000,0.2737
1627458086288000,0,2553.00000000,0.2737
1627458088830000,0,603.00000000,0.2737
1627458116581000,0,3726.00000000,0.2739
1627458116677000,0,1149.00000000,0.2739
1627458119361000,0,1147.00000000,0.2739
1627458135014000,0,1062.00000000,0.2741
1627458157580000,0,2703.00000000,0.2740
1627458164887000,0,118.00000000,0.2743
1627458212042000,0,2034.00000000,0.2740
1627458212324000,0,1850.00000000,0.2740
1627458249150000,0,2017.00000000,0.2741
1627458258558000,0,861.00000000,0.2744
1627458259650000,1,29235.68146000,0.2743
1627458259689000,1,155764.31854000,0.2743
1627458261044000,1,187.51000000,0.2744
1627458264414000,1,0.00860740,0.2744
1627458267121000,0,18171.58480000,0.2744
1627458271401000,0,16000.00000000,0.2746
1627458271469000,0,2231.85339000,0.2746
1627458271818000,0,0.00000899,0.2746
1627458271818000,0,611.00000000,0.2746
1627458332148000,0,2081.00000000,0.2753
1627458354894000,0,237.29460000,0.2767
1627458363576000,1,18655.05442066,0.2762
1627458363576000,1,3000.00000000,0.2762
1627458368837000,1,915.00000000,0.2764
1627458369518000,1,915.00000000,0.2764
1627458369893000,1,570.00000000,0.2764
1627458375270000,0,905.00000000,0.2764
1627458375270000,0,500.00000000,0.2764
1627458375270000,0,748.74061149,0.2764
1627458377099000,0,382.11250000,0.2764
1627458377504000,0,377.88000000,0.2764
1627458379464000,0,0.00750000,0.2764
1627458444879000,1,782.85430000,0.2757
1627458444886000,1,522.13230000,0.2757
1627458445308000,1,393.80230000,0.2753
1627458454095000,0,339.00000000,0.2752
1627458468168000,0,1500.00000000,0.2756
1627458468237000,0,1500.00000000,0.2756
1627458558125000,0,1147.48722140,0.2745
1627458600931000,0,3159.00000000,0.2733
1627458603282000,0,3746.00000000,0.2733
1627458656219000,1,3000.00000000,0.2732
1627458656219000,1,2223.85339000,0.2732
1627458658178000,1,4800.00000000,0.2732
1627458663667000,0,1436.00000000,0.2733
1627458665242000,0,564.00000000,0.2734
1627458665284000,0,635.00000000,0.2734
1627458686439000,0,459.00000000,0.2737
1627458693489000,1,4000.00000000,0.2739
1627458693489000,1,3000.00000000,0.2739
1627458693591000,1,18829.17348000,0.2739
1627458693720000,1,0.00000803,0.2739
1627458693720000,1,1000.00000000,0.2739
1627458693720000,1,12999.99999197,0.2739
1627458693768000,1,8500.00000000,0.2739
1627458693823000,1,7000.00000000,0.2739
1627458712447000,0,740.38180000,0.2737
1627458721931000,0,1396.00000000,0.2741
1627458721947000,0,1500.00000000,0.2741
1627458722039000,0,573.43380000,0.2741
1627458723037000,0,1874.00000000,0.2739
1627458740407000,0,4000.00000000,0.2753
1627458782660000,0,908.00000000,0.2753
1627458782755000,0,18179.04940000,0.2753
1627458790049000,1,329.39130000,0.2760
1627458799522000,0,906.00000000,0.2765
1627458826850000,0,2500.00000000,0.2767
1627458826850000,0,500.00000000,0.2767
1627458826850000,0,18095.64000000,0.2767
1627458834844000,0,18086.89032000,0.2768
1627458834845000,0,0.00000472,0.2768
1627458834897000,0,150.01230000,0.2768
1627458834903000,0,1940.81480000,0.2768
1627458839062000,0,19200.00000000,0.2777
1627458839137000,0,27759.11200000,0.2777
1627458839144000,0,0.00007891,0.2777
1627458839298000,0,3289.61160000,0.2777
1627458845220000,1,1593.00000000,0.2776
1627458859259000,0,1502.00000000,0.2777
1627458869836000,1,168.43580000,0.2781
1627458908220000,1,19200.00000000,0.2768
1627458911005000,0,4800.00000000,0.2769
1627458911005000,0,1029.00000000,0.2769
1627458911041000,0,14029.55703907,0.2770
1627458911097000,0,4044.07315562,0.2770
1627458914719000,0,156.44150000,0.2770
1627458914719000,0,889.55850000,0.2770
1627458963686000,0,4800.00000000,0.2780
1627458965630000,1,156.44150000,0.2779
1627458970277000,1,267.69980000,0.2779
1627458970294000,1,131.50800000,0.2779
1627458987774000,1,3000.00000000,0.2777
1627459009055000,0,711.00000000,0.2778
1627459022146000,1,995.43570000,0.2774
1627459022159000,1,1004.56430000,0.2774
1627459022211000,1,345.32520000,0.2774
1627459022214000,1,504.54560000,0.2774
1627459022215000,1,1150.12920000,0.2774
1627459022215000,1,4000.00000000,0.2774
1627459022324000,1,184.16810000,0.2773
1627459039391000,0,1071.00000000,0.2771
1627459040447000,0,3000.00000000,0.2771
1627459040447000,0,4000.00000000,0.2771
1627459040447000,0,18065.68000000,0.2771
1627459040531000,0,3000.00000000,0.2771
1627459040531000,0,0.00701565,0.2771
1627459046958000,0,4800.00000000,0.2771
1627459061254000,0,1500.00000000,0.2773
1627459061254000,0,1891.00000000,0.2773
1627459061254000,0,4800.00000000,0.2773
1627459107398000,1,3000.00000000,0.2755
1627459107470000,1,2500.00000000,0.2755
1627459107502000,1,4000.00000000,0.2755
1627459129287000,0,3000.00000000,0.2746
1627459129287000,0,4000.00000000,0.2746
1627459129471000,0,1064.00000000,0.2747
1627459130167000,0,2763.00000000,0.2749
1627459150403000,0,2094.00000000,0.2751
1627459154922000,1,1371.95443916,0.2750
1627459199062000,1,378.13825815,0.2755
1627459227288000,1,190.54753460,0.2750
1627459232507000,0,1272.00000000,0.2755
1627459232865000,0,907.00000000,0.2758
1627459237495000,0,4800.00000000,0.2761
1627459237933000,1,312.12810000,0.2758
1627459245399000,1,383.14881153,0.2756
1627459248704000,1,1000.00000000,0.2756
1627459265450000,0,3000.00000000,0.2775
1627459265450000,0,17162.71650000,0.2775
1627459268143000,1,4800.00000000,0.2771
1627459270347000,0,1500.00000000,0.2775
1627459270347000,0,18045.20661088,0.2775
1627459270347000,0,3647.53359996,0.2775
1627459270347000,0,18038.93086469,0.2777
1627459270347000,0,3575.33851915,0.2777
1627459270347000,0,3053.10216000,0.2777
1627459270347000,0,1000.00000000,0.2778
1627459270347000,0,27174.80294532,0.2778
1627459270511000,0,3625.81528593,0.2778
1627459270511000,0,3612.48243306,0.2779
1627459270511000,0,10211.60968101,0.2781
1627459278772000,1,4800.00000000,0.2775
1627459283728000,0,438.00000000,0.2778
1627459301679000,1,1055.19770000,0.2783
1627459302028000,1,898.00000000,0.2781
1627459317693000,0,1191.34638619,0.2781
1627459328735000,0,2077.00820000,0.2788
1627459353014000,0,4800.00000000,0.2784
1627459354152000,1,1365.00000000,0.2781
1627459354152000,1,3000.00000000,0.2781
1627459354152000,1,4000.00000000,0.2781
1627459354152000,1,68435.00000000,0.2781
1627459363190000,0,4800.00000000,0.2776
1627459374680000,1,901.00000000,0.2771
1627459375952000,0,2213.70030000,0.2774
1627459380883000,0,4800.00000000,0.2774
1627459381867000,0,4800.00000000,0.2774
1627459401668000,0,1940.00000000,0.2776
1627459402830000,1,383.14881154,0.2774
1627459415517000,0,4800.00000000,0.2780
1627459415517000,0,3000.00000000,0.2780
1627459415517000,0,899.00000000,0.2780
1627459415517000,0,85.67270635,0.2782
1627459453236000,0,1907.00000000,0.2777
1627459482617000,1,2213.70030000,0.2775
1627459509034000,0,559.30028063,0.2779
1627459541238000,0,1144.00000000,0.2779
1627459542681000,0,732.45130000,0.2780
1627459542708000,0,500.00000000,0.2781
1627459546509000,1,897.00000000,0.2783
1627459547484000,1,335.45130000,0.2783
1627459557601000,0,108.02480000,0.2790
1627459557665000,0,0.00000198,0.2790
1627459557665000,0,895.99999802,0.2791
1627459562997000,0,170.46720000,0.2793
1627459563222000,0,0.00003585,0.2793
1627459580683000,1,893.00000000,0.2797
1627459580683000,1,607.00000000,0.2796
1627459580790000,1,893.00000000,0.2796
1627459580790000,1,2107.00000000,0.2796
1627459606856000,0,1000.00000000,0.2800
1627459606879000,0,500.00000000,0.2800
1627459607696000,0,179.32120000,0.2803
1627459634627000,0,2518.00000000,0.2802
1627459634632000,0,0.00005000,0.2803
1627459638435000,0,107.25590000,0.2810
1627459654535000,0,3685.72000000,0.2818
1627459654558000,0,1114.28000000,0.2818
1627459699468000,0,669.07550461,0.2809
1627459731090000,1,1786.57710000,0.2806
1627459733580000,0,335.58296799,0.2808
1627459742384000,1,352.46980000,0.2804
1627459742395000,1,151.24930000,0.2804
1627459756654000,0,1055.00000000,0.2797
1627459816542000,0,17956.64000000,0.2787
1627459816542000,0,0.00725162,0.2787
1627459816590000,0,3000.00000000,0.2787
1627459819000000,0,2055.00000000,0.2787
1627459848508000,1,413.91290000,0.2782
1627459862539000,0,2067.00000000,0.2780
1627459883434000,0,1639.00000000,0.2782
1627459899035000,0,809.45000000,0.2779
1627459899079000,0,0.00765860,0.2779
1627459969901000,1,1149.36800000,0.2778
1627459998768000,0,2894.00000000,0.2781
1627460029159000,1,6000.00000000,0.2782
1627460034316000,1,2500.00000000,0.2778
1627460034797000,1,11547.78424000,0.2778
1627460036769000,1,7500.00000000,0.2777
1627460042395000,1,625.00000000,0.2767
1627460042397000,1,3196.53363969,0.2767
1627460045574000,1,2867.76808931,0.2762
1627460055186000,1,4800.00000000,0.2766
1627460055186000,1,241.79162788,0.2766
1627460055186000,1,11467.74633547,0.2765
1627460060872000,1,108.69171407,0.2760
1627460093672000,0,196.53360000,0.2761
1627460093688000,0,313.73300000,0.2761
1627460094014000,0,4463.00000000,0.2762
1627460102293000,0,783.00000000,0.2765
1627460148575000,0,989.00000000,0.2756
1627460161768000,0,2984.65036000,0.2761
1627460161801000,0,1496.27650000,0.2763
1627460161822000,0,239.32620000,0.2763
1627460175572000,0,950.66430000,0.2763
1627460175592000,0,24049.33570000,0.2763
1627460177757000,1,4800.00000000,0.2763
1627460183205000,1,4800.00000000,0.2762
1627460238275000,1,4800.00000000,0.2753
1627460242416000,1,4800.00000000,0.2753
1627460242737000,1,7000.00000000,0.2752
1627460243151000,1,181.26317319,0.2752
1627460272771000,0,2076.00000000,0.2752
1627460286288000,0,1824.00000000,0.2753
1627460300723000,1,1974.87486635,0.2752
1627460326120000,1,3666.70302104,0.2751
1627460326120000,1,4800.00000000,0.2751
1627460326409000,0,14534.27711000,0.2751
1627460326477000,0,11500.00000000,0.2751
1627460326542000,0,6000.00000000,0.2751
1627460326557000,0,123.83730000,0.2751
1627460326605000,0,103.66630000,0.2751
1627460326700000,0,5644.19000000,0.2751
1627460326707000,0,118779.34680273,0.2751
1627460384980000,1,4800.00000000,0.2746
1627460388366000,0,889.00000000,0.2748
1627460388402000,0,4548.00000000,0.2748
1627460415894000,0,1452.00000000,0.2751
1627460452816000,0,3000.00000000,0.2753
1627460452816000,0,2074.58266143,0.2753
1627460500445000,0,1250.00000000,0.2752
1627460503695000,0,852.00000000,0.2751
1627460508389000,0,1788.03690000,0.2755
1627460508394000,0,0.00008435,0.2755
1627460508445000,0,4537.00000000,0.2755
1627460514801000,1,4800.00000000,0.2759
1627460514954000,1,2124.50494000,0.2758
1627460517335000,1,4800.00000000,0.2759
1627460517548000,1,2124.72039000,0.2759
1627460517897000,1,2000.00000000,0.2759
1627460518114000,1,2124.72039000,0.2759
1627460518732000,1,4800.00000000,0.2759
1627460543952000,0,1340.00000000,0.2763
1627460543952000,0,777.00000000,0.2763
1627460556570000,1,500.00000000,0.2760
1627460556627000,1,9000.00000000,0.2760
1627460556695000,1,9104.17632000,0.2760
1627460556753000,1,2092.34072000,0.2760
1627460556806000,1,0.00000443,0.2760
1627460556806000,1,2091.23523557,0.2759
1627460557064000,1,2092.34072000,0.2759
1627460594534000,0,4800.00000000,0.2761
1627460594534000,0,1094.00000000,0.2761
1627460609068000,1,227.50360000,0.2765
1627460623136000,0,3000.00000000,0.2766
1627460623283000,0,4000.00000000,0.2766
1627460623283000,0,2500.00000000,0.2766
1627460623283000,0,1533.03872000,0.2766
1627460623564000,0,10144.47933260,0.2766
1627460630234000,0,228.13110000,0.2765
1627460630253000,0,130.63390000,0.2765
1627460630513000,0,903.00000000,0.2766
1627460644089000,0,181.26317319,0.2773
1627460646247000,1,1261.76500000,0.2772
1627460654430000,1,1968.63977000,0.2774
1627460654491000,1,0.00000263,0.2774
1627460654491000,1,3000.00000000,0.2774
1627460654491000,1,999.99999737,0.2774
1627460654678000,1,1098.00000000,0.2774
1627460654784000,1,140.90650000,0.2774
1627460689995000,1,900.00000000,0.2774
1627460690137000,1,1940.09806465,0.2774
1627460690237000,1,900.00000000,0.2774
1627460690237000,1,1500.00000000,0.2774
1627460690237000,1,15614.33113000,0.2774
1627460700307000,1,1931.00066000,0.2773
1627460700431000,1,0.00000310,0.2773
1627460706821000,0,255.00000000,0.2776
1627460732996000,0,4800.00000000,0.2778
1627460733023000,0,1595.00000000,0.2779
1627460741926000,0,11297.06962000,0.2779
1627460741987000,0,7164.08401000,0.2779
1627460742094000,0,0.00000942,0.2779
1627460750356000,0,4800.00000000,0.2780
1627460777763000,1,900.00000000,0.2774
1627460808663000,1,1826.05631000,0.2771
1627460808755000,1,0.00000965,0.2771
1627460808824000,1,4567.73380000,0.2771
1627460867164000,0,1833.00000000,0.2769
1627460899437000,0,1859.00000000,0.2768
1627460961345000,1,17742.79218000,0.2757
1627460961923000,1,1154.03053557,0.2755
1627460962002000,1,3645.96946443,0.2755
1627460975072000,0,3000.00000000,0.2753
1627460979402000,0,140.90650000,0.2753
1627460979415000,0,2233.09350000,0.2753
1627460979546000,0,2924.00000000,0.2754
1627460979546000,0,2500.00000000,0.2754
1627460979577000,0,2500.00000000,0.2754
1627461023979000,0,579.00000000,0.2751
1627461032170000,1,3000.00000000,0.2748
1627461041133000,0,231.00000000,0.2749
1627461058683000,1,4800.00000000,0.2747
1627461082418000,1,109.48505529,0.2740
1627461089984000,1,3000.00000000,0.2737
1627461089984000,1,15246.03707000,0.2737
1627461090463000,1,1056.05410000,0.2736
1627461090615000,1,139.76080000,0.2736
1627461090620000,1,502.61548196,0.2736
1627461090620000,1,1698.45518128,0.2736
1627461090620000,1,2500.00000000,0.2734
1627461090620000,1,913.00000000,0.2734
1627461090620000,1,3690.72842842,0.2733
1627461090620000,1,15562.20723890,0.2731
1627461090695000,1,1698.45518000,0.2736
1627461108237000,0,2106.00000000,0.2738
1627461145492000,0,2004.00000000,0.2738
1627461152969000,0,913.00000000,0.2739
1627461153871000,0,18710.54596000,0.2742
1627461156161000,0,0.00000333,0.2742
1627461196152000,0,911.00000000,0.2745
1627461196152000,0,472.57340000,0.2745
1627461219126000,0,1155.00000000,0.2745
1627461239361000,0,112.70000000,0.2746
1627461247564000,0,2.30000000,0.2746
1627461247664000,0,909.00000000,0.2749
1627461261079000,1,2373.00000000,0.2748
1627461261165000,1,500.00000000,0.2747
1627461278097000,0,902.00000000,0.2749
1627461300139000,1,1353.00000000,0.2751
1627461336187000,0,1590.00000000,0.2748
1627461347932000,1,1089.75850000,0.2745
1627461347999000,1,17111.82980000,0.2745
1627461348079000,1,1643.53650000,0.2745
1627461348085000,1,910.00000000,0.2745
1627461364428000,0,4800.00000000,0.2739
1627461371733000,0,4000.00000000,0.2740
1627461371733000,0,14264.90631000,0.2740
1627461383418000,0,2660.00000000,0.2740
1627461389052000,0,1040.00000000,0.2740
1627461396123000,1,1616.55572343,0.2738
1627461427819000,1,112.27470000,0.2735
1627461438815000,1,581.69600000,0.2730
1627461438827000,1,134.67170000,0.2730
1627461438899000,1,345.96280000,0.2730
1627461439012000,1,123.12910000,0.2730
1627461439129000,1,427.21170000,0.2730
1627461442153000,1,0.00009082,0.2730
1627461442153000,1,1614.12460918,0.2727
1627461442376000,1,158.76560000,0.2727
1627461442378000,1,768.22420000,0.2727
1627461442381000,1,195.68250000,0.2727
1627461442382000,1,310.15550000,0.2727
1627461442392000,1,259.80070000,0.2727
1627461442393000,1,679.56620000,0.2727
1627461442413000,1,827.71170000,0.2727
1627461442424000,1,640.60140000,0.2727
1627461442437000,1,175.31971854,0.2727
1627461442438000,1,182.93840000,0.2727
1627461442446000,1,1423.34502878,0.2727
1627461442532000,1,182.93845815,0.2727
1627461442532000,1,392.70230000,0.2726
1627461442540000,1,2511.56430000,0.2726
1627461442546000,1,756.42810000,0.2726
1627461442633000,1,183.01900000,0.2725
1627461442827000,1,0.00000638,0.2725
1627461443455000,1,179.62225325,0.2721
1627461448233000,1,3.66576027,0.2721
1627461448667000,1,110.29006287,0.2720
1627461450425000,1,1478.25972000,0.2717
1627461450498000,1,0.00000003,0.2717
1627461450498000,1,1478.19449997,0.2717
1627461450811000,1,1478.13795000,0.2715
1627461450822000,1,0.00000402,0.2715
1627461450881000,1,9611.44450456,0.2715
1627461450881000,1,1478.57280919,0.2712
1627461450881000,1,3654.76805073,0.2708
1627461450881000,1,100000.00000000,0.2705
1627461450881000,1,2262.30825412,0.2705
1627461452200000,0,2847.00000000,0.2716
1627461452202000,0,248.32760000,0.2716
1627461452209000,0,0.00004286,0.2716
1627461474352000,0,3000.00000000,0.2710
1627461474431000,0,3949.00000000,0.2710
1627461474459000,0,2277.00000000,0.2710
1627461474459000,0,223.00000000,0.2710
1627461474552000,0,2277.00000000,0.2710
1627461475094000,0,3500.00000000,0.2712
1627461475094000,0,4354.66637000,0.2712
1627461475969000,0,4354.23926258,0.2713
1627461475969000,0,4354.23926258,0.2714
1627461475969000,0,12887.75315894,0.2714
1627461492558000,0,18440.95336000,0.2715
1627461547037000,0,1974.00000000,0.2711
1627461547090000,0,18458.69920000,0.2711
1627461547816000,0,0.00007533,0.2711
1627461550828000,0,1458.00000000,0.2712
1627461563721000,0,0.00000302,0.2715
1627461563721000,0,1905.99999698,0.2716
1627461564649000,0,115.00000000,0.2715
1627461592435000,0,1546.00000000,0.2717
1627461616623000,0,1288.00000000,0.2718
1627461616625000,0,4978.88390000,0.2718
1627461623403000,0,536.21000000,0.2719
1627461623403000,0,195.79000000,0.2719
1627461628940000,0,1774.00000000,0.2719
1627461640897000,0,146.63110000,0.2719
1627461640916000,0,636.27890000,0.2719
1627461640925000,0,166.04900000,0.2719
1627461644221000,1,1409.44348260,0.2717
1627461681711000,1,3508.83890000,0.2715
1627461681792000,1,0.00006234,0.2715
1627461681792000,1,1403.91798463,0.2714
1627461681806000,1,3000.00000000,0.2713
1627461681944000,1,3000.00000000,0.2713
1627461681966000,1,9123.04870374,0.2713
1627461681966000,1,1403.60794576,0.2713
1627461681966000,1,4000.00000000,0.2713
1627461681966000,1,4673.34335050,0.2713
1627461696412000,1,1293.54610000,0.2709
1627461696413000,1,0.00000949,0.2709
1627461696413000,1,1293.54609051,0.2709
1627461696420000,1,285.21810000,0.2709
1627461696908000,0,3000.00000000,0.2708
1627461717233000,0,727.00000000,0.2706
1627461753438000,1,184.64499000,0.2701
1627461753439000,1,0.00000888,0.2701
1627461753463000,1,3258.88571394,0.2700
1627461753463000,1,435.36728606,0.2700
1627461753515000,1,111.10690000,0.2700
1627461753515000,1,757.76741067,0.2700
1627461753519000,1,111.10699604,0.2700
1627461753519000,1,2388.89300396,0.2700
1627461753824000,1,1572.20580000,0.2699
1627461753826000,1,2370.19490000,0.2699
1627461753900000,1,4535.48338167,0.2699
1627461754210000,1,139.65000000,0.2698
1627461756479000,1,45.23453982,0.2698
1627461760204000,0,1307.00000000,0.2696
1627461760204000,0,2693.00000000,0.2696
1627461760755000,0,2556.04570000,0.2697
1627461760765000,0,249.93210000,0.2697
1627461761761000,0,1808.00000000,0.2698
1627461766708000,0,449.42730000,0.2703
1627461766716000,0,219.43630000,0.2703
1627461766719000,0,2780.56370000,0.2703
1627461766719000,0,3921.50957402,0.2703
1627461766774000,0,345.84570000,0.2704
1627461766776000,0,527.90270000,0.2704
1627461766790000,0,126.77110000,0.2705
1627461766792000,0,176.10850000,0.2705
1627461767118000,0,4369.36195610,0.2705
1627461767156000,0,4369.98984605,0.2705
1627461824316000,1,1306.48602000,0.2707
1627461824344000,1,0.00000754,0.2707
1627461858193000,0,2001.00000000,0.2706
1627461884782000,0,694.00000000,0.2707
1627461889760000,1,1295.04616000,0.2703
1627461908995000,0,4800.00000000,0.2705
1627461909393000,0,7741.44570000,0.2705
1627461911245000,0,139.65000000,0.2705
1627461911255000,0,186.35440000,0.2705
1627461911255000,0,757.99560000,0.2705
1627461950577000,1,3000.00000000,0.2715
1627461950600000,1,387.56500000,0.2715
1627461950829000,1,4000.00000000,0.2715
1627461950884000,1,4000.00000000,0.2715
1627461977605000,0,2695.00000000,0.2714
1627462021139000,0,4800.00000000,0.2715
1627462027920000,0,4800.00000000,0.2715
1627462030670000,0,4800.00000000,0.2716
1627462030786000,0,18420.47513992,0.2717
1627462037531000,0,4800.00000000,0.2716
1627462056446000,0,4800.00000000,0.2715
1627462059481000,0,1697.00000000,0.2716
1627462108984000,0,1781.00000000,0.2717
1627462122640000,0,467.00000000,0.2717
1627462173547000,0,4800.00000000,0.2714
1627462177808000,0,372.00000000,0.2715
1627462216475000,0,1295.00000000,0.2718
1627462229197000,1,4800.00000000,0.2719
1627462229197000,1,475.57000000,0.2719
1627462292628000,0,2000.00000000,0.2715
1627462292719000,0,1452.00000000,0.2716
1627462313537000,1,918.00000000,0.2720
1627462327108000,0,139.65000000,0.2725
1627462327108000,0,45.23450000,0.2725
1627462327165000,0,0.00003982,0.2725
1627462329716000,1,4800.00000000,0.2724
1627462332824000,1,1371.79184000,0.2722
1627462332924000,1,0.00000732,0.2722
1627462332924000,1,2999.99999268,0.2722
1627462349605000,0,889.00000000,0.2721
1627462349605000,0,225.58930000,0.2721
1627462354981000,0,4800.00000000,0.2721
1627462357896000,0,4800.00000000,0.2721
1627462376349000,0,4800.00000000,0.2721
1627462441235000,0,4800.00000000,0.2714
1627462441235000,0,520.00000000,0.2715
1627462465243000,0,3119.00000000,0.2717
1627462468632000,0,966.00000000,0.2717
1627462526568000,0,1008.00000000,0.2719
1627462592811000,1,1498.83038760,0.2723
1627462628396000,1,992.64230000,0.2722
1627462628866000,1,564.45380000,0.2722
1627462628878000,1,2901.75173187,0.2722
1627462632831000,1,707.02392000,0.2721
1627462653815000,0,1092.00000000,0.2722
1627462653815000,0,4800.00000000,0.2722
1627462654783000,0,4800.00000000,0.2722
1627462656158000,0,3000.00000000,0.2722
1627462656158000,0,4000.00000000,0.2722
1627462711584000,0,1034.00000000,0.2725
1627462739138000,0,564.45380000,0.2727
1627462739185000,0,1138.00000000,0.2727
1627462739273000,0,951.21000000,0.2727
1627462739281000,0,468.79000000,0.2727
1627462740005000,0,184.64499000,0.2728
1627462808420000,0,3412.00000000,0.2727
1627462820995000,1,14669.43251000,0.2726
1627462827145000,1,11500.00000000,0.2724
1627462874948000,0,529.84000000,0.2725
1627462875000000,0,1020.16000000,0.2725
1627462934515000,0,1874.00000000,0.2734
1627462978351000,0,179.62225325,0.2743
1627462978351000,0,3.66576027,0.2743
1627462978351000,0,2670.20208648,0.2744
1627462978358000,0,1329.79791352,0.2744
1627462978358000,0,18053.48998648,0.2744
1627462978358000,0,183.28790000,0.2744
1627462978378000,0,0.00014970,0.2744
1627462978424000,0,4570.14629521,0.2745
1627462978425000,0,13672.38370518,0.2745
1627462978425000,0,3594.66647236,0.2745
1627462978430000,0,4000.00000000,0.2745
1627462978487000,0,3000.00000000,0.2745
1627462981619000,0,256.40977238,0.2749
1627462981619000,0,1090.25263744,0.2749
1627462984636000,1,830.18470000,0.2745
1627462984648000,1,153.37810000,0.2745
1627462984683000,1,1385.48719405,0.2745
1627462984683000,1,183.44740595,0.2745
1627462984727000,1,3000.00000000,0.2745
1627462984727000,1,1847.87610487,0.2745
1627462984776000,1,124.08370000,0.2745
1627462984779000,1,3082.38240000,0.2745
1627462984832000,1,72.47540488,0.2745
1627462995903000,0,910.00000000,0.2749
1627462995903000,0,2090.00000000,0.2750
1627462997210000,0,183.01900000,0.2750
1627462997210000,0,724.00000000,0.2750
1627462997279000,0,109.59600000,0.2750
1627462997342000,0,0.00001469,0.2750
1627463003488000,1,746.23160000,0.2749
1627463003489000,1,161.76840000,0.2749
1627463003500000,1,666.95030000,0.2749
1627463003500000,1,161.41440000,0.2749
1627463003506000,1,299.54980000,0.2749
1627463003508000,1,224.18653271,0.2749
1627463003514000,1,495.04010000,0.2749
1627463003516000,1,864.11698979,0.2749
1627463003516000,1,3397.89821021,0.2749
1627463003554000,1,0.00008997,0.2749
1627463005197000,0,1000.00000000,0.2749
1627463005197000,0,2296.14960000,0.2749
1627463021197000,0,991.00000000,0.2751
1627463047590000,0,182.93000000,0.2754
1627463047642000,0,179.27968899,0.2754
1627463049800000,0,528.93419378,0.2754
1627463059982000,0,10.78611723,0.2754
1627463059982000,0,0.00845815,0.2754
1627463059982000,0,1588.36703628,0.2754
1627463069700000,1,4800.00000000,0.2758
1627463076314000,1,3000.00000000,0.2759
1627463076314000,1,4639.75620000,0.2759
1627463076440000,1,1151.46400000,0.2759
1627463076449000,1,234.12980000,0.2759
1627463076459000,1,153.32130000,0.2759
1627463112553000,1,1031.00000000,0.2758
1627463122380000,0,1850.00000000,0.2760
1627463140628000,1,906.00000000,0.2757
1627463168943000,0,1337.00000000,0.2753
1627463173467000,0,907.00000000,0.2755
1627463199284000,0,589.00000000,0.2756
1627463228114000,0,874.00000000,0.2759
1627463240948000,0,106.62864156,0.2770
1627463252494000,0,4800.00000000,0.2770
1627463252494000,0,2.17609473,0.2770
1627463252494000,0,241.82621719,0.2771
1627463267946000,1,1302.08490000,0.2767
1627463267951000,1,197.91510000,0.2767
1627463292374000,1,457.00000000,0.2767
1627463314185000,1,457.00000000,0.2767
1627463393954000,0,2620.00000000,0.2767
1627463474883000,1,1119.82894659,0.2752
1627463474914000,1,430.27800000,0.2752
1627463474940000,1,692.19480000,0.2751
1627463474960000,1,404.62310000,0.2751
1627463475035000,1,1032.62630000,0.2751
1627463475037000,1,669.55865210,0.2751
1627463475037000,1,7279.03907449,0.2751
1627463475152000,1,3657.99600000,0.2749
1627463475251000,1,4000.00000000,0.2751
1627463475273000,1,139.65000000,0.2751
1627463475278000,1,3139.38907449,0.2751
1627463475278000,1,779.44262551,0.2751
1627463475309000,1,652.16632742,0.2751
1627463475398000,1,1367.39389917,0.2751
1627463475398000,1,1119.82894659,0.2751
1627463483689000,1,995.95583897,0.2748
1627463483689000,1,2465.29171575,0.2747
1627463483689000,1,2465.29156122,0.2747
1627463483689000,1,13637.98535086,0.2747
1627463483691000,1,21643.72151243,0.2747
1627463483766000,0,3689.00000000,0.2751
1627463483770000,0,1111.00000000,0.2751
1627463484613000,0,4800.00000000,0.2747
1627463490675000,0,4549.00000000,0.2748
1627463491024000,0,4548.00000000,0.2751
1627463502732000,1,956.49833474,0.2747
1627463502732000,1,956.49833474,0.2747
1627463502868000,1,2391.35017000,0.2747
1627463511597000,0,3027.00000000,0.2750
1627463528023000,0,2459.00000000,0.2754
1627463529028000,1,4800.00000000,0.2752
1627463589873000,0,1414.00000000,0.2754
1627463611278000,0,973.00000000,0.2755
1627463611278000,0,2920.54000000,0.2755
1627463625643000,1,873.39650000,0.2755
1627463649588000,0,1888.00000000,0.2755
1627463679714000,1,4800.00000000,0.2757
1627463698199000,1,357.46400000,0.2755
1627463698229000,1,214.95170000,0.2755
1627463698265000,1,260.75800000,0.2755
1627463698279000,1,99.80060000,0.2755
1627463698300000,1,11.92680823,0.2755
1627463698522000,1,548.05980327,0.2754
1627463698625000,1,396.84130496,0.2754
1627463698625000,1,257.63055526,0.2754
1627463705664000,0,2132.00000000,0.2755
1627463766936000,0,2194.00000000,0.2763
1627463815922000,1,877.66208000,0.2764
1627463821622000,1,858.88180000,0.2761
1627463821675000,1,0.00003134,0.2761
1627463821675000,1,2000.00000000,0.2760
1627463821675000,1,2147.57766460,0.2760
1627463821709000,1,2000.00000000,0.2760
1627463821709000,1,490.06320000,0.2760
1627463821727000,1,3092.52770000,0.2760
1627463821740000,1,1999.99997677,0.2760
1627463821872000,1,858.88183134,0.2761
1627463821886000,1,2147.57766460,0.2759
1627463821985000,1,2147.57766460,0.2760
1627463822214000,1,335.55574962,0.2758
1627463822235000,1,514.90449362,0.2758
1627463822348000,1,1297.11742136,0.2758
1627463822348000,1,749.34324304,0.2758
1627463822935000,1,2147.57766460,0.2753
1627463822935000,1,858.88183134,0.2753
1627463863535000,0,796.00000000,0.2757
1627463863651000,0,3000.00000000,0.2759
1627463863699000,0,3000.00000000,0.2759
1627463863789000,0,4285.75720000,0.2759
1627463863801000,0,0.00001272,0.2759
1627463863917000,0,10713.91596535,0.2760
1627463863917000,0,16538.58373465,0.2760
1627463863919000,0,601.26030000,0.2760
1627463875692000,1,1000.00000000,0.2765
1627463897315000,1,4000.00000000,0.2755
1627463908914000,0,4800.00000000,0.2754
1627463909638000,0,4800.00000000,0.2754
1627463913189000,0,3500.00000000,0.2755
1627463914758000,0,1215.50260000,0.2759
1627463914763000,0,404.77010000,0.2759
1627463914955000,1,440.00000000,0.2754
1627463919437000,1,1020.26556000,0.2759
1627463923346000,1,388.19310000,0.2756
1627463979967000,0,880.00000000,0.2756
1627464012088000,1,1019.87620000,0.2758
1627464028313000,1,990.50527834,0.2754
1627464033906000,0,4800.00000000,0.2755
1627464036299000,0,1109.77034500,0.2756
1627464036644000,0,1366.22965000,0.2756
1627464076548000,1,990.98597000,0.2752
1627464076676000,1,0.00000839,0.2752
1627464076721000,1,143.23520000,0.2752
1627464076725000,1,108.44390000,0.2752
1627464076737000,1,739.14140109,0.2752
1627464076769000,1,470.64120000,0.2751
1627464076869000,1,212.05480000,0.2751
1627464076872000,1,374.40710000,0.2751
1627464076880000,1,170.02380000,0.2751
1627464076891000,1,234.50027839,0.2751
1627464076891000,1,300.52202161,0.2751
1627464077044000,1,899.72990000,0.2750
1627464077119000,1,990.82050109,0.2750
1627464077119000,1,6202.79369891,0.2749
1627464077153000,1,239.58440706,0.2749
1627464077213000,1,990.98597839,0.2750
1627464111497000,0,750.00000000,0.2747
1627464127087000,0,621.00000000,0.2750
1627464139231000,0,2521.87000000,0.2755
1627464140879000,0,1000.00000000,0.2755
1627464140879000,0,4684.00000000,0.2756
1627464147438000,0,4800.00000000,0.2754
1627464175570000,0,9596.75660000,0.2751
1627464175679000,0,112.98070000,0.2751
1627464175743000,0,144.49630000,0.2751
1627464191773000,0,1175.00000000,0.2755
1627464270581000,0,162.04030000,0.2756
1627464270615000,0,125.19630000,0.2756
1627464270690000,0,247.23730000,0.2756
1627464270836000,0,160.49390000,0.2756
1627464270841000,0,993.03220000,0.2756
1627464309823000,0,2145.00000000,0.2758
1627464309837000,0,4288.45650000,0.2758
1627464309848000,0,0.00009439,0.2758
1627464310017000,0,10720.51619781,0.2759
1627464310017000,0,8479.48380219,0.2759
1627464310211000,0,4288.32740974,0.2760
1627464310229000,0,4748.17900240,0.2760
1627464310241000,0,1697.12099760,0.2760
1627464310262000,0,657.70000000,0.2760
1627464310292000,0,3938.12483713,0.2760
1627464314551000,1,4800.00000000,0.2762
1627464318843000,1,4800.00000000,0.2761
1627464320417000,1,3000.00000000,0.2759
1627464320539000,1,905.00000000,0.2759
1627464320832000,1,905.00000000,0.2759
1627464379544000,0,4800.00000000,0.2762
1627464379544000,0,1258.00000000,0.2762
1627464398530000,1,1590.47700000,0.2760
1627464398682000,1,497.58230000,0.2760
1627464398718000,1,102.82780000,0.2760
1627464430072000,1,4800.00000000,0.2762
1627464430072000,1,1037.55979736,0.2761
1627464430072000,1,2947.11290899,0.2761
1627464452418000,0,997.00000000,0.2763
1627464514602000,0,4800.00000000,0.2765
1627464566160000,0,1229.00000000,0.2763
1627464603041000,1,902.00000000,0.2766
1627464613781000,1,997.58990000,0.2764
1627464620597000,1,978.73554160,0.2763
1627464648593000,0,3000.00000000,0.2762
1627464648593000,0,4800.00000000,0.2762
1627464649645000,0,1407.00000000,0.2762
1627464665566000,0,3227.00000000,0.2762
1627464726459000,0,4000.00000000,0.2758
1627464729713000,0,83.30000000,0.2758
1627464730155000,0,1.70000000,0.2758
1627464735860000,0,1090.00000000,0.2761
1627464772435000,0,1053.00000000,0.2762
1627464779404000,0,1500.00000000,0.2763
1627464912162000,0,556.00000000,0.2761
1627464916268000,0,3701.00000000,0.2761
1627464998625000,0,2696.00000000,0.2761
1627465015754000,0,18120.12000000,0.2761
1627465021614000,0,1850.36575650,0.2761
1627465035806000,1,392.19852764,0.2759
1627465036693000,0,0.00780965,0.2761
1627465036693000,0,2177.00000000,0.2761
1627465040169000,0,721.87727042,0.2764
1627465072779000,0,4262.09660000,0.2775
1627465072784000,0,0.00006649,0.2775
1627465072784000,0,900.99993351,0.2775
1627465072859000,0,3650.66190000,0.2776
1627465072922000,0,0.00005302,0.2776
1627465072922000,0,296.45484698,0.2776
1627465072925000,0,1852.01040000,0.2776
1627465072931000,0,155.66510000,0.2776
1627465072936000,0,8345.60964371,0.2776
1627465072986000,0,4259.92575877,0.2776
1627465072986000,0,15919.14504123,0.2777
1627465074101000,0,3183.71000000,0.2778
1627465074119000,0,0.00605065,0.2778
1627465074698000,1,2304.13030000,0.2776
1627465074840000,1,154.67990000,0.2776
1627465074883000,1,799.08455592,0.2776
1627465074883000,1,101.98184408,0.2776
1627465075986000,1,3000.00000000,0.2777
1627465076623000,1,953.76445592,0.2775
1627465076623000,1,18.24744408,0.2775
1627465087392000,1,1066.31084000,0.2772
1627465093315000,0,2027.75800000,0.2775
1627465093348000,0,139.65000000,0.2775
1627465093422000,0,361.59200000,0.2775
1627465101820000,1,1055.10393000,0.2770
1627465105512000,1,1055.10390000,0.2769
1627465105550000,1,0.00003827,0.2769
1627465105550000,1,2636.77194909,0.2768
1627465111954000,0,282.00000000,0.2771
1627465111977000,0,353.62584600,0.2771
1627465111997000,0,2146.37415400,0.2771
1627465128417000,0,4800.00000000,0.2773
1627465128544000,0,18049.32562963,0.2773
1627465128898000,0,18049.32562000,0.2773
1627465128926000,0,0.00000963,0.2773
1627465148472000,1,1031.74410000,0.2773
1627465148582000,1,0.00009275,0.2773
1627465164457000,0,4800.00000000,0.2772
1627465164457000,0,13318.10000000,0.2772
1627465164484000,0,4732.42213098,0.2772
1627465168245000,1,991.95110000,0.2768
1627465178637000,0,18075.25800758,0.2768
1627465179905000,0,4800.00000000,0.2769
1627465179905000,0,18069.76000000,0.2769
1627465179906000,0,0.00640793,0.2769
1627465207393000,0,1386.00000000,0.2766
1627465207870000,0,14534.96925000,0.2767
1627465220789000,1,987.17388000,0.2768
1627465226127000,0,18065.54000000,0.2770
1627465226166000,0,0.00087647,0.2770
1627465235141000,0,260.00000000,0.2770
1627465244609000,0,18057.37000000,0.2771
1627465273219000,0,1531.00000000,0.2774
1627465290285000,0,4800.00000000,0.2773
1627465290285000,0,558.00000000,0.2773
1627465307069000,0,4503.00000000,0.2777
1627465313884000,0,3435.00000000,0.2781
1627465316982000,1,4800.00000000,0.2780
1627465360499000,1,555.31770000,0.2777
1627465360505000,1,480.13730000,0.2777
1627465360553000,1,0.00000795,0.2777
1627465385866000,0,901.00000000,0.2775
1627465386961000,0,4800.00000000,0.2777
1627465398403000,1,1036.03448027,0.2775
1627465398855000,1,1035.63166000,0.2774
1627465399488000,1,1035.63160000,0.2773
1627465484014000,0,3241.70547673,0.2766
1627465490017000,0,4800.00000000,0.2766
1627465494005000,0,4800.00000000,0.2766
1627465499267000,0,18086.96714930,0.2766
1627465499267000,0,4799.99285070,0.2766
1627465499308000,0,0.00714930,0.2766
1627465500731000,0,637.00000000,0.2766
1627465500731000,0,18086.32792412,0.2766
1627465562535000,0,147.99999999,0.2764
1627465562822000,0,0.00000001,0.2764
1627465579396000,0,1259.00000000,0.2766
1627465586936000,0,18086.01000000,0.2767
1627465587078000,0,0.00966769,0.2767
1627465649897000,1,94.39250000,0.2770
1627465649898000,1,388.16040000,0.2770
1627465649903000,1,325.15070000,0.2770
1627465649904000,1,125.33300000,0.2770
1627465649907000,1,74.19936389,0.2770
1627465676517000,0,1462.00000000,0.2771
1627465714709000,0,4800.00000000,0.2766
1627465718093000,0,1940.00000000,0.2767
1627465797682000,0,18151.41000000,0.2757
1627465800790000,0,0.00160749,0.2757
1627465800790000,0,18145.03839251,0.2758
1627465800989000,0,0.00023221,0.2758
1627465804110000,0,2484.00000000,0.2757
1627465807695000,1,1050.18110000,0.2756
1627465814790000,0,915.41220000,0.2758
1627465814796000,0,215.03910000,0.2758
1627465817584000,0,2533.00000000,0.2760
1627465879220000,0,596.00000000,0.2766
1627465923409000,1,468.89770000,0.2766
1627465923445000,1,2531.10230000,0.2766
1627465923452000,1,19.23225208,0.2766
1627465923452000,1,611.35444792,0.2766
1627465923458000,1,408.30046798,0.2766
1627465923458000,1,3000.00000000,0.2766
1627465923735000,1,1020.82710000,0.2764
1627465923889000,1,0.00008727,0.2764
1627465924466000,1,361.57076809,0.2762
1627465945685000,0,3000.00000000,0.2763
1627465945685000,0,18108.16000000,0.2763
1627465962881000,0,500.00000000,0.2762
1627465967824000,0,680.55060000,0.2763
1627465967836000,0,109.06130000,0.2763
1627465967840000,0,98.93730000,0.2763
1627465968001000,0,0.00634987,0.2763
1627465968001000,0,290.03085013,0.2763
1627465968037000,0,547.76070000,0.2763
1627465968038000,0,333.63360000,0.2763
1627465968045000,0,111.80420000,0.2763
1627465968063000,0,189.27850000,0.2763
1627465968073000,0,530.49214987,0.2763
1627465968199000,0,4277.50315257,0.2764
1627465968355000,0,7184.13000000,0.2764
1627465968366000,0,3509.52985510,0.2764
1627465968611000,0,585.70000000,0.2766
1627465968674000,0,1066.00000000,0.2766
1627465968709000,0,3604.42714495,0.2766
1627465968728000,0,1295.54842941,0.2766
1627465968741000,0,16256.92040347,0.2766
1627465968828000,0,4995.08785948,0.2766
1627465968828000,0,723.78214052,0.2766
1627465968894000,0,3294.25095938,0.2766
1627465969997000,1,1621.41540000,0.2763
1627465970014000,1,11878.58460000,0.2763
1627465970216000,0,1481.00000000,0.2762
1627466005966000,0,9000.00000000,0.2763
1627466006143000,0,1089.00000000,0.2763
1627466006422000,0,4522.00000000,0.2764
1627466036849000,1,1327.76250000,0.2762
1627466061254000,0,813.00000000,0.2763
1627466063744000,0,1117.00000000,0.2763
1627466103030000,1,1302.20790000,0.2761
1627466175314000,0,305.92095140,0.2764
1627466220352000,0,964.00000000,0.2763
1627466220352000,0,18105.31000000,0.2764
1627466220352000,0,0.00014411,0.2764
1627466233918000,1,3141.79341744,0.2765
1627466234210000,1,1257.19793647,0.2764
1627466248871000,0,16000.00000000,0.2766
1627466252101000,0,1540.00000000,0.2766
1627466260354000,1,1234.44393000,0.2766
1627466313278000,0,981.00000000,0.2773
1627466321792000,0,2120.00000000,0.2773
1627466338301000,1,1419.24073528,0.2773
1627466338301000,1,1340.02746472,0.2773
1627466338496000,1,2171.88346951,0.2773
1627466338743000,1,1405.10847825,0.2771
1627466338743000,1,1457.37072463,0.2771
1627466350041000,0,1303.00000000,0.2771
1627466368915000,1,1256.04045867,0.2767
1627466368915000,1,3000.00000000,0.2767
1627466368915000,1,4000.00000000,0.2767
1627466368915000,1,4800.00000000,0.2767
1627466368915000,1,970.19894567,0.2767
1627466382455000,0,4800.00000000,0.2772
1627466384937000,0,4800.00000000,0.2772
1627466385500000,0,3000.00000000,0.2772
1627466385500000,0,4000.00000000,0.2772
1627466385500000,0,15050.93000000,0.2772
1627466385534000,0,3000.00821145,0.2772
1627466393623000,0,2471.41470000,0.2773
1627466411147000,0,1205.00000000,0.2773
1627466458474000,1,3085.74154000,0.2769
1627466458685000,1,2346.23610000,0.2769
1627466458720000,1,317.68240000,0.2769
1627466481008000,0,2663.91850000,0.2761
1627466552948000,0,695.00000000,0.2758
1627466591259000,0,2668.00000000,0.2760
1627466628982000,0,10700.86556000,0.2762
1627466642914000,0,1215.12805672,0.2763
1627466672964000,1,1402.93346000,0.2757
1627466703004000,1,0.00000818,0.2757
1627466703004000,1,3855.49899182,0.2756
1627466703005000,1,0.00005609,0.2756
1627466706785000,1,1466.06565000,0.2756
1627466709669000,1,1300.64020000,0.2756
1627466709811000,1,0.00005512,0.2756
1627466709811000,1,139.64994488,0.2755
1627466709850000,1,3111.96883367,0.2755
1627466709850000,1,8455.01982435,0.2755
1627466711386000,1,1138.60100000,0.2752
1627466711401000,1,0.00007008,0.2752
1627466711401000,1,295.64192992,0.2751
