timestamp ms,type,amount,price
1627516894221000,1,195961.35860000,0.2702
1627516971339000,0,707.56000000,0.2691
1627516972052000,0,14.44000000,0.2691
1627517099829000,0,108.00000000,0.2682
1627517152970000,0,1672.76150000,0.2681
1627517167818000,0,737.00000000,0.2681
1627517189793000,0,856.46340000,0.2684
1627517189796000,0,112.52000000,0.2684
1627517189799000,0,256.85220000,0.2684
1627517189804000,0,97.60970000,0.2684
1627517189818000,0,158.37210000,0.2684
1627517189830000,0,31.18260000,0.2684
1627517189896000,0,257.48080000,0.2685
1627517274207000,0,1847.00000000,0.2684
1627517277719000,0,651.14760000,0.2687
1627517316087000,0,1078.00000000,0.2683
1627517343142000,0,364.00000000,0.2681
1627517344323000,1,2427.00000000,0.2681
1627517425652000,0,1769.00000000,0.2686
1627517497709000,0,1680.00000000,0.2681
1627517535781000,0,976.00000000,0.2682
1627517570850000,1,2785.62840000,0.2678
1627517587446000,0,4403.00000000,0.2680
1627517611050000,0,509.00000000,0.2682
1627517649486000,0,106.11950000,0.2691
1627517649566000,0,90.51280000,0.2691
1627517649577000,0,105.23250000,0.2691
1627517649604000,0,162.36470000,0.2691
1627517649649000,0,128.76780000,0.2691
1627517649664000,0,140.80860000,0.2691
1627517649703000,0,268.72480000,0.2691
1627517649991000,0,2089.46000000,0.2691
1627517650021000,0,0.00930000,0.2691
1627517659654000,0,92.24124888,0.2697
1627517695571000,1,1002.53070000,0.2690
1627517708019000,0,4900.00000000,0.2690
1627517738612000,0,3167.68338044,0.2687
1627517761184000,0,2096.00000000,0.2687
1627517854167000,0,3517.00000000,0.2688
1627517864400000,0,4355.00000000,0.2689
1627517943514000,0,335.00000000,0.2686
1627518092516000,0,2169.72000000,0.2664
1627518092587000,0,44.28000000,0.2664
1627518177082000,0,1651.00000000,0.2664
1627518179359000,1,2697.00000000,0.2664
1627518272007000,0,165.23200000,0.2664
1627518274168000,0,1434.76000000,0.2664
1627518274202000,0,0.00800000,0.2664
1627518351162000,0,18792.55659736,0.2658
1627518351175000,1,3801.27070000,0.2658
1627518351294000,1,3797.13520000,0.2656
1627518351312000,1,3741.11800000,0.2656
1627518351324000,1,0.00008714,0.2656
1627518361736000,0,1608.00000000,0.2654
1627518384750000,0,3295.00000000,0.2657
1627518483513000,0,553.60200000,0.2655
1627518487928000,0,416.50000000,0.2655
1627518505598000,0,282.89000000,0.2655
1627518513356000,0,3275.00000000,0.2655
1627518596322000,0,782.00000000,0.2657
1627518599422000,0,644.00000000,0.2657
1627518645649000,0,1036.00000000,0.2654
1627518666677000,0,866.00000000,0.2656
1627518767262000,0,680.00000000,0.2655
1627518806878000,0,1610.00000000,0.2657
1627518824707000,0,319.00000000,0.2656
1627518863947000,0,4900.00000000,0.2653
1627518899646000,0,947.92800000,0.2650
1627518899650000,0,94.49240000,0.2650
1627518899665000,0,184.90980000,0.2650
1627518899876000,0,97.67640400,0.2650
1627518899940000,0,1.99339600,0.2650
1627518946027000,0,2465.00000000,0.2649
1627518999731000,0,1537.00000000,0.2650
1627519004556000,0,1339.00000000,0.2653
1627519036624000,0,1382.00000000,0.2649
1627519036673000,0,1382.00000000,0.2649
1627519036724000,0,78.40000000,0.2649
1627519036855000,0,2057.60000000,0.2649
1627519036855000,0,1382.00000000,0.2649
1627519103707000,0,2351.00000000,0.2649
1627519171665000,0,863.00000000,0.2651
1627519219270000,0,1965.88000000,0.2654
1627519219303000,0,40.12000000,0.2654
1627519377771000,0,1915.00000000,0.2650
1627519383047000,0,108.00000000,0.2652
1627519392777000,0,1795.54419799,0.2655
1627519402334000,0,1262.26670561,0.2655
1627519444520000,1,2000.00000000,0.2646
1627519444520000,1,1000.56220000,0.2646
1627519459716000,0,867.84530000,0.2649
1627519462046000,0,916.72110000,0.2650
1627519462305000,0,520.57480000,0.2649
1627519462308000,0,869.36280000,0.2649
1627519462503000,0,97.82620000,0.2649
1627519462528000,0,311.26670000,0.2649
1627519462587000,0,79.96950000,0.2649
1627519525211000,0,560.00000000,0.2647
1627519580127000,0,2064.00000000,0.2649
1627519587635000,0,1296.00000000,0.2650
1627519629515000,0,1054.00000000,0.2651
1627519721681000,0,1057.00000000,0.2655
1627519721681000,0,4780.86000000,0.2655
1627519818380000,0,3810.00000000,0.2649
1627519869317000,0,1891.00000000,0.2651
1627519952033000,1,3663.56640000,0.2651
1627520025369000,0,1336.00000000,0.2652
1627520074277000,0,3199.00000000,0.2654
1627520110470000,1,3522.64820000,0.2645
1627520126943000,1,0.00001536,0.2645
1627520128598000,1,113.63200000,0.2640
1627520128942000,1,0.00005939,0.2640
1627520130896000,0,541.78880000,0.2640
1627520140591000,0,2914.00000000,0.2640
1627520156906000,0,392.00000000,0.2641
1627520169726000,0,8.00000000,0.2641
1627520197811000,0,1981.00000000,0.2643
1627520204830000,0,1085.84000000,0.2643
1627520204846000,0,22.16000000,0.2643
1627520292187000,0,1544.00000000,0.2644
1627520388864000,0,798.00000000,0.2642
1627520394223000,1,500.00000000,0.2642
1627520394403000,1,18915.09330000,0.2641
1627520421789000,0,103.18810000,0.2644
1627520421833000,0,159.91040000,0.2644
1627520422057000,0,111.17440000,0.2644
1627520422129000,0,127.86360000,0.2644
1627520422146000,0,221.73620000,0.2644
1627520422156000,0,123.12730000,0.2644
1627520425515000,0,2750.00000000,0.2644
1627520469263000,0,1057.00000000,0.2641
1627520532097000,1,1388.78880000,0.2641
1627520559843000,0,963.00000000,0.2642
1627520647368000,0,1127.00000000,0.2646
1627520776665000,0,195.33910000,0.2647
1627520776780000,0,146.93390000,0.2647
1627520776782000,0,124.11380000,0.2647
1627520776822000,0,402.96960000,0.2647
1627520776831000,0,125.09060000,0.2647
1627520776838000,0,346.84790000,0.2647
1627520776842000,0,274.41740000,0.2647
1627520777013000,0,106.59150000,0.2647
1627520777023000,0,125.09060000,0.2647
1627520777091000,0,104.81430000,0.2647
1627520777103000,0,122.92810000,0.2647
1627520777113000,0,106.47060000,0.2647
1627520777140000,0,124.61620000,0.2647
1627520777314000,0,177.77640000,0.2647
1627520777416000,1,289.12231373,0.2645
1627520799599000,1,4900.00000000,0.2651
1627520799599000,1,3241.27363110,0.2651
1627520829328000,1,2505.30500000,0.2650
1627520844583000,1,941.69500000,0.2649
1627520881313000,0,983.00000000,0.2652
1627521019360000,0,3333.00000000,0.2648
1627521133199000,1,189.30509000,0.2635
1627521159165000,0,852.00000000,0.2637
1627521207466000,0,301.50010000,0.2636
1627521207528000,0,104.47020000,0.2636
1627521208524000,0,939.02969999,0.2636
1627521208528000,0,0.00000001,0.2636
1627521274043000,0,897.00000000,0.2638
1627521404567000,0,1409.00000000,0.2634
1627521481335000,0,313.09290000,0.2634
1627521481358000,0,3356.90710000,0.2634
1627521545339000,1,189.67943000,0.2630
1627521547681000,1,4900.00000000,0.2630
1627521547681000,1,0.00000111,0.2630
1627521547681000,1,1460.30836808,0.2628
1627521557623000,0,250.00000000,0.2630
1627521564274000,0,4411.00000000,0.2630
1627521624126000,0,151.26230000,0.2631
1627521624158000,0,117.62410000,0.2631
1627521624198000,0,195.74130000,0.2631
1627521624209000,0,184.76080000,0.2631
1627521624234000,0,3238.61150000,0.2631
1627521684186000,0,1550.00000000,0.2633
1627521755948000,1,1368.45170000,0.2627
1627521756418000,1,102.48090000,0.2627
1627521756527000,1,100.09250000,0.2627
1627521756537000,1,92.85110000,0.2627
1627521756541000,1,221.61010000,0.2627
1627521756544000,1,39200.00000000,0.2627
1627521756559000,1,124.84750000,0.2627
1627521756626000,1,120.73950000,0.2627
1627521756630000,1,1981.09065454,0.2627
1627521756640000,1,121.70390000,0.2627
1627521756647000,1,193.90900000,0.2627
1627521756681000,1,5786.84266562,0.2627
1627521757565000,1,36.54150001,0.2627
1627521758240000,1,190.09146340,0.2624
1627521758266000,1,0.00000001,0.2624
1627521770550000,0,1442.00000000,0.2624
1627521793044000,1,363.76550000,0.2622
1627521793303000,1,363.76550000,0.2622
1627521824308000,0,1066.00000000,0.2624
1627521828946000,0,889.31750000,0.2625
1627521829537000,0,739.58885000,0.2625
1627521829596000,0,15.09365000,0.2625
1627521875156000,0,957.00000000,0.2626
1627521887445000,1,190.32350000,0.2621
1627521888422000,1,0.00006532,0.2621
1627521888422000,1,114.49933468,0.2620
1627521917819000,0,2413.00000000,0.2624
1627521919982000,0,938.00000000,0.2624
1627521963207000,0,1176.00000000,0.2622
1627521995192000,0,121.00000000,0.2622
1627522078151000,0,369.00000000,0.2623
1627522161803000,0,1439.00000000,0.2622
1627522161803000,0,3000.00000000,0.2622
1627522211748000,0,621.66190000,0.2622
1627522211759000,0,130.02930000,0.2622
1627522212023000,0,397.72220000,0.2622
1627522214111000,0,56.58660000,0.2622
1627522320827000,1,7581.29000000,0.2622
1627522398560000,0,3337.00000000,0.2622
1627522405156000,0,3057.00000000,0.2623
1627522457752000,0,2392.18000000,0.2627
1627522460384000,0,48.82000000,0.2627
1627522527700000,0,900.00000000,0.2632
1627522648031000,0,2024.00000000,0.2629
1627522758331000,0,1623.00000000,0.2630
1627522840347000,0,1935.00000000,0.2631
1627522862540000,0,539.00000000,0.2631
1627522891421000,0,767.21000000,0.2631
1627522893132000,0,864.79000000,0.2631
1627522938674000,0,1264.00000000,0.2631
1627522971682000,0,1768.00000000,0.2631
1627522992802000,0,1792.00000000,0.2631
1627523023004000,1,2941.23620000,0.2627
1627523072474000,0,409.15090000,0.2626
1627523072475000,0,120.67030000,0.2626
1627523072591000,0,306.36030000,0.2626
1627523072601000,0,148.13280000,0.2626
1627523135748000,0,1193.00000000,0.2626
1627523143198000,1,3000.00000000,0.2624
1627523151767000,0,543.00000000,0.2627
1627523151767000,0,3000.00000000,0.2627
1627523151767000,0,4900.00000000,0.2627
1627523151767000,0,4000.00000000,0.2628
1627523151767000,0,2691.36148000,0.2628
1627523174700000,1,1000.00000000,0.2627
1627523180203000,0,2627.00000000,0.2629
1627523197576000,0,587.00000000,0.2633
1627523235266000,0,1629.00000000,0.2634
1627523237468000,0,948.00000000,0.2635
1627523313233000,0,358.14310000,0.2636
1627523313461000,0,352.05490000,0.2636
1627523313533000,0,92.21330000,0.2636
1627523313585000,0,885.58870000,0.2636
1627523316156000,1,1786.72560000,0.2636
1627523327514000,0,1027.00000000,0.2637
1627523363176000,0,497.00000000,0.2638
1627523421895000,0,106.11030000,0.2640
1627523422814000,0,97.26600000,0.2640
1627523675439000,0,578.28940000,0.2636
1627523675539000,0,103.47760000,0.2636
1627523675541000,0,150.11790000,0.2636
1627523675556000,0,999.11510000,0.2636
1627523712561000,0,289.14900000,0.2638
1627523819328000,1,6621.01548000,0.2636
1627523819377000,1,6500.00000000,0.2636
1627523874110000,0,153.00000000,0.2638
1627523874110000,0,4900.00000000,0.2638
1627523895964000,1,1324.41020000,0.2635
1627523895971000,1,1500.00000000,0.2635
1627523897013000,0,2557.36000000,0.2636
1627523897054000,0,1436.69000000,0.2636
1627523905951000,0,1428.00000000,0.2636
1627523938796000,1,4000.00000000,0.2635
1627523977323000,0,3139.00000000,0.2635
1627524128958000,0,3326.00000000,0.2629
1627524154728000,0,1850.00000000,0.2631
1627524204057000,0,2046.00000000,0.2636
1627524255476000,1,139.65000000,0.2639
1627524256498000,1,14558.91000000,0.2639
1627524256706000,1,0.00498347,0.2639
1627524297492000,0,1086.00000000,0.2638
1627524325827000,0,152.00000000,0.2639
1627524344373000,0,179.05622063,0.2640
1627524386695000,0,1843.00000000,0.2641
1627524390075000,0,155.40450000,0.2643
1627524390187000,0,329.38370000,0.2643
1627524390207000,0,133.24820000,0.2643
1627524390215000,0,169.70040000,0.2643
1627524390220000,0,158.26320000,0.2643
1627524390252000,0,113.48750000,0.2644
1627524395470000,0,101.31650000,0.2646
1627524540665000,0,1143.00000000,0.2644
1627524648747000,0,2075.00000000,0.2643
1627524673953000,0,2029.00000000,0.2645
1627524732752000,0,1054.48000000,0.2646
1627524740705000,0,21.52000000,0.2646
1627524740705000,0,190.32000000,0.2647
1627524756007000,0,0.00350000,0.2647
1627524756007000,0,375.53428272,0.2650
1627524813989000,1,1312.80400000,0.2645
1627524868627000,0,1949.36510000,0.2647
1627524868839000,0,139.65000000,0.2647
1627524870209000,0,94.08184961,0.2647
1627524916735000,0,1500.00000000,0.2648
1627524916788000,0,1500.00000000,0.2648
1627524916814000,0,437.08000000,0.2648
1627524917177000,0,2755.00000000,0.2648
1627524947307000,0,190.09000000,0.2650
1627524985521000,0,797.00000000,0.2647
1627525038026000,0,2259.88000000,0.2649
1627525038046000,0,46.12000000,0.2649
1627525170305000,1,1949.36510000,0.2647
1627525276811000,0,1654.00000000,0.2647
1627525410484000,0,3849.00000000,0.2645
1627525497679000,0,1690.00000000,0.2652
1627525511180000,0,864.00000000,0.2652
1627525567208000,0,1222.06000000,0.2653
1627525567263000,0,24.94000000,0.2653
1627525609550000,0,1723.00000000,0.2654
1627525610396000,0,189.67943000,0.2656
1627525655094000,0,1305.00000000,0.2659
1627525658236000,0,189.30000000,0.2661
1627525658266000,0,0.00509000,0.2661
1627525742930000,0,1184.00000000,0.2659
1627525772917000,0,1221.00000000,0.2661
1627525790969000,0,317.36390000,0.2661
1627525852776000,1,317.36390000,0.2652
1627525886819000,0,1720.88683646,0.2656
1627525886918000,0,58.11316354,0.2656
1627525887525000,0,1195.00000000,0.2657
1627525887525000,0,1972.47065360,0.2658
1627525961563000,0,1331.00000000,0.2660
1627526025349000,0,1031.00000000,0.2658
1627526052805000,0,1163.00000000,0.2658
1627526102908000,0,1221.00000000,0.2660
1627526176302000,0,1372.00000000,0.2660
1627526238193000,0,321.62850212,0.2661
1627526238330000,0,600.00000000,0.2661
1627526238529000,0,335.01880000,0.2661
1627526238624000,0,263.35269788,0.2661
1627526320831000,0,94.27801698,0.2661
1627526321300000,0,261.72000000,0.2661
1627526334743000,0,347.00000000,0.2661
1627526472811000,0,1314.00000000,0.2658
1627526475545000,0,4604.00000000,0.2658
1627526563401000,0,2092.00000000,0.2659
1627526564741000,0,665.00000000,0.2659
1627526611165000,0,1209.00000000,0.2660
1627526681477000,0,1472.94000000,0.2660
1627526681477000,0,30.06000000,0.2660
1627526688255000,0,1344.00000000,0.2660
1627526719361000,0,730.00000000,0.2660
1627526822573000,1,210.38957000,0.2657
1627526860080000,0,160.72360000,0.2659
1627526860134000,0,98.12990000,0.2659
1627526860164000,0,177.59290000,0.2659
1627526860213000,0,1078.55360000,0.2659
1627526933202000,0,1708.00000000,0.2660
1627527088263000,0,95.68420000,0.2657
1627527088327000,0,3806.31580000,0.2657
1627527185216000,0,2230.00000000,0.2654
1627527207489000,0,1354.00000000,0.2654
1627527343521000,0,329.68000000,0.2656
1627527343546000,0,1888.32000000,0.2656
1627527349906000,0,1641.00000000,0.2656
1627527421049000,0,1197.00000000,0.2657
1627527424310000,0,747.00000000,0.2657
1627527479648000,0,18837.95980000,0.2656
1627527479922000,0,515.30860000,0.2657
1627527479924000,0,114.15320000,0.2657
1627527479932000,0,354.72240000,0.2657
1627527479969000,0,3480.69220823,0.2657
1627527479969000,0,682.00000000,0.2657
1627527479969000,0,1448.89031724,0.2657
1627527480018000,0,941.00000000,0.2657
1627527480031000,0,4463.77817084,0.2657
1627527480059000,0,5070.40159584,0.2658
1627527480120000,0,1559.14042200,0.2658
1627527480139000,0,499.99999999,0.2658
1627527504395000,1,2500.00000000,0.2657
1627527521583000,0,1823.43750000,0.2655
1627527548847000,1,940.00000000,0.2655
1627527548847000,1,969.44670000,0.2655
1627527605879000,0,196.00000000,0.2653
1627527627990000,0,1564.00000000,0.2653
1627527642318000,1,287.98790000,0.2647
1627527642331000,1,0.00004794,0.2647
1627527642331000,1,287.85965206,0.2646
1627527642478000,1,287.98790000,0.2646
1627527642489000,1,0.00004794,0.2646
1627527655869000,0,1181.32310000,0.2645
1627527656517000,0,90.16000000,0.2645
1627527689219000,0,2187.00000000,0.2646
1627527718157000,0,523.00000000,0.2646
1627527799097000,0,2694.00000000,0.2648
1627527893393000,0,2639.00000000,0.2647
1627527898008000,0,1687.00000000,0.2649
1627528076361000,0,1362.00000000,0.2644
1627528130105000,0,2282.00000000,0.2645
1627528193175000,1,893.33520000,0.2643
1627528229620000,0,2833.00000000,0.2640
1627528255206000,0,1170.00000000,0.2640
1627528260833000,0,1166.00000000,0.2642
1627528430773000,0,118.17690000,0.2639
1627528430791000,0,153.05980000,0.2639
1627528430806000,0,106.02740000,0.2639
1627528430834000,0,102.65100000,0.2639
1627528430853000,0,96.65170000,0.2639
1627528430871000,0,168.74840000,0.2639
1627528430872000,0,98.60010000,0.2639
1627528430925000,0,101.64290000,0.2639
1627528430979000,0,3183.61870000,0.2639
1627528432634000,0,2724.00000000,0.2639
1627528449821000,1,946.00000000,0.2640
1627528488526000,0,632.00000000,0.2641
1627528499527000,0,603.00000000,0.2642
1627528598113000,0,2624.00000000,0.2638
1627528654265000,0,1079.96000000,0.2637
1627528654459000,0,22.04000000,0.2637
1627528684175000,0,2714.00000000,0.2638
1627528687738000,0,3648.00000000,0.2638
1627528793425000,0,1155.00000000,0.2640
1627528816339000,0,2758.00000000,0.2645
1627528916835000,1,945.55820000,0.2636
1627528916983000,1,142.12242653,0.2636
1627528916992000,1,434.99960000,0.2635
1627528930074000,0,2396.00000000,0.2638
1627528981169000,0,932.00000000,0.2638
1627529007849000,0,1678.00000000,0.2637
1627529067796000,0,1862.00000000,0.2639
1627529198968000,0,2044.00000000,0.2639
1627529284241000,0,1411.00000000,0.2637
1627529291627000,0,2869.00000000,0.2637
1627529393403000,0,3007.00000000,0.2636
1627529441011000,0,890.00000000,0.2636
1627529536165000,0,2461.00000000,0.2638
1627529631166000,0,2602.00000000,0.2635
1627529674423000,0,892.00000000,0.2636
1627529726435000,0,3250.00000000,0.2638
1627529783756000,0,926.00000000,0.2641
1627529786395000,0,2775.00000000,0.2641
1627529897128000,0,2514.00000000,0.2645
1627529987315000,0,672.00000000,0.2647
1627529998389000,0,645.00000000,0.2648
1627530129422000,0,946.00000000,0.2643
1627530129422000,0,2000.00000000,0.2643
1627530129542000,1,139.65000000,0.2643
1627530129597000,1,664.50537784,0.2643
1627530217481000,0,3947.44000000,0.2642
1627530329207000,0,5031.00000000,0.2641
1627530403273000,0,1679.00000000,0.2638
1627530444493000,0,2508.89690105,0.2639
1627530478606000,0,1165.00000000,0.2639
1627530494349000,0,3940.00000000,0.2641
1627530573130000,0,715.00000000,0.2647
1627530619254000,0,1117.00000000,0.2652
1627530626758000,0,1962.00000000,0.2654
1627530751741000,0,374.18430000,0.2652
1627530752595000,0,840.81000000,0.2652
1627530752620000,0,0.00570000,0.2652
1627530803621000,0,4000.00000000,0.2647
1627530803621000,0,11500.00000000,0.2647
1627530803904000,0,944.00000000,0.2649
1627530803904000,0,4476.98587701,0.2649
1627530804151000,0,3648.31609677,0.2650
1627530804181000,0,828.66978024,0.2650
1627530804777000,0,2400.00000000,0.2648
1627530916183000,0,1841.00000000,0.2649
1627530937648000,0,500.00000000,0.2652
1627530937660000,0,4314.25540000,0.2652
1627530937708000,0,157.45260111,0.2652
1627530937708000,0,255.76529889,0.2652
1627530937714000,0,449.87410000,0.2652
1627530937778000,0,10474.81166727,0.2652
1627530937990000,0,1575.77680361,0.2653
1627530937991000,0,1115.01205346,0.2653
1627530937995000,0,2943.80000000,0.2653
1627530938544000,0,4466.61897004,0.2655
1627530941077000,1,3000.00000000,0.2655
1627530941214000,1,637.27620000,0.2655
1627531093933000,0,3289.00000000,0.2650
1627531204200000,1,90.32680000,0.2641
1627531204298000,1,567.64124785,0.2641
1627531204298000,1,1419.35025215,0.2641
1627531204315000,1,0.00013165,0.2641
1627531204554000,1,567.64124785,0.2640
1627531206212000,0,90.32680000,0.2640
1627531212539000,0,266.67440000,0.2640
1627531212567000,0,392.50260000,0.2640
1627531212591000,0,242.20290000,0.2640
1627531212633000,0,45.62010000,0.2640
1627531242809000,0,4759.00000000,0.2644
1627531259839000,1,4900.00000000,0.2646
1627531264699000,0,139.65000000,0.2648
1627531374480000,0,3049.76000000,0.2634
1627531374487000,0,62.24000000,0.2634
1627531414204000,0,2652.00000000,0.2635
1627531434683000,0,111.03400000,0.2637
1627531444533000,0,4.96600000,0.2637
1627531460260000,0,3197.00000000,0.2640
1627531460334000,0,3000.00000000,0.2641
1627531460334000,0,1489.81780000,0.2641
1627531460586000,0,3000.00000000,0.2641
1627531460619000,0,0.00000563,0.2641
1627531460643000,0,516.01060000,0.2642
1627531460666000,0,266.43440000,0.2642
1627531460673000,0,184.02320000,0.2642
1627531460679000,0,206.25700000,0.2642
1627531460700000,0,10052.24516152,0.2642
1627531460915000,0,4488.64640189,0.2643
1627531460915000,0,11221.55958811,0.2643
1627531460990000,1,4900.00000000,0.2642
1627531463269000,1,1823.00000000,0.2642
1627531517814000,0,944.00000000,0.2648
1627531518249000,0,765.00000000,0.2648
1627531536183000,0,1000.00000000,0.2650
1627531579602000,0,1283.00000000,0.2655
1627531625333000,1,941.00000000,0.2653
1627531653975000,1,18840.39917000,0.2652
1627531654094000,1,797.57870000,0.2652
1627531654150000,1,0.00001257,0.2652
1627531654263000,1,1994.00688803,0.2652
1627531700494000,0,3319.00000000,0.2651
1627531702952000,0,330.79000000,0.2651
1627531702953000,0,2513.21000000,0.2651
1627531715672000,1,784.39440000,0.2648
1627531732309000,0,4802.00000000,0.2650
1627531732310000,0,98.00000000,0.2650
1627531772179000,0,1126.00000000,0.2646
1627531861586000,1,824.01090000,0.2640
1627531861662000,1,796.48980000,0.2640
1627531891389000,0,761.00000000,0.2640
1627531928767000,0,2064.00000000,0.2642
1627531946529000,0,420.00000000,0.2645
1627532017860000,0,2438.00000000,0.2645
1627532020228000,0,1749.00000000,0.2645
1627532064558000,0,1491.00000000,0.2650
1627532108544000,0,1598.00000000,0.2654
1627532167331000,0,1728.00000000,0.2657
1627532167821000,0,4460.76504452,0.2659
1627532168259000,0,3045.79980446,0.2660
1627532168356000,0,1414.39460372,0.2660
1627532228079000,0,1450.00000000,0.2661
1627532289205000,0,857.00000000,0.2663
1627532452517000,0,2735.00000000,0.2662
1627532460766000,0,1550.00000000,0.2662
1627532614636000,0,3462.00000000,0.2659
1627532714922000,0,823.00000000,0.2660
1627532716255000,0,3196.00000000,0.2660
1627532790290000,0,786.43000000,0.2663
1627532791788000,0,208.34000000,0.2663
1627532792002000,0,410.49000000,0.2663
1627532792076000,0,342.07000000,0.2663
1627532792106000,0,221.67000000,0.2663
1627532828386000,0,2089.00000000,0.2664
1627532919988000,0,2589.00000000,0.2667
1627532943555000,0,716.00000000,0.2670
1627532944498000,0,110.62207408,0.2670
1627532976137000,0,2.25759335,0.2670
1627532976137000,0,1051.99240665,0.2670
1627532976154000,0,0.00759335,0.2670
1627533006181000,0,1069.00000000,0.2671
1627533108093000,1,1017.49769229,0.2661
1627533108424000,1,1017.49769229,0.2659
1627533108424000,1,310.09128314,0.2659
1627533108467000,1,2233.30937119,0.2659
1627533108467000,1,2358.80211023,0.2659
1627533108473000,1,1546.99769229,0.2659
1627533108497000,1,2708.26896616,0.2659
1627533108507000,1,1017.49769229,0.2659
1627533109878000,0,940.00000000,0.2661
1627533109878000,0,4457.53063568,0.2661
1627533126429000,0,4458.69050000,0.2660
1627533126521000,0,0.00000995,0.2660
1627533126521000,0,4569.99999005,0.2660
1627533218436000,0,1614.00000000,0.2656
1627533246701000,1,4900.00000000,0.2658
1627533311930000,0,1766.00000000,0.2659
1627533347483000,1,3000.00000000,0.2662
1627533347483000,1,3000.00000000,0.2662
1627533374647000,1,18762.89162286,0.2663
1627533391399000,0,296.00000000,0.2664
1627533463026000,0,1879.00000000,0.2665
1627533528927000,0,108.99960000,0.2664
1627533528938000,0,108.90810000,0.2664
1627533528940000,0,96.86630000,0.2664
1627533528944000,0,92.86270000,0.2664
1627533528950000,0,397.36330000,0.2664
1627533528950000,0,3000.00000000,0.2664
1627533529021000,0,3000.00000000,0.2664
1627533536040000,0,1280.86000000,0.2672
1627533536342000,0,26.14000000,0.2672
1627533543854000,1,2028.00000000,0.2672
1627533563351000,1,915.00000000,0.2674
1627533563351000,1,934.00000000,0.2674
1627533563900000,1,934.00000000,0.2674
1627533583149000,1,915.00000000,0.2674
1627533583381000,1,444.00000000,0.2674
1627533621073000,1,407.63670000,0.2673
1627533621350000,1,526.36330000,0.2673
1627533674302000,0,2509.00000000,0.2672
1627533732669000,0,2321.00000000,0.2672
1627533846224000,0,1308.00000000,0.2675
1627533870935000,1,1517.51730057,0.2672
1627533884972000,0,74.43334829,0.2674
1627533891663000,0,1957.00000000,0.2674
1627533931048000,0,1070.00000000,0.2674
1627533981698000,0,1463.00000000,0.2679
1627534001100000,0,221.43300000,0.2680
1627534053485000,1,3000.00000000,0.2681
1627534053485000,1,4000.00000000,0.2681
1627534053485000,1,11627.70593000,0.2681
1627534053606000,1,221.43300000,0.2681
1627534159855000,0,5176.00000000,0.2676
1627534220941000,1,1293.94601000,0.2670
1627534235683000,0,2092.00000000,0.2672
1627534308914000,0,1983.00000000,0.2674
1627534355164000,0,3646.00000000,0.2674
1627534415178000,0,2110.00000000,0.2674
1627534435897000,0,499.80000000,0.2673
1627534436749000,0,10.20000000,0.2673
1627534452196000,0,916.00000000,0.2675
1627534482722000,0,1432.00000000,0.2675
1627534527798000,0,2820.00000000,0.2674
1627534541899000,0,505.00000000,0.2676
1627534574769000,0,830.00000000,0.2676
1627534644517000,0,1271.00000000,0.2674
1627534649545000,0,4288.00000000,0.2674
1627534725382000,0,845.00000000,0.2670
1627534750593000,0,500.00000000,0.2667
1627534750593000,0,234.98361577,0.2667
1627534758000000,0,4682.00000000,0.2668
1627534811755000,0,951.00000000,0.2669
1627534878298000,1,1231.83160000,0.2664
1627534878350000,1,0.00001780,0.2664
1627534878783000,1,455.30000000,0.2663
1627534878826000,0,4900.00000000,0.2663
1627534892592000,0,4900.00000000,0.2663
1627534898452000,0,1521.17000000,0.2663
1627534903395000,0,3042.00000000,0.2663
1627534914418000,1,1224.22842750,0.2662
1627534914470000,1,1067.47780000,0.2661
1627534914554000,1,122.34950000,0.2661
1627534914651000,1,3060.73190000,0.2661
1627534914659000,1,0.00001561,0.2661
1627534914720000,1,7957.60140000,0.2661
1627534914819000,1,1224.22842750,0.2661
1627534914894000,1,3060.57106874,0.2661
1627534914914000,1,0.00000001,0.2661
1627534915042000,1,793.61687200,0.2660
1627534915054000,1,430.61155550,0.2660
1627534915548000,1,1423.67079548,0.2657
1627534945492000,0,18835.70020050,0.2656
1627534954451000,0,2920.00000000,0.2657
1627534969833000,0,18832.65788403,0.2657
1627534969867000,0,4000.00000000,0.2657
1627534969867000,0,1000.00000000,0.2657
1627534977829000,0,1127.00000000,0.2660
1627534991949000,0,1620.43880000,0.2659
1627534992587000,0,193.33027393,0.2659
1627535039277000,0,396.48441451,0.2656
1627535041122000,0,1115.51000000,0.2656
1627535041195000,0,0.00558549,0.2656
1627535079774000,0,2598.00000000,0.2659
1627535085349000,0,934.00000000,0.2659
1627535114172000,0,482.00000000,0.2661
1627535281121000,0,4264.00000000,0.2654
1627535371732000,0,1241.00000000,0.2654
1627535400810000,0,771.00000000,0.2656
1627535436103000,0,2985.00000000,0.2657
1627535564092000,0,2850.00000000,0.2655
1627535570065000,0,1555.00000000,0.2655
1627535604182000,1,1063.91710000,0.2655
1627535604272000,1,0.00002408,0.2655
1627535604272000,1,18824.18237592,0.2654
1627535624152000,0,962.00000000,0.2655
1627535624273000,0,3270.00000000,0.2655
1627535628881000,0,2288.00000000,0.2657
1627535736890000,0,2637.00000000,0.2654
1627535775449000,0,3183.00000000,0.2657
1627535777411000,0,2101.00000000,0.2657
1627535818304000,1,3000.00000000,0.2663
1627535822974000,1,1695.76386000,0.2663
1627535842621000,1,19151.34125938,0.2660
1627535842621000,1,448.65874062,0.2660
1627535854946000,0,4900.00000000,0.2659
1627535867848000,0,2153.00000000,0.2660
1627535893631000,0,795.76000000,0.2660
1627535893952000,0,1726.24000000,0.2660
1627535896698000,0,4900.00000000,0.2660
1627535913061000,0,568.00000000,0.2660
1627535956137000,0,2241.00000000,0.2661
1627535959275000,0,2357.00000000,0.2661
1627536044245000,0,620.00000000,0.2661
1627536159513000,0,1643.00000000,0.2661
1627536204574000,1,4504.00000000,0.2662
1627536389350000,0,9206.00000000,0.2660
1627536455862000,0,3329.00000000,0.2661
1627536606143000,1,12535.00000000,0.2661
1627536737560000,0,2788.00000000,0.2663
1627536744753000,0,2715.00000000,0.2664
1627536811503000,0,2867.00000000,0.2669
1627536871883000,0,1441.00000000,0.2667
1627536876549000,0,2265.00000000,0.2668
1627537043379000,0,4238.00000000,0.2668
1627537129653000,0,1253.00000000,0.2667
1627537166065000,0,668.13690000,0.2668
1627537166283000,0,173.86310000,0.2668
1627537208887000,0,2415.00000000,0.2671
1627537210443000,0,269.69760000,0.2674
1627537210645000,0,2748.13060017,0.2674
1627537210676000,0,2466.40000000,0.2674
1627537210735000,0,1234.25801806,0.2674
1627537210779000,0,700.00000000,0.2674
1627537212486000,1,937.83450000,0.2671
1627537258799000,1,4900.00000000,0.2677
1627537258799000,1,100.00000000,0.2677
1627537258953000,1,3500.00000000,0.2677
1627537258953000,1,500.00000000,0.2677
1627537260044000,1,4500.00000000,0.2677
1627537286415000,0,563.00000000,0.2679
1627537304975000,0,18653.30510000,0.2682
1627537305294000,0,18753.93730000,0.2683
1627537358769000,0,559.00000000,0.2682
1627537411849000,0,2070.00000000,0.2679
1627537414961000,0,2145.00000000,0.2680
1627537466459000,1,4514.86310000,0.2684
1627537551360000,0,862.00000000,0.2681
1627537598213000,0,1938.00000000,0.2679
1627537640346000,0,937.99950000,0.2676
1627537640412000,0,128.17590000,0.2676
1627537640419000,0,1365.82460000,0.2676
1627537688680000,1,1415.52782000,0.2676
1627537734953000,1,3176.11227581,0.2672
1627537743826000,0,2995.00000000,0.2674
1627537745436000,0,3317.18200000,0.2674
1627537745439000,0,2264.81800000,0.2674
1627537826796000,0,1511.00000000,0.2673
1627537900003000,0,395.00000000,0.2679
1627537978142000,0,1486.00000000,0.2679
1627538067229000,0,1693.00000000,0.2679
1627538125351000,0,1708.00000000,0.2679
1627538144636000,0,2081.00000000,0.2679
1627538151504000,0,3176.11227582,0.2680
1627538153663000,0,3000.00000000,0.2680
1627538204824000,0,1160.00000000,0.2680
1627538246218000,0,4868.00000000,0.2679
1627538296245000,0,4049.00000000,0.2680
1627538359179000,0,1626.00000000,0.2684
1627538364889000,0,3498.00000000,0.2685
1627538439991000,0,585.00000000,0.2684
1627538536948000,0,2254.00000000,0.2682
1627538625806000,1,4383.35740000,0.2681
1627538687715000,0,2190.00000000,0.2682
1627538748533000,0,100.16300000,0.2682
1627538748540000,0,105.60130000,0.2682
1627538748544000,0,3217.23570000,0.2682
1627538794483000,0,2580.00000000,0.2684
1627538794483000,0,572.60647613,0.2684
1627538795393000,0,226.96800000,0.2684
1627538904008000,0,4900.00000000,0.2683
1627538942005000,0,1576.94028181,0.2682
1627538981604000,0,4576.00000000,0.2679
1627539087588000,0,4685.00000000,0.2678
1627539104262000,0,2908.64000000,0.2680
1627539111039000,0,59.36000000,0.2680
1627539130540000,0,1870.00000000,0.2681
1627539130540000,0,4900.00000000,0.2681
1627539156308000,0,200.00000000,0.2681
1627539156312000,0,1325.00000000,0.2681
1627539168927000,0,4900.00000000,0.2682
1627539199503000,0,4900.00000000,0.2682
1627539202265000,0,3880.00000000,0.2682
1627539239339000,0,274.00000000,0.2682
1627539319203000,0,2321.00000000,0.2676
1627539342333000,0,2172.00000000,0.2675
1627539349359000,0,1846.00000000,0.2677
1627539383918000,0,2776.00000000,0.2677
1627539456841000,0,1212.00000000,0.2680
1627539456841000,0,18663.30154552,0.2681
1627539456850000,0,4000.00000000,0.2681
1627539462530000,1,1489.82883636,0.2679
1627539462679000,1,592.44220000,0.2679
1627539462857000,1,1489.82883636,0.2679
1627539495983000,0,386.67790000,0.2676
1627539497211000,0,548.32000000,0.2676
1627539512852000,0,972.00000000,0.2676
1627539557875000,0,946.00000000,0.2676
1627539640230000,0,3056.00000000,0.2676
1627539683357000,0,1007.00000000,0.2677
1627539746504000,0,3503.00000000,0.2676
1627539769520000,0,1016.00000000,0.2676
1627539836638000,1,1867.15000000,0.2671
1627539855350000,1,0.00328467,0.2671
1627539866709000,0,1904.00000000,0.2671
1627540009713000,0,3446.00000000,0.2672
1627540035580000,0,4877.00000000,0.2672
1627540052382000,0,1827.00000000,0.2672
1627540214929000,0,5723.00000000,0.2673
1627540284474000,0,4287.00000000,0.2673
1627540332655000,0,1935.00000000,0.2674
1627540381801000,0,1780.00000000,0.2675
1627540456325000,1,110.16910000,0.2674
1627540477453000,0,1724.00000000,0.2676
1627540479146000,0,3264.00000000,0.2676
1627540607866000,0,110.16910000,0.2682
1627540685507000,0,253.00000000,0.2680
1627540725220000,0,1929.00000000,0.2678
1627540754049000,0,2602.00000000,0.2678
1627540814347000,0,3569.00000000,0.2675
1627540929888000,0,3518.00000000,0.2672
1627540933439000,0,3648.00000000,0.2672
1627541072517000,0,2316.00000000,0.2675
1627541180355000,0,1878.00000000,0.2673
1627541216834000,0,517.00000000,0.2675
1627541251953000,0,1605.00000000,0.2677
1627541342945000,0,3118.00000000,0.2672
1627541389155000,0,2508.00000000,0.2674
1627541539751000,0,4929.00000000,0.2671
1627541563548000,0,1965.00000000,0.2673
1627541615436000,0,1198.00000000,0.2673
1627541637316000,0,2126.00000000,0.2674
1627541658533000,0,990.00000000,0.2678
1627541750503000,1,1326.34735243,0.2670
1627541798941000,0,4559.00000000,0.2668
1627541805140000,1,4900.00000000,0.2668
1627541843803000,1,4900.00000000,0.2668
1627541843889000,0,13163.36414000,0.2667
1627541844152000,0,0.00000050,0.2667
1627541882616000,0,2204.00000000,0.2668
1627541895991000,0,3237.00000000,0.2669
1627541985024000,0,1446.00000000,0.2671
1627541990851000,0,477.36210000,0.2672
1627541990975000,0,112.64300000,0.2672
1627541991070000,0,22.99490000,0.2672
1627542002983000,1,635.01990000,0.2672
1627542002998000,1,129.03100000,0.2672
1627542003048000,1,169.94910000,0.2672
1627542039741000,0,552.00000000,0.2669
1627542054518000,1,13831.23950000,0.2668
1627542054525000,1,183.36970000,0.2668
1627542054525000,1,684.98900000,0.2668
1627542054526000,1,115.86530000,0.2668
1627542054528000,1,435.33040000,0.2668
1627542054532000,1,178.52980000,0.2668
1627542054556000,1,144.69690000,0.2667
1627542054557000,1,252.39960000,0.2667
1627542054557000,1,450.76380000,0.2667
1627542054558000,1,204.86000000,0.2667
1627542054569000,1,138.98032931,0.2667
1627542054569000,1,16149.01277069,0.2667
1627542054706000,1,2774.34690000,0.2666
1627542054707000,1,204.86000000,0.2666
1627542054719000,1,0.00003427,0.2666
1627542054719000,1,566.19736573,0.2666
1627542054720000,1,3190.64760000,0.2666
1627542054722000,1,418.85720000,0.2666
1627542054751000,1,137.96270000,0.2666
1627542054752000,1,376.09170000,0.2666
1627542054756000,1,3056.40900000,0.2666
1627542054766000,1,0.00005729,0.2666
1627542054972000,1,1191.70062931,0.2665
1627542054972000,1,555.51667069,0.2665
1627542055003000,1,2423.69026358,0.2665
1627542055176000,1,2979.20693427,0.2663
1627542055176000,1,1191.70062931,0.2663
1627542055378000,0,9238.82910000,0.2664
1627542096087000,0,3500.00000000,0.2660
1627542096087000,0,2500.00000000,0.2660
1627542096087000,0,18808.71000000,0.2660
1627542096120000,0,0.00978099,0.2660
1627542097682000,0,999.00000000,0.2661
1627542139578000,0,2017.00000000,0.2661
1627542141397000,0,3577.00000000,0.2661
1627542173815000,1,4900.00000000,0.2664
1627542186744000,0,2294.18000000,0.2666
1627542197725000,1,4900.00000000,0.2665
1627542203283000,0,440.00000000,0.2666
1627542250428000,0,1564.00000000,0.2667
1627542286481000,0,1089.00000000,0.2666
1627542317557000,0,2351.00000000,0.2668
1627542338683000,0,469.00000000,0.2669
1627542470894000,0,3957.00000000,0.2668
1627542504444000,0,3123.00000000,0.2669
1627542506381000,0,2851.00000000,0.2669
1627542526005000,0,4900.00000000,0.2666
1627542552177000,0,1384.00000000,0.2667
1627542642994000,0,4900.00000000,0.2669
1627542643204000,0,2189.00000000,0.2669
1627542661171000,0,206.00000000,0.2670
1627542754536000,0,3084.00000000,0.2666
1627542802099000,0,1687.00000000,0.2667
1627542821071000,0,7118.29901000,0.2668
1627542896461000,0,1027.00000000,0.2672
1627542949477000,0,1434.00000000,0.2672
1627543051344000,0,434.00000000,0.2670
1627543051462000,0,361.66000000,0.2670
1627543057819000,0,4117.34000000,0.2670
1627543141034000,0,4146.00000000,0.2669
1627543221371000,0,6350.00000000,0.2665
1627543254660000,1,4900.00000000,0.2663
1627543299535000,0,275.89470000,0.2666
1627543299537000,0,2848.10530000,0.2666
1627543341011000,1,1056.08698000,0.2664
1627543341037000,1,0.00000751,0.2664
1627543341191000,1,2640.21746000,0.2663
1627543341737000,1,1056.08698751,0.2662
1627543347199000,0,1871.00000000,0.2664
1627543365222000,0,294.00000000,0.2664
1627543395466000,0,2745.00000000,0.2666
1627543410430000,1,1030.89450000,0.2667
1627543480111000,0,2048.00000000,0.2668
1627543486639000,0,1435.00000000,0.2668
1627543516153000,0,856.00000000,0.2669
1627543532165000,0,4900.00000000,0.2670
1627543555413000,0,202.00000000,0.2670
1627543649242000,0,4190.00000000,0.2669
1627543652164000,0,2740.00000000,0.2669
1627543771222000,0,3929.00000000,0.2668
1627543870102000,0,2366.00000000,0.2669
1627543906136000,0,2629.34000000,0.2670
1627543958842000,1,945.00000000,0.2667
1627543966212000,1,472.00000000,0.2666
1627544085953000,0,2693.00000000,0.2663
1627544207514000,0,5723.00000000,0.2661
1627544243612000,0,3600.00000000,0.2662
1627544251132000,1,974.97221137,0.2661
1627544251343000,1,2437.43052000,0.2660
1627544251441000,1,0.00000843,0.2660
1627544251441000,1,974.97221137,0.2660
1627544277820000,0,1781.00000000,0.2660
1627544291102000,0,1892.00000000,0.2660
1627544393361000,0,1500.00000000,0.2657
1627544419242000,0,3215.00000000,0.2657
1627544436744000,0,3611.00000000,0.2658
1627544481236000,0,2130.00000000,0.2660
1627544543130000,0,3300.00000000,0.2661
1627544631228000,0,1430.00000000,0.2661
1627544661876000,0,4900.00000000,0.2663
1627544661876000,0,3028.00000000,0.2663
1627544915280000,0,2390.00000000,0.2658
1627544943697000,0,137.67350000,0.2661
1627544944285000,0,1768.32650000,0.2661
1627544977371000,0,3226.00000000,0.2660
1627545165238000,0,4407.00000000,0.2658
1627545253682000,0,4402.00000000,0.2659
1627545261961000,1,413.56820000,0.2658
1627545449679000,0,1805.16000000,0.2656
1627545456014000,0,3439.00000000,0.2656
1627545515694000,1,1084.64961000,0.2650
1627545545086000,0,1663.89940000,0.2653
1627545545099000,0,1744.10060000,0.2653
1627545546337000,1,3630.00000000,0.2652
1627545595530000,0,4618.00000000,0.2654
1627545595654000,0,4470.86342736,0.2655
1627545595654000,0,11179.71077264,0.2655
1627545595722000,0,4617.00000000,0.2654
1627545678207000,0,555.00000000,0.2657
1627545680588000,0,805.00000000,0.2657
1627545685689000,0,2651.00000000,0.2660
1627545686182000,0,4460.21000000,0.2661
1627545714605000,0,4900.00000000,0.2662
1627545714820000,0,2132.00000000,0.2663
1627545714820000,0,2325.15901000,0.2663
1627545714850000,0,2132.00000307,0.2663
1627545714973000,0,4454.98791000,0.2663
1627545715231000,0,4454.98791000,0.2664
1627545715244000,0,0.00000580,0.2664
1627545731065000,0,1509.00000000,0.2667
1627545734184000,1,3000.00000000,0.2665
1627545734184000,1,4000.00000000,0.2665
1627545734184000,1,11750.70481000,0.2665
1627545738605000,1,1663.89940000,0.2664
1627545759573000,0,91.14000000,0.2664
1627545791504000,0,2404.00000000,0.2664
1627545808135000,0,285.00000000,0.2664
1627545867830000,0,885.00000000,0.2667
1627545912658000,0,1330.00000000,0.2667
1627545943571000,1,18771.14101000,0.2662
1627545944138000,1,1288.52172215,0.2661
1627545988193000,0,4405.00000000,0.2658
1627546040955000,1,1285.38504000,0.2654
1627546041170000,1,0.00000968,0.2654
1627546041170000,1,418.78907032,0.2654
1627546066220000,0,1171.00000000,0.2656
1627546108143000,1,1272.61021109,0.2655
1627546108143000,1,18327.38978891,0.2655
1627546108507000,1,3181.38182954,0.2654
1627546108507000,1,0.00001867,0.2654
1627546108507000,1,3734.83535179,0.2654
1627546139683000,1,1167.86260000,0.2654
1627546139689000,1,0.00000059,0.2654
1627546139689000,1,18667.95959941,0.2654
1627546330196000,0,3659.00000000,0.2652
1627546332866000,0,3784.00000000,0.2652
1627546394528000,0,3015.00000000,0.2652
1627546495192000,0,1084.00000000,0.2654
1627546547512000,0,1108.00000000,0.2655
1627546580617000,0,1610.00000000,0.2656
1627546599164000,0,359.00000000,0.2658
1627546667982000,0,1517.00000000,0.2659
1627546749358000,0,3293.00000000,0.2655
1627546854036000,0,942.00000000,0.2653
1627546864662000,0,1617.00000000,0.2653
1627546943847000,0,1848.00000000,0.2653
1627546966039000,0,1202.00000000,0.2653
1627547019131000,0,948.00000000,0.2654
1627547061812000,0,2664.00000000,0.2656
1627547166088000,0,2876.30000000,0.2653
1627547169481000,0,58.70000000,0.2653
1627547236781000,0,1639.00000000,0.2655
1627547241761000,0,2379.00000000,0.2655
1627547250457000,0,74.89274424,0.2657
1627547380643000,0,1300.00000000,0.2657
1627547427652000,0,1792.00000000,0.2659
1627547463551000,0,74.92093968,0.2656
1627547501673000,0,2478.00000000,0.2655
1627547592846000,0,1596.00000000,0.2654
1627547615646000,0,74.96892070,0.2655
1627547674916000,0,4179.00000000,0.2654
1627547720637000,0,1123.98320656,0.2656
1627547735602000,0,74.96327268,0.2655
1627547784746000,0,2681.00000000,0.2654
1627547857941000,0,4094.00000000,0.2652
1627547901106000,0,737.94000000,0.2655
1627547901126000,0,15.06000000,0.2655
1627547969012000,0,2935.00000000,0.2656
1627548019718000,0,1792.00000000,0.2659
1627548046748000,0,404.00000000,0.2662
1627548132933000,0,3547.00000000,0.2662
1627548143588000,0,74.73524109,0.2663
1627548224127000,0,1700.00000000,0.2664
1627548245280000,0,379.00000000,0.2665
1627548311462000,0,731.00000000,0.2666
1627548314773000,0,125.43210000,0.2666
1627548317724000,0,1608.56000000,0.2666
1627548328964000,0,0.00790000,0.2666
1627548386554000,0,1789.00000000,0.2668
1627548413914000,0,149.03392496,0.2671
1627548484588000,0,1664.00000000,0.2671
1627548516852000,1,125.43210000,0.2669
1627548563168000,0,1802.00000000,0.2667
1627548642774000,0,3354.00000000,0.2666
1627548689146000,0,1993.00000000,0.2666
1627548710767000,0,223.94497167,0.2666
1627548761458000,0,809.00000000,0.2665
1627548837386000,0,3152.00000000,0.2663
1627548875072000,0,937.00000000,0.2664
1627548883109000,0,1683.00000000,0.2664
1627548968277000,0,1531.00000000,0.2661
1627548970004000,0,2583.00000000,0.2661
1627549047579000,0,2201.00000000,0.2661
1627549109252000,0,1495.00000000,0.2663
1627549125239000,0,1048.00000000,0.2665
1627549202481000,0,2936.00000000,0.2661
1627549218595000,0,1050.00000000,0.2663
1627549267845000,0,785.00000000,0.2665
1627549269943000,0,952.00000000,0.2665
1627549334902000,0,1013.00000000,0.2667
1627549372297000,0,771.00000000,0.2669
1627549452368000,0,1294.05957070,0.2668
1627549456361000,0,1294.05957070,0.2668
1627549457426000,0,247.88000000,0.2668
1627549457473000,0,0.00085860,0.2668
1627549489174000,0,988.00000000,0.2669
1627549562009000,0,2021.00000000,0.2667
1627549602179000,0,1656.00000000,0.2667
1627549609870000,0,2241.00000000,0.2667
1627549645453000,0,2965.00000000,0.2668
1627549649685000,0,4058.00000000,0.2668
1627549705834000,0,225.00000000,0.2667
1627549718125000,0,519.00000000,0.2667
1627549727298000,0,409.00000000,0.2667
1627549755170000,0,636.00000000,0.2667
1627549782308000,0,487.00000000,0.2668
1627549788063000,0,762.00000000,0.2668
1627549831621000,0,647.00000000,0.2669
1627549861284000,1,968.54945000,0.2675
1627549861377000,1,0.00000950,0.2675
1627549888804000,0,1926.00000000,0.2675
1627549890117000,0,1109.00000000,0.2674
1627549940451000,0,1962.00000000,0.2674
1627549985368000,0,3000.00000000,0.2675
1627550000176000,1,2000.00000000,0.2673
1627550000176000,1,3000.00000000,0.2673
1627550003110000,1,962.61478000,0.2672
1627550027340000,1,958.27036000,0.2671
1627550040025000,0,750.00000000,0.2673
1627550058141000,0,1013.00000000,0.2674
1627550111388000,0,2708.00000000,0.2673
1627550174726000,0,102.00000000,0.2672
1627550178456000,0,1488.00000000,0.2672
1627550267644000,0,1962.00000000,0.2675
1627550282662000,0,1078.00000000,0.2675
1627550318788000,0,1640.00000000,0.2676
1627550321240000,0,4900.00000000,0.2678
1627550346649000,1,500.41751824,0.2676
1627550378278000,0,590.00000000,0.2680
1627550427607000,0,1821.82000000,0.2681
1627550427623000,0,37.18000000,0.2681
1627550454176000,1,1620.46749000,0.2681
1627550510227000,0,3028.00000000,0.2681
1627550516203000,0,1992.00000000,0.2681
1627550529679000,0,4430.32394778,0.2680
1627550529727000,1,139.65000000,0.2681
1627550531477000,1,871.65000000,0.2681
1627550564895000,0,919.00000000,0.2680
1627550760773000,0,3288.00000000,0.2680
1627550803136000,0,4394.00000000,0.2680
1627550827307000,0,1376.00000000,0.2682
1627550893600000,0,139.65000000,0.2683
1627550893716000,0,2604.35000000,0.2683
1627550911966000,0,425.00000000,0.2685
1627550960097000,0,1712.00000000,0.2686
1627551015981000,0,1906.00000000,0.2687
1627551054113000,0,2182.00000000,0.2688
1627551185496000,0,3193.00000000,0.2684
1627551202144000,0,1549.00000000,0.2686
1627551209608000,1,1682.00000000,0.2683
1627551258023000,0,666.40000000,0.2688
1627551258121000,0,13.60000000,0.2688
1627551384795000,0,2487.00000000,0.2688
1627551453268000,1,2500.00000000,0.2687
1627551454859000,1,1000.00000000,0.2687
1627551454859000,1,110818.39000000,0.2687
1627551454894000,1,0.00833283,0.2687
1627551454922000,1,186.88600000,0.2687
1627551467488000,1,171.19213307,0.2686
1627551469812000,0,611.00000000,0.2687
1627551538554000,0,973.14882000,0.2688
1627551538758000,0,391.85118000,0.2688
1627551571907000,0,112.04044459,0.2690
1627551571907000,0,1977.99999541,0.2690
1627551572293000,0,0.00000459,0.2690
1627551572293000,0,468.99189541,0.2692
1627551605899000,0,1475.00000000,0.2690
1627551611583000,1,1012.00000000,0.2689
1627551611583000,1,1062.59984000,0.2689
1627551620746000,0,684.00000000,0.2690
1627551653498000,1,511.06744160,0.2687
1627551672128000,0,192.65390000,0.2689
1627551672128000,0,814.34610000,0.2689
1627551672254000,0,4412.08200000,0.2691
1627551672827000,0,929.00000000,0.2693
1627551672939000,0,3449.90374488,0.2693
1627551672940000,0,521.09625512,0.2693
1627551789731000,0,2452.00000000,0.2694
1627551823166000,0,97.00000000,0.2695
1627551823398000,0,18561.36324221,0.2697
1627551823398000,0,4402.62283827,0.2697
1627551872918000,0,533.00000000,0.2695
1627551903727000,0,1815.28083893,0.2700
1627551903853000,0,483.40000000,0.2700
1627551904005000,0,66.09254004,0.2700
1627551911812000,0,18538.51122446,0.2700
1627551911993000,0,3000.00000000,0.2700
1627552020462000,0,879.00000000,0.2696
1627552048914000,0,927.00000000,0.2696
1627552048914000,0,2500.00000000,0.2696
1627552048914000,0,2057.39117857,0.2696
1627552058096000,0,1119.00000000,0.2697
1627552059963000,0,945.00000000,0.2696
1627552081014000,1,1054.00000000,0.2701
1627552119635000,1,25000.00000000,0.2700
1627552156206000,0,1316.00000000,0.2702
1627552197599000,0,3738.66706000,0.2702
1627552216771000,1,4900.00000000,0.2701
1627552288230000,1,1424.36742000,0.2698
1627552324329000,1,1419.57290000,0.2693
1627552324727000,1,153.41890000,0.2692
1627552327124000,1,1414.00429398,0.2690
1627552359631000,0,2633.00000000,0.2691
1627552384296000,0,569.00000000,0.2692
1627552384296000,0,845.00420000,0.2693
1627552384409000,0,82.99580000,0.2693
1627552384409000,0,18493.87590000,0.2693
1627552384524000,0,82.99587486,0.2693
1627552384524000,0,1331.00832514,0.2694
1627552384645000,0,16583.41790000,0.2694
1627552398549000,0,2383.00000000,0.2694
1627552450152000,0,2080.00000000,0.2691
1627552529244000,0,2758.00000000,0.2689
1627552581810000,0,1096.00000000,0.2690
1627552637743000,0,934.00000000,0.2692
1627552640930000,0,253.53802140,0.2694
1627552659154000,1,1258.74024000,0.2692
1627552745569000,0,5093.00000000,0.2693
1627552782126000,0,816.71443208,0.2695
1627552848247000,1,1414.00410000,0.2697
1627552850335000,1,222.23990000,0.2694
1627552850359000,1,268.32940000,0.2694
1627552850398000,1,159.28500000,0.2694
1627552850414000,1,791.52040000,0.2694
1627552850464000,1,0.00009147,0.2694
1627552850592000,1,169.63460000,0.2693
1627552850599000,1,90.26690000,0.2693
1627552856030000,1,751.85280000,0.2691
1627552856032000,1,204.56700000,0.2691
1627552856126000,1,1420.56190000,0.2692
1627552856141000,1,0.00001291,0.2692
1627552856145000,1,464.31080000,0.2691
1627552856346000,1,0.00008335,0.2691
1627552856346000,1,1736.82051665,0.2690
1627552856359000,1,207.17450000,0.2690
1627552856359000,1,620.28080000,0.2690
1627552856648000,0,4900.00000000,0.2690
1627552856875000,1,9335.24000000,0.2688
1627552863663000,1,0.00612410,0.2688
1627552878864000,1,395.78000000,0.2684
1627552897281000,0,3028.00000000,0.2686
1627552928345000,0,1407.00000000,0.2687
1627552938077000,0,1500.00000000,0.2688
1627552938077000,0,4000.00000000,0.2688
1627552938077000,0,18613.60000000,0.2688
1627552938077000,0,0.00402570,0.2688
1627552942627000,0,1817.00000000,0.2688
1627552947175000,0,391.05329118,0.2689
1627552955746000,0,1000.00000000,0.2690
1627552986051000,0,1253.00000000,0.2692
1627553011407000,0,1236.00000000,0.2692
1627553060191000,0,668.00000000,0.2692
1627553102066000,0,157.00000000,0.2694
1627553105038000,0,831.00000000,0.2694
1627553150387000,0,2114.00000000,0.2695
1627553328007000,0,5629.00000000,0.2690
1627553480333000,0,2650.00000000,0.2689
1627553540119000,0,2892.00000000,0.2690
1627553588570000,0,4459.00000000,0.2689
1627553609981000,0,303.00000000,0.2689
1627553646777000,0,4883.00000000,0.2689
1627553715793000,0,3397.00000000,0.2688
1627553780889000,0,1065.00000000,0.2689
1627553782310000,0,588.00110000,0.2689
1627553782585000,0,167.99890000,0.2689
1627553833290000,0,1224.00000000,0.2690
1627554015747000,0,3224.00000000,0.2689
1627554122902000,0,1263.00000000,0.2688
1627554146974000,0,1077.00000000,0.2689
1627554202520000,1,271.54970000,0.2686
1627554243744000,0,1255.00000000,0.2686
1627554273541000,0,18633.29152760,0.2685
1627554273541000,0,4408.99847240,0.2685
1627554273543000,0,0.00152760,0.2685
1627554287929000,0,126.00000000,0.2686
1627554326432000,0,74.12283969,0.2685
1627554361733000,0,2884.00000000,0.2683
1627554366654000,0,4760.00000000,0.2683
1627554366654000,0,18643.89000000,0.2683
1627554374698000,0,0.00365331,0.2683
1627554374698000,0,13377.07634669,0.2684
1627554432539000,0,1798.00000000,0.2685
1627554434486000,0,4077.00000000,0.2686
1627554434486000,0,18628.56654217,0.2686
1627554434486000,0,7294.43345783,0.2687
1627554466158000,0,6000.00000000,0.2685
1627554483359000,0,500.00000000,0.2686
1627554536649000,0,1404.00000000,0.2683
1627554604980000,0,2816.00000000,0.2683
1627554685629000,0,18653.00000000,0.2682
1627554687844000,0,0.00316997,0.2682
1627554687844000,0,18652.99683003,0.2682
1627554693621000,0,0.00633994,0.2682
1627554693621000,0,1572.99366006,0.2682
1627554693660000,0,0.00633994,0.2682
1627554694419000,0,4578.83000000,0.2684
1627554694421000,0,14064.03225346,0.2684
1627554792198000,0,4666.00000000,0.2685
1627554893508000,0,126.28670000,0.2688
1627554893520000,0,3996.71330000,0.2688
1627554956032000,0,881.00000000,0.2689
1627555101012000,1,126.28670000,0.2683
1627555146495000,0,7889.00000000,0.2684
1627555326354000,0,4020.00000000,0.2682
1627555388514000,0,4126.00000000,0.2683
1627555457852000,0,2542.00000000,0.2683
1627555462080000,0,1032.00000000,0.2683
1627555508514000,0,2006.00000000,0.2679
1627555564792000,0,1421.00000000,0.2682
1627555748918000,0,3434.00000000,0.2680
1627555786850000,0,1410.00000000,0.2682
1627555795000000,0,426.00000000,0.2682
1627555829955000,0,2131.00000000,0.2685
1627555873843000,0,3282.00000000,0.2686
1627555941366000,0,1370.00000000,0.2687
1627556021606000,0,1004.00000000,0.2687
1627556141765000,0,3123.00000000,0.2688
1627556146997000,0,1433.00000000,0.2688
1627556350457000,0,1851.95801072,0.2686
1627556379801000,0,5408.00000000,0.2686
1627556401410000,1,139.65000000,0.2686
1627556401412000,1,18492.38349017,0.2686
1627556413837000,0,2772.00000000,0.2686
1627556414116000,1,11350.73733000,0.2687
1627556414118000,1,0.00000519,0.2687
1627556414282000,0,4900.00000000,0.2687
1627556414338000,1,4010.26267000,0.2687
1627556414392000,1,243.52430000,0.2687
1627556439520000,1,18618.60238278,0.2687
1627556450894000,0,109.14490000,0.2687
1627556450897000,0,3500.85510000,0.2687
1627556461189000,1,1452.00210000,0.2691
1627556461239000,1,4800.71050000,0.2691
1627556497041000,1,3200.14460000,0.2692
1627556498350000,1,129.92630000,0.2692
1627556498351000,1,2378.79594415,0.2692
1627556523095000,1,8540.83000000,0.2692
1627556523255000,1,0.00279655,0.2692
1627556527366000,0,372.12731189,0.2693
1627556551440000,1,12150.86810000,0.2689
1627556552595000,1,0.00005610,0.2689
1627556552595000,1,996.28894390,0.2689
1627556552598000,1,18610.39102817,0.2689
1627556552615000,1,143.89130000,0.2689
1627556552875000,1,92.77350000,0.2689
1627556553319000,1,17567.56000000,0.2689
1627556553373000,1,0.00499384,0.2689
1627556604544000,0,2282.00000000,0.2689
1627556611559000,1,122.85540000,0.2689
1627556611657000,1,2432.51146799,0.2689
1627556641165000,1,490.15460000,0.2688
1627556641238000,1,711.12190000,0.2688
1627556645569000,1,257.98140000,0.2688
1627556649857000,1,2417.07990000,0.2688
1627556650101000,1,191.74890000,0.2688
1627556650105000,1,131.63250000,0.2688
1627556650188000,1,94.45340000,0.2688
1627556652223000,0,16418.59393835,0.2688
1627556654420000,1,1867.00000000,0.2688
1627556656279000,1,2013.90000000,0.2688
1627556656603000,1,2745.96000000,0.2688
1627556659562000,1,12685.43762362,0.2688
1627556659737000,1,258.88648211,0.2688
1627556673852000,0,1052.00000000,0.2688
1627556682497000,1,160.72000000,0.2689
1627556685303000,1,168.56000000,0.2689
1627556685575000,1,2820.44000000,0.2689
1627556685814000,1,833.00000000,0.2689
1627556690821000,0,3054.55380000,0.2690
1627556690898000,0,754.65650000,0.2690
1627556690905000,0,606.07069387,0.2690
1627556691504000,0,223.07920000,0.2690
1627556697221000,0,20.92080000,0.2690
1627556697221000,0,11259.36124892,0.2694
1627556757896000,0,3051.00000000,0.2693
1627556801203000,0,2093.00000000,0.2695
1627556866566000,0,18555.87651000,0.2696
1627556866760000,0,0.00000866,0.2696
1627556866997000,0,940.00000000,0.2695
1627556897438000,1,4000.00000000,0.2699
1627556927279000,1,194.17060000,0.2699
1627556927280000,1,18321.80251673,0.2699
1627556927287000,1,194.71840000,0.2699
1627556927292000,1,613.87770000,0.2699
1627556927293000,1,730.09870000,0.2699
1627556927294000,1,456.54220000,0.2699
1627556927298000,1,115.76300000,0.2699
1627556927319000,1,3000.00000000,0.2699
1627556927323000,1,2111.00000000,0.2699
1627556927323000,1,16409.13850000,0.2698
1627556927417000,1,1394.32820000,0.2697
1627556927427000,1,0.00003502,0.2697
1627556927427000,1,3486.18856498,0.2697
1627556927474000,1,0.00007065,0.2697
1627556927597000,1,755.00000000,0.2697
1627556927603000,1,391.00000000,0.2697
1627556927646000,1,249.11261896,0.2697
1627556927651000,1,1930.69420000,0.2696
1627556927652000,1,1000.00000000,0.2696
1627556927671000,1,391.06877574,0.2696
1627556927748000,1,2033.19900110,0.2696
1627556927755000,1,3713.47168063,0.2696
1627556927775000,1,3487.79065176,0.2695
1627556927971000,1,1395.11261896,0.2695
1627556928032000,1,3490.68528424,0.2693
1627556928032000,1,3487.79064576,0.2693
1627556928082000,1,0.00000600,0.2693
1627556928625000,1,2409.61986055,0.2690
1627556928637000,1,90.38013945,0.2690
1627556928637000,1,913.25135812,0.2690
1627556928645000,1,484.37841148,0.2690
1627556928645000,1,258.62158852,0.2690
1627556929178000,0,3000.00000000,0.2692
1627556929212000,0,1754.87870000,0.2692
1627557021238000,0,3163.00000000,0.2694
1627557067648000,0,1142.00000000,0.2695
1627557083573000,0,1487.00000000,0.2694
1627557148341000,1,1263.86693653,0.2691
1627557153076000,0,1746.00000000,0.2691
1627557180814000,0,953.00000000,0.2692
1627557246275000,0,2374.00000000,0.2692
1627557252837000,0,18584.00816029,0.2692
1627557253197000,0,18584.00000000,0.2692
1627557253326000,0,0.00816029,0.2692
1627557255429000,0,18581.90000000,0.2692
1627557255578000,0,0.00703792,0.2692
1627557259873000,0,18581.90000000,0.2692
1627557259900000,0,0.00703792,0.2692
1627557262805000,0,4000.00000000,0.2692
1627557262805000,0,2500.00000000,0.2692
1627557274723000,0,1027.00000000,0.2692
1627557277422000,0,1099.00000000,0.2692
1627557277422000,0,500.00000000,0.2693
1627557341297000,0,1846.00000000,0.2693
1627557410203000,0,975.00000000,0.2694
1627557414510000,0,601.00000000,0.2694
1627557490526000,0,3203.00000000,0.2693
1627557490526000,0,162.36277324,0.2693
1627557537751000,0,1287.00000000,0.2690
1627557583894000,0,631.00000000,0.2691
1627557616548000,1,4900.00000000,0.2691
1627557616548000,1,5139.23051530,0.2690
1627557619193000,0,1900.00000000,0.2693
1627557703880000,0,1105.00000000,0.2692
1627557727962000,0,127.40000000,0.2694
1627557733631000,0,2165.00000000,0.2694
1627557823898000,0,878.00000000,0.2696
1627557922870000,0,4900.00000000,0.2697
1627557922870000,0,12443.04656508,0.2697
1627557979348000,0,1047.00000000,0.2697
1627558074042000,0,2504.00000000,0.2695
1627558079158000,0,998.62000000,0.2696
1627558095531000,0,696.00000000,0.2696
1627558186912000,0,1375.00000000,0.2696
1627558213953000,1,4900.00000000,0.2694
1627558213953000,1,4000.00000000,0.2694
1627558213953000,1,3000.00000000,0.2694
1627558213953000,1,359.00000000,0.2693
1627558327839000,0,1529.00000000,0.2692
1627558417959000,0,6694.10450000,0.2692
1627558421050000,0,0.00000756,0.2692
1627558421050000,0,2137.99999244,0.2692
1627558421095000,0,0.00000756,0.2692
1627558422816000,0,2942.00000000,0.2692
1627558621747000,0,2271.00000000,0.2684
1627558868319000,0,4013.00000000,0.2671
1627558911347000,1,233.86746260,0.2669
1627559009917000,1,156.30270000,0.2663
1627559009922000,1,102.26260000,0.2663
1627559009930000,1,1027.67705061,0.2663
1627559027678000,0,819.38360000,0.2661
1627559036450000,1,1275.96599000,0.2660
1627559036488000,1,560.81830000,0.2660
1627559036614000,1,1276.07147688,0.2660
1627559131430000,0,6212.00000000,0.2660
1627559160847000,0,5656.00000000,0.2661
1627559188482000,0,224.26464069,0.2662
1627559234374000,1,101.19870000,0.2655
1627559234422000,1,229.96310000,0.2655
1627559244134000,1,3054.30592679,0.2646
1627559244134000,1,2984.17136586,0.2646
1627559249228000,0,407.10930000,0.2650
1627559279602000,0,1548.00000000,0.2652
1627559307355000,0,2857.31000000,0.2652
1627559307495000,0,1132.69000000,0.2652
1627559308988000,0,2964.00000000,0.2651
1627559394191000,0,111.00970000,0.2658
1627559401066000,0,18803.43203043,0.2661
1627559401103000,0,968.00000000,0.2661
1627559401104000,0,2032.00000000,0.2661
1627559401114000,0,4000.00000000,0.2661
1627559401114000,0,459.89240000,0.2662
1627559401115000,0,508.10760000,0.2662
1627559401115000,0,3231.84280000,0.2662
1627559401338000,0,3000.00000000,0.2662
1627559401338000,0,1000.00000000,0.2662
1627559401355000,0,3459.89240125,0.2662
1627559401355000,0,18805.20227949,0.2662
1627559401419000,0,4900.00000000,0.2661
1627559402464000,0,939.00000000,0.2662
1627559485808000,0,1088.00000000,0.2656
1627559538240000,0,1621.00000000,0.2659
1627559556051000,0,1070.00000000,0.2661
1627559696582000,0,2329.00000000,0.2661
1627559759229000,0,2569.00000000,0.2656
1627559794624000,1,1125.95720000,0.2653
1627559799077000,0,657.00000000,0.2656
1627559825290000,0,429.00000000,0.2656
1627559864523000,0,756.00000000,0.2656
1627559868198000,0,1054.00000000,0.2656
1627559900133000,0,983.00000000,0.2656
1627559947984000,0,1017.00000000,0.2656
1627560001398000,0,139.65000000,0.2655
1627560001406000,0,18442.50353338,0.2655
1627560002088000,0,3000.00000000,0.2657
1627560004244000,1,3000.00000000,0.2656
1627560004309000,0,13369.29821000,0.2656
1627560004378000,0,0.00000993,0.2656
1627560005127000,1,14566.49533992,0.2656
1627560006761000,0,2833.00000000,0.2658
1627560022387000,1,1054.00000000,0.2655
1627560031173000,0,9588.66869000,0.2654
1627560031178000,0,0.00000720,0.2654
1627560082790000,0,1176.06201117,0.2652
1627560082790000,0,1290.65875978,0.2652
1627560082813000,0,50.34124022,0.2652
1627560093207000,0,1068.17000000,0.2653
1627560093229000,0,0.00179170,0.2653
1627560095194000,1,4000.00000000,0.2652
1627560095194000,1,9911.97421230,0.2652
1627560121152000,0,353.30540000,0.2649
1627560121156000,0,9453.14288506,0.2649
1627560121576000,1,3000.00000000,0.2649
1627560121645000,0,4900.00000000,0.2649
1627560121649000,0,23165.51292745,0.2649
1627560174776000,0,1759.00000000,0.2652
1627560184267000,0,599.41000000,0.2653
1627560184370000,0,0.00435074,0.2653
1627560188118000,0,491.10399131,0.2653
1627560204390000,0,1198.00000000,0.2652
1627560211156000,0,19161.58072000,0.2651
1627560211176000,0,0.00000895,0.2651
1627560212862000,1,1500.00000000,0.2651
1627560212862000,1,3500.00000000,0.2651
1627560212862000,1,4900.00000000,0.2651
1627560212862000,1,15205.41292108,0.2651
1627560231549000,0,4900.00000000,0.2656
1627560231549000,0,2175.52929924,0.2656
1627560231643000,0,295.98580000,0.2656
1627560231689000,0,8242.27002370,0.2656
1627560231753000,0,4471.30375782,0.2656
1627560231753000,0,161.29011811,0.2656
1627560234511000,1,649.29120000,0.2654
1627560241387000,0,479.71290000,0.2653
1627560241387000,0,11493.40030000,0.2653
1627560241387000,0,0.00009021,0.2653
1627560271163000,0,12456.25960000,0.2654
1627560271168000,0,0.00000144,0.2654
1627560283667000,0,74.92093968,0.2656
1627560312841000,0,1306.00000000,0.2655
1627560438412000,0,4063.00000000,0.2647
1627560456254000,0,2262.00000000,0.2650
1627560492384000,0,707.57331522,0.2649
1627560579145000,0,2175.00000000,0.2648
1627560594771000,0,1195.41000000,0.2648
1627560594900000,0,389.59000000,0.2648
1627560609730000,0,588.00000000,0.2648
1627560614293000,0,2002.00000000,0.2648
1627560619147000,0,943.00000000,0.2650
1627560619147000,0,3000.00000000,0.2650
1627560619147000,0,4000.00000000,0.2650
1627560619147000,0,18878.20045332,0.2651
1627560619989000,0,4900.00000000,0.2654
1627560656574000,1,1778.00000000,0.2656
1627560681758000,1,941.00000000,0.2655
1627560681986000,1,127.46100000,0.2654
1627560682086000,1,1320.85501340,0.2654
1627560682086000,1,3137.20918660,0.2654
1627560682087000,1,483.58980000,0.2654
1627560682130000,1,0.00001830,0.2654
1627560682130000,1,9414.04258170,0.2653
1627560756768000,0,979.00000000,0.2650
1627560767883000,0,75.05657388,0.2651
1627560782123000,0,4900.00000000,0.2652
1627560851686000,0,1525.00000000,0.2650
1627560855870000,0,2969.00000000,0.2650
1627560885723000,1,226.12466560,0.2650
1627560944586000,0,611.05080000,0.2653
1627560989030000,0,4900.00000000,0.2653
1627560990543000,0,839.00000000,0.2653
1627561021819000,0,184.24000000,0.2651
1627561031153000,0,3.76000000,0.2651
1627561054953000,0,1570.00000000,0.2652
1627561071777000,0,749.00000000,0.2654
1627561135155000,0,928.00000000,0.2655
1627561184479000,0,463.00000000,0.2653
1627561185433000,0,159.00000000,0.2654
1627561186422000,0,78.00000000,0.2654
1627561187462000,0,156.00000000,0.2654
1627561188459000,0,159.00000000,0.2654
1627561189435000,0,426.00000000,0.2654
1627561190470000,0,230.00000000,0.2654
1627561191467000,0,419.00000000,0.2653
1627561192479000,0,108.00000000,0.2654
1627561193416000,0,192.00000000,0.2654
1627561194435000,0,343.00000000,0.2653
1627561195478000,0,148.00000000,0.2654
1627561196460000,0,125.00000000,0.2654
1627561197422000,0,271.00000000,0.2654
1627561199439000,0,372.00000000,0.2654
1627561201501000,0,273.00000000,0.2654
1627561201501000,0,76.00000000,0.2654
1627561243694000,1,207.00000000,0.2654
1627561261720000,0,187.47876549,0.2654
1627561266202000,0,3299.00000000,0.2654
1627561296353000,0,1144.00000000,0.2655
1627561351326000,0,2960.00000000,0.2657
1627561355369000,0,2037.00000000,0.2658
1627561355369000,0,4900.00000000,0.2659
1627561403270000,0,1171.00000000,0.2661
1627561449990000,0,2348.00000000,0.2661
1627561536323000,0,2677.00000000,0.2654
1627561570856000,0,1787.00000000,0.2655
1627561631288000,0,1442.00000000,0.2658
1627561636422000,0,563.79699248,0.2660
1627561657205000,0,530.00000000,0.2658
1627561662768000,0,537.00000000,0.2659
1627561704138000,0,1672.86000000,0.2661
1627561709577000,0,715.00000000,0.2661
1627561771763000,0,1396.00000000,0.2663
1627561814182000,0,1340.00000000,0.2665
1627561846508000,0,4802.00000000,0.2668
1627561954776000,0,1808.10000000,0.2663
1627561960362000,0,1644.00000000,0.2663
1627562009715000,0,2205.00000000,0.2664
1627562050355000,0,2118.76000000,0.2664
1627562050385000,0,43.24000000,0.2664
1627562071847000,1,1144.82354532,0.2661
1627562107156000,0,1021.00000000,0.2659
1627562150796000,0,949.00000000,0.2659
1627562154149000,0,1345.00000000,0.2660
1627562186526000,0,312.33063340,0.2659
1627562207753000,0,2144.00000000,0.2657
1627562227739000,0,705.00000000,0.2658
1627562241830000,0,187.09100481,0.2659
1627562263830000,0,751.00000000,0.2658
1627562296540000,0,1402.00000000,0.2660
1627562302301000,0,186.99958654,0.2661
1627562381873000,1,1158.53083000,0.2652
1627562417901000,0,1533.00000000,0.2658
1627562518420000,0,2504.00000000,0.2659
1627562580937000,0,2582.00000000,0.2658
1627562662951000,0,1984.00000000,0.2660
1627562732743000,0,2752.00000000,0.2660
1627562785146000,0,1616.00000000,0.2665
1627562908138000,0,4250.00000000,0.2664
1627563071946000,0,2012.00000000,0.2664
1627563102892000,0,2500.00000000,0.2664
1627563102892000,0,3500.00000000,0.2664
1627563102941000,1,139.65000000,0.2664
1627563102945000,1,34572.68390886,0.2664
1627563126316000,0,790.00000000,0.2665
1627563170077000,0,1467.00000000,0.2665
1627563170156000,1,46577.72963000,0.2665
1627563172549000,1,0.00000338,0.2665
1627563314642000,0,939.00000000,0.2662
1627563314642000,0,9159.49329426,0.2662
1627563316686000,0,1823.00000000,0.2662
1627563334967000,1,4500.00000000,0.2663
1627563344787000,1,4900.00000000,0.2662
1627563345075000,1,3500.00000000,0.2662
1627563345440000,1,1418.98372000,0.2661
1627563345693000,1,0.00000641,0.2661
1627563345693000,1,2562.21484359,0.2661
1627563483248000,0,2114.00000000,0.2662
1627563511980000,1,6000.00000000,0.2663
1627563512038000,1,4000.00000000,0.2663
1627563558316000,0,806.00000000,0.2665
1627563639856000,0,1700.00000000,0.2662
1627563745644000,0,2093.00000000,0.2663
1627563806943000,0,1247.00000000,0.2668
1627563881345000,0,357.00000000,0.2668
1627563919829000,0,2021.00000000,0.2670
1627563928930000,1,4255.21000000,0.2671
1627563928959000,1,0.00218709,0.2671
1627563977529000,0,2627.00000000,0.2671
1627564071309000,0,4802.00000000,0.2679
1627564112363000,0,2235.38000000,0.2677
1627564146830000,0,78.40000000,0.2677
1627564146888000,0,88.60000000,0.2677
1627564166677000,0,780.08000000,0.2681
1627564213101000,0,1715.00000000,0.2680
1627564279339000,0,2040.00000000,0.2680
1627564333428000,0,2354.00000000,0.2680
1627564340428000,1,3540.00000000,0.2681
1627564340502000,1,88.60000000,0.2681
1627564341159000,1,398.60000000,0.2681
1627564341195000,1,0.00029282,0.2681
1627564441367000,0,2158.00000000,0.2683
1627564449995000,1,457.00000000,0.2684
1627564466709000,0,1675.00000000,0.2688
1627564530298000,1,107.77280000,0.2687
1627564530310000,1,147.11530000,0.2687
1627564530405000,1,104.16760000,0.2687
1627564530453000,1,155.78310000,0.2687
1627564530490000,1,106.87990000,0.2687
1627564530528000,1,338.62010000,0.2687
1627564530882000,1,417.47540000,0.2686
1627564530897000,1,343.74670000,0.2686
1627564530902000,1,408.34790000,0.2686
1627564548226000,0,2129.90880000,0.2688
1627564548257000,0,107.09120000,0.2688
1627564582858000,0,139.65000000,0.2689
1627564583014000,0,2057.35000000,0.2689
1627564663636000,0,1849.90124191,0.2689
1627564683754000,0,635.09875000,0.2689
1627564685085000,0,4325.00000000,0.2690
1627564726403000,1,426.32518040,0.2687
1627564730232000,0,421.02037861,0.2694
1627564856320000,0,1096.00000000,0.2693
1627564861009000,0,18564.44286000,0.2695
1627564894821000,1,144.18290000,0.2697
1627564894863000,1,106.25350000,0.2697
1627564894865000,1,179.72230000,0.2697
1627564894888000,1,671.84130000,0.2697
1627564895430000,1,1038.00000000,0.2695
1627564896240000,0,257.95341999,0.2696
1627564896240000,0,3000.22600000,0.2696
1627564896240000,0,7447.79267945,0.2697
1627564908092000,0,430.15870000,0.2696
1627564909148000,0,426.84000000,0.2696
1627564909202000,0,0.00130000,0.2696
1627565076903000,0,937.00000000,0.2692
1627565230446000,1,238.62237360,0.2691
1627565331966000,0,18592.27260000,0.2691
1627565331996000,0,18586.89210970,0.2692
1627565331996000,0,889.99999030,0.2692
1627565331998000,0,0.00000970,0.2692
1627565332008000,0,119.32580000,0.2693
1627565332021000,0,956.74090000,0.2693
1627565332023000,0,195.51170000,0.2693
1627565332029000,0,617.87760000,0.2693
1627565332029000,0,124.24660000,0.2693
1627565332046000,0,367.84550000,0.2693
1627565332064000,0,371.71640000,0.2693
1627565332064000,0,93.52220000,0.2693
1627565332066000,0,124.16880000,0.2693
1627565332083000,0,2658.63920000,0.2693
1627565341904000,1,3000.00000000,0.2695
1627565341949000,1,1483.31830000,0.2694
1627565341954000,1,223.39490000,0.2695
1627565342007000,1,139.65000000,0.2695
1627565342009000,1,3169.95510000,0.2695
1627565342109000,1,0.00000929,0.2694
1627565342109000,1,223.39489070,0.2694
1627565342121000,1,0.00000930,0.2694
1627565342168000,1,2482.99479366,0.2693
1627565342670000,1,2163.59179141,0.2691
1627565342676000,1,1402.72891675,0.2691
1627565342714000,1,282.40009057,0.2691
1627565342747000,1,1051.27920127,0.2691
1627565342747000,1,561.42545472,0.2691
1627565342750000,1,708.09999999,0.2691
1627565342808000,1,1281.47454529,0.2691
1627565342888000,1,1483.31830929,0.2691
1627565342888000,1,516.68169071,0.2691
1627565342903000,1,1222.91720735,0.2691
1627565342923000,1,1968.56996950,0.2691
1627565351588000,0,75.00000000,0.2693
1627565357789000,0,2943.00000000,0.2693
1627565373611000,1,2740.03003052,0.2693
1627565373644000,1,1215.00000000,0.2693
1627565405245000,0,175.42000000,0.2695
1627565411769000,0,2676.38000000,0.2695
1627565426295000,0,1095.00000000,0.2695
1627565466532000,0,7585.01616276,0.2700
1627565476204000,0,4900.00000000,0.2700
1627565490995000,1,1429.83282000,0.2696
1627565490998000,1,0.00000190,0.2696
1627565491058000,1,926.00000000,0.2696
1627565491125000,1,615.12270000,0.2696
1627565491172000,1,1429.83280000,0.2696
1627565491207000,1,410.04450000,0.2696
1627565491210000,0,1429.83282190,0.2696
1627565498693000,0,4900.00000000,0.2698
1627565523766000,0,328.00000000,0.2700
1627565555736000,0,531.00000000,0.2701
1627565623037000,1,925.00000000,0.2698
1627565623126000,1,926.00000000,0.2698
1627565636934000,1,421.01037850,0.2697
1627565641101000,0,1081.00000000,0.2700
1627565644340000,0,415.97475756,0.2702
1627565830396000,1,99.16070000,0.2697
1627565830450000,1,123.36280000,0.2697
1627565830450000,1,165.83120000,0.2697
1627565830506000,1,760.16880000,0.2697
1627565847656000,0,2188.32641596,0.2699
1627565847656000,0,3000.00000000,0.2699
1627565847656000,0,4698.23347168,0.2700
1627565914670000,0,998.61110000,0.2690
1627565914674000,0,139.65000000,0.2690
1627565915300000,0,1000.00000000,0.2690
1627565915300000,0,233677.86000000,0.2690
1627565915389000,0,0.00359323,0.2690
1627565918358000,1,610.25640000,0.2689
1627565975160000,1,3000.00000000,0.2691
1627565982501000,1,516.58847478,0.2691
1627565983069000,0,165.31390000,0.2693
1627565983069000,0,112.86090000,0.2693
1627565983110000,0,1518.82520000,0.2693
1627565983675000,1,4900.00000000,0.2693
1627566001250000,0,1493.00000000,0.2693
1627566015468000,0,2190.00000000,0.2694
1627566020700000,1,457.00000000,0.2694
1627566023109000,1,223.33230000,0.2693
1627566023109000,1,54.84250000,0.2693
1627566023189000,1,234.15750000,0.2693
1627566186017000,0,2852.00000000,0.2695
1627566262139000,0,1912.00000000,0.2695
1627566350289000,1,222.74980000,0.2694
1627566382546000,0,3608.00000000,0.2693
1627566599836000,0,3249.00000000,0.2690
1627566648803000,1,929.00000000,0.2689
1627566649137000,1,687.92168629,0.2688
1627566649148000,1,663.07248619,0.2688
1627566649230000,1,929.00000000,0.2687
1627566649540000,0,625.00000000,0.2687
1627566696032000,0,225.46120000,0.2687
1627566696100000,0,2621.53880000,0.2687
1627566805869000,0,4982.00000000,0.2690
1627566947045000,0,1027.00000000,0.2691
1627567011015000,0,2500.00000000,0.2691
1627567025023000,0,1378.00000000,0.2692
1627567144205000,0,1220.00000000,0.2693
1627567202370000,1,1000.00000000,0.2693
1627567203746000,0,3613.00000000,0.2693
1627567205174000,1,246.52320000,0.2693
1627567216298000,1,139.65000000,0.2695
1627567216303000,1,293.11570000,0.2695
1627567216318000,1,106.62560000,0.2695
1627567216323000,1,246.65500000,0.2695
1627567216694000,1,634.86980000,0.2695
1627567216696000,1,18566.87069769,0.2695
1627567216780000,1,9575.44040000,0.2695
1627567227019000,0,827.00000000,0.2695
1627567227019000,0,475.32810000,0.2695
1627567245789000,1,2118.77570618,0.2696
1627567247762000,1,9638.06000000,0.2696
1627567274271000,1,0.00430565,0.2696
1627567292461000,1,494.56480000,0.2696
1627567292514000,1,398.08020000,0.2696
1627567292984000,1,1919.26000000,0.2696
1627567293016000,1,9801.74732456,0.2696
1627567293086000,1,2472.82810000,0.2696
1627567299773000,1,0.00002209,0.2696
1627567332699000,1,8155.74000000,0.2695
1627567364854000,1,3839.15469370,0.2694
1627567364925000,1,5775.82470000,0.2694
1627567382610000,0,1495.00000000,0.2695
1627567392733000,1,15691.28233747,0.2696
1627567399004000,0,892.64500000,0.2697
1627567409808000,0,158.12790000,0.2697
1627567409932000,0,3.22710000,0.2697
1627567424371000,1,258.51340000,0.2697
1627567424389000,1,332.19580000,0.2697
1627567424676000,1,22506.86000000,0.2697
1627567424772000,1,0.00910121,0.2697
1627567426128000,1,43616.58000000,0.2697
1627567426209000,1,0.00208812,0.2697
1627567471181000,1,19600.00000000,0.2699
1627567474073000,1,7799.83000000,0.2699
1627567474109000,1,0.00983291,0.2699
1627567479338000,0,1136.00000000,0.2699
1627567493014000,1,129.12970000,0.2698
1627567588384000,0,3346.00000000,0.2699
1627567613790000,1,1936.00000000,0.2698
1627567712983000,0,719.83890000,0.2698
1627567713272000,0,2084.16000000,0.2698
1627567713325000,0,0.00110000,0.2698
1627567743969000,0,987.52640000,0.2699
1627567815748000,1,926.00000000,0.2695
1627567815748000,1,222.85550000,0.2695
1627567849750000,0,343.00000000,0.2698
1627567849799000,1,4552.40107000,0.2698
1627567849851000,1,812.47770000,0.2698
1627567850390000,1,967.33000000,0.2698
1627567850492000,1,178.35940000,0.2698
1627567850548000,1,1094.72351327,0.2698
1627567867719000,1,1274.34976757,0.2696
1627567868427000,1,22584.93000000,0.2696
1627567868430000,1,0.00823243,0.2696
1627567943315000,0,1045.00000000,0.2695
1627567943620000,0,990.83710000,0.2696
1627567943692000,0,3415.07814000,0.2696
1627567970450000,1,2000.00000000,0.2697
1627567970450000,1,3428.00000000,0.2697
1627567970806000,1,222.65530000,0.2697
1627568000818000,0,2965.00000000,0.2698
1627568011719000,0,4399.41000000,0.2700
1627568011854000,0,0.00388333,0.2700
1627568132506000,0,1556.00000000,0.2699
1627568197272000,1,843.89380000,0.2697
1627568222109000,1,223.22710000,0.2697
1627568222168000,1,5551.19574000,0.2697
1627568222220000,1,10014.25920000,0.2697
1627568223023000,1,0.00006000,0.2697
1627568223023000,1,502.44604000,0.2697
1627568223065000,1,938.39850000,0.2697
1627568223119000,1,6703.72436944,0.2697
1627568223191000,1,1582.78903805,0.2697
1627568223208000,1,1071.17402841,0.2697
1627568223679000,1,3692.78096194,0.2697
1627568224684000,1,17111.27000000,0.2697
1627568224731000,1,0.00906216,0.2697
1627568316835000,0,5097.00000000,0.2691
1627568405804000,0,2362.00000000,0.2684
1627568452140000,1,933.00000000,0.2678
1627568452140000,1,4900.00000000,0.2678
1627568452140000,1,11510.04656514,0.2678
1627568499166000,0,1065.00000000,0.2679
1627568520896000,0,501.76000000,0.2682
1627568533870000,0,2284.73830000,0.2684
1627568542665000,0,148.23646600,0.2684
1627568629969000,0,519.00000000,0.2688
1627568679180000,1,224.47460000,0.2685
1627568730810000,0,2423.00000000,0.2686
1627568762522000,0,93.10000000,0.2686
1627568768798000,0,1.90000000,0.2686
1627568840295000,0,2853.00000000,0.2688
1627568847301000,0,139.65000000,0.2686
1627568868063000,0,71.55406060,0.2686
1627568868063000,0,1110.99593940,0.2688
1627568869728000,0,0.00406060,0.2688
1627568896745000,0,1169.00000000,0.2691
1627568941194000,0,2466.00000000,0.2689
1627568961487000,0,2619.00000000,0.2690
1627569015028000,0,453.00000000,0.2694
1627569036224000,1,139.65000000,0.2697
1627569089796000,0,810.00000000,0.2701
1627569093675000,0,1375.48030000,0.2706
1627569097978000,1,178.54200000,0.2705
1627569103882000,1,376.39400000,0.2702
1627569104066000,1,372.45110000,0.2701
1627569104105000,1,1542.07340000,0.2700
1627569104186000,1,0.00000339,0.2700
1627569104186000,1,925.00000000,0.2700
1627569104215000,1,500.00000000,0.2700
1627569105130000,1,447.86000000,0.2700
1627569143011000,1,33317.69000000,0.2696
1627569143052000,1,0.00600000,0.2696
1627569193591000,0,2855.00000000,0.2691
1627569234297000,0,927.38710000,0.2693
1627569306677000,0,1440.00000000,0.2686
1627569349736000,0,1208.00000000,0.2686
1627569370589000,0,3222.00000000,0.2688
1627569446826000,0,2084.00000000,0.2688
1627569496528000,0,139.65000000,0.2694
1627569496581000,0,2047.35000000,0.2694
1627569561529000,1,927.00000000,0.2693
1627569575832000,0,1793.00000000,0.2693
1627569628075000,0,1447.00000000,0.2697
1627569660624000,1,2000.00000000,0.2698
1627569661168000,1,119.03410000,0.2698
1627569661499000,1,11739.55090000,0.2698
1627569683683000,0,119.03410000,0.2697
1627569683728000,0,936.96590000,0.2697
1627569707739000,1,378.11370000,0.2698
1627569707768000,1,78.88630000,0.2698
1627569707768000,1,847.11370000,0.2697
1627569707777000,1,78.88630000,0.2697
1627569708041000,1,1414.90786773,0.2697
1627569708041000,1,1376.75813227,0.2697
1627569726492000,0,4174.66590000,0.2697
1627569726901000,0,3113.00000000,0.2697
1627569735039000,1,139.65000000,0.2696
1627569735154000,1,317.35000000,0.2696
1627569765442000,0,180.32000000,0.2697
1627569797781000,0,2528.00000000,0.2697
1627569800625000,0,139.65000000,0.2697
1627569800633000,0,162.18610000,0.2697
1627569800634000,0,703.16390000,0.2697
1627569825603000,1,162.18610000,0.2695
1627569825979000,1,763.81390000,0.2695
1627569827031000,1,139.65000000,0.2695
1627569829601000,1,128.60110000,0.2695
1627569831184000,1,165.36410000,0.2695
1627569831264000,1,193.35000000,0.2695
1627569861449000,0,1022.00000000,0.2698
1627569871887000,0,443.40269979,0.2699
1627569905847000,0,487.31520000,0.2701
1627569919522000,1,447.86000000,0.2699
1627569919533000,1,9.14000000,0.2699
1627569983376000,0,975.00000000,0.2699
1627570019125000,1,447.86000000,0.2698
1627570029380000,1,447.86000000,0.2699
1627570053459000,1,847.21000000,0.2698
1627570063840000,1,915.00000000,0.2697
1627570119387000,1,457.00000000,0.2698
1627570137874000,0,2174.00000000,0.2699
1627570143090000,1,896.70000000,0.2699
1627570143105000,1,18.30000000,0.2699
1627570177134000,1,457.00000000,0.2699
1627570177134000,1,209.63088800,0.2699
1627570197698000,1,457.00000000,0.2700
1627570251881000,0,1894.00000000,0.2700
1627570369202000,1,2600.74384442,0.2699
1627570369294000,1,1185.14129106,0.2699
1627570401414000,1,101.71030000,0.2699
1627570401541000,1,121.30030000,0.2699
1627570401626000,1,95.99980000,0.2699
1627570402119000,1,444.81610000,0.2699
1627570402606000,1,15722.21836452,0.2699
1627570402606000,1,31707.37163548,0.2699
1627570402649000,1,0.00636452,0.2699
1627570436423000,0,763.82650000,0.2700
1627570440251000,0,382.17000000,0.2700
1627570440285000,0,0.00350000,0.2700
1627570476737000,0,1219.00000000,0.2701
1627570524246000,0,2090.00000000,0.2704
1627570530843000,0,139.65000000,0.2704
1627570531361000,0,897.35000000,0.2704
1627570565374000,0,1393.57634940,0.2709
1627570577232000,0,503.00000000,0.2709
1627570588210000,0,108.98933618,0.2710
1627570637302000,0,3125.00000000,0.2709
1627570639778000,0,108.98933618,0.2710
1627570639818000,0,2.22427217,0.2710
1627570773719000,0,1906.00000000,0.2708
1627570800707000,0,456.94115691,0.2707
1627570848745000,1,92.72380000,0.2705
1627570848776000,1,146.49870000,0.2705
1627570849342000,1,139.65000000,0.2705
1627570849738000,1,169.11780000,0.2705
1627570965671000,0,408.34030000,0.2707
1627570965790000,0,139.65000000,0.2706
1627570967193000,0,774.20000000,0.2706
1627570976795000,1,139.65000000,0.2705
1627570983820000,1,21694.91270000,0.2705
1627570983820000,1,7864.13730000,0.2705
1627570999871000,0,2529.00000000,0.2706
1627571004869000,1,105.60510000,0.2706
1627571024383000,1,1373.00000000,0.2705
1627571024383000,1,477.51750631,0.2705
1627571053274000,0,105.60510000,0.2707
1627571097122000,0,1317.05498078,0.2706
1627571117546000,0,3114.30790000,0.2707
1627571117615000,0,139.65000000,0.2707
1627571117645000,0,2947.35000000,0.2707
1627571117714000,0,0.00001536,0.2707
1627571275474000,0,91.83750000,0.2707
1627571275474000,0,156.52760000,0.2707
1627571275487000,0,309.14270000,0.2707
1627571275520000,0,204.20970000,0.2707
1627571275520000,0,117.31910000,0.2707
1627571275521000,0,850.96340000,0.2707
1627571300840000,0,3829.00000000,0.2710
1627571301143000,1,77.48400000,0.2710
1627571304054000,1,0.00011263,0.2710
1627571306618000,0,4097.99000000,0.2710
1627571405547000,0,77.48400000,0.2712
1627571405797000,0,951.51600000,0.2712
1627571451714000,0,691.00000000,0.2714
1627571462760000,1,879.03660000,0.2712
1627571474903000,1,500.00000000,0.2712
1627571475787000,1,12025.78000000,0.2712
1627571475807000,1,0.00100000,0.2712
1627571482639000,1,139.65000000,0.2711
1627571486781000,0,139.65000000,0.2713
1627571490392000,0,863.34999999,0.2713
1627571511310000,1,458.32184731,0.2711
1627571511473000,1,5419.47179990,0.2711
1627571514669000,1,13574.16000000,0.2711
1627571520351000,1,0.00235279,0.2711
1627571531292000,1,1407.41970000,0.2709
1627571531333000,1,175.84630000,0.2709
1627571531344000,1,170.16290000,0.2709
1627571531387000,1,139.65000000,0.2709
1627571531404000,1,5713.29781214,0.2709
1627571551916000,0,2002.00000000,0.2710
1627571701603000,0,139.65000000,0.2707
1627571741405000,0,2395.00000000,0.2703
1627571757268000,1,4900.00000000,0.2698
1627571757268000,1,1371.25749160,0.2698
1627571777182000,0,1400.00000000,0.2702
1627571824884000,0,357.00000000,0.2705
1627571857390000,0,1049.00000000,0.2708
1627571901716000,0,347.42890000,0.2710
1627571901832000,0,2284.57110000,0.2710
1627571904100000,0,923.00000000,0.2712
1627571972986000,0,1449.99999999,0.2711
1627571973012000,0,0.00000001,0.2711
1627571981616000,1,712.59290000,0.2710
1627571981630000,1,208.40710000,0.2710
1627572034457000,0,708.00000000,0.2714
1627572068656000,1,7137.35830000,0.2713
1627572068713000,1,3500.00000000,0.2713
1627572083109000,0,1907.00000000,0.2715
1627572088961000,0,4900.00000000,0.2716
1627572088961000,0,1000.00000000,0.2717
1627572088961000,0,297.26188723,0.2717
1627572097907000,1,1486.52000000,0.2713
1627572159662000,0,1063.00000000,0.2715
1627572237682000,1,0.00570000,0.2713
1627572237698000,1,24615.15800000,0.2712
1627572250819000,0,2873.00000000,0.2714
1627572331669000,1,500.00000000,0.2713
1627572331669000,1,4000.00000000,0.2713
1627572331808000,1,3000.00000000,0.2713
1627572337751000,0,1213.00000000,0.2715
1627572446675000,0,613.95040000,0.2715
1627572464705000,0,3736.00000000,0.2715
1627572531199000,0,407.00000000,0.2715
1627572552767000,0,1697.00000000,0.2719
1627572606468000,0,1640.00000000,0.2721
1627572642718000,1,1248.73110686,0.2720
1627572679583000,1,500.00000000,0.2721
1627572679583000,1,8582.47500000,0.2720
1627572679583000,1,423.52500000,0.2720
1627572712202000,1,123.80760000,0.2720
1627572712222000,1,322.50270000,0.2720
1627572712230000,1,470.10000000,0.2720
1627572712230000,1,357.99790000,0.2720
1627572712249000,1,507.43160000,0.2720
1627572712261000,1,1691.90021005,0.2720
1627572712265000,1,1500.00000000,0.2720
1627572712266000,1,188.70070000,0.2720
1627572712269000,1,18015.87418309,0.2720
1627572822390000,0,922.00000000,0.2712
1627572822607000,0,922.00000000,0.2711
1627572822672000,0,3168.85160000,0.2712
1627572822728000,0,3756.00000000,0.2712
1627572822763000,0,1410.51516586,0.2712
1627572822781000,0,780.59986792,0.2712
1627572822805000,0,2170.00467105,0.2712
1627572822836000,0,1471.51429104,0.2713
1627572825520000,0,4802.00000000,0.2717
1627572860229000,0,2837.00000000,0.2719
1627572866568000,0,3475.08000000,0.2719
1627572891489000,1,1372.23410000,0.2718
1627572891528000,1,0.00009118,0.2718
1627572891528000,1,743.48400882,0.2718
1627572909133000,0,3000.00000000,0.2718
1627572909625000,0,107.50840000,0.2719
1627572909751000,0,3245.74068519,0.2720
1627572934862000,1,1830.00000000,0.2721
1627572935295000,1,1790.00000000,0.2721
1627572936209000,1,107.50850000,0.2719
1627572940101000,1,1830.00000000,0.2720
1627572952505000,1,1830.00000000,0.2720
1627572952921000,1,1830.00000000,0.2720
1627572958677000,1,374.00000000,0.2720
1627572958677000,1,919.00000000,0.2720
1627572990502000,1,919.00000000,0.2718
1627573062414000,1,920.00000000,0.2715
1627573073887000,1,920.00000000,0.2714
1627573100792000,0,3000.00000000,0.2716
1627573100852000,0,2113.00000000,0.2716
1627573100853000,0,4000.00000000,0.2717
1627573101023000,0,2840.26080000,0.2717
1627573101105000,0,0.00000596,0.2717
1627573101105000,0,649.37419404,0.2718
1627573101108000,0,217.52700000,0.2718
1627573101110000,0,194.51190000,0.2718
1627573109787000,1,457.00000000,0.2718
1627573110162000,1,457.00000000,0.2718
1627573123090000,1,919.00000000,0.2717
1627573189411000,1,17500.00000000,0.2716
1627573189413000,1,142.41300000,0.2716
1627573189945000,1,284.98000000,0.2715
1627573264236000,0,1698.00000000,0.2719
1627573316778000,0,625.00000000,0.2720
1627573316784000,0,3500.00000000,0.2719
1627573316800000,0,3027.00000000,0.2720
1627573316843000,0,452.06270000,0.2721
1627573316849000,0,224.10880000,0.2721
1627573316866000,0,122.17860000,0.2721
1627573316879000,0,1310.50840000,0.2721
1627573316914000,0,16287.45794895,0.2721
1627573316991000,0,2427.03420000,0.2722
1627573317030000,0,1251.24070000,0.2722
1627573317101000,0,0.00002468,0.2722
1627573424309000,0,497.00000000,0.2723
1627573441097000,1,918.00000000,0.2721
1627573441533000,1,444.19140000,0.2721
1627573441726000,1,0.00008499,0.2721
1627573441726000,1,917.99991501,0.2721
1627573446188000,1,1355.94149012,0.2720
1627573446188000,1,899.75990988,0.2719
1627573453748000,1,1830.00000000,0.2720
1627573481404000,1,5501.00000000,0.2717
1627573481495000,1,2134.66300000,0.2717
1627573481546000,1,139.65000000,0.2717
1627573482581000,1,21592.62300000,0.2717
1627573526732000,0,3127.00000000,0.2717
1627573624873000,0,100.38210000,0.2718
1627573626999000,0,2065.00000000,0.2717
1627573642447000,0,1917.00000000,0.2719
1627573677930000,0,919.00000000,0.2720
1627573677930000,0,500.00000000,0.2720
1627573677930000,0,2529.21756707,0.2720
1627573689143000,0,2377.00000000,0.2720
1627573750323000,0,1146.90362791,0.2722
1627573752995000,1,100.38220000,0.2721
1627573757746000,0,1674.09000000,0.2722
1627573758747000,1,287.61429060,0.2721
1627573848595000,1,6000.00000000,0.2722
1627573849532000,1,11682.54000000,0.2722
1627573849553000,1,0.00900000,0.2722
1627573866229000,1,1791.58000000,0.2722
1627573866269000,1,0.00706833,0.2722
1627573920164000,1,2288.00000000,0.2722
1627573920831000,1,2288.00000000,0.2722
1627573929774000,1,2100.08872827,0.2722
1627573940275000,1,1455.00000000,0.2721
1627573945751000,1,1102.13100000,0.2722
1627573955623000,0,2974.00000000,0.2722
1627574047174000,0,1623.00000000,0.2723
1627574062989000,0,2895.00000000,0.2725
1627574063206000,1,4900.00000000,0.2725
1627574098247000,1,1101.96900000,0.2723
1627574131357000,1,1500.33110000,0.2724
1627574134473000,0,594.00000000,0.2724
1627574216962000,0,4900.00000000,0.2725
1627574216962000,0,678.00000000,0.2725
1627574217022000,1,3901.85199000,0.2725
1627574222164000,1,0.00000693,0.2725
1627574223581000,1,1079.49352000,0.2723
1627574223600000,1,22.03048000,0.2723
1627574325812000,1,1101.76700000,0.2720
1627574361255000,0,1101.76700000,0.2720
1627574362719000,1,1102.98000000,0.2719
1627574362749000,1,0.00200000,0.2719
1627574397631000,0,896.70000000,0.2720
1627574406671000,0,18.30000000,0.2720
1627574406671000,0,2504.54760000,0.2722
1627574406738000,0,314.61204867,0.2722
1627574406740000,0,7047.81980895,0.2722
1627574484169000,0,1367.00000000,0.2724
1627574543613000,0,3939.60000000,0.2727
1627574544497000,0,75.45774600,0.2727
1627574546229000,0,4900.00000000,0.2728
1627574547607000,0,2864.54000000,0.2727
1627574551726000,0,58.46000000,0.2727
1627574560500000,1,1403.19102145,0.2724
1627574560500000,1,1403.93202388,0.2724
1627574597834000,1,743.76010000,0.2723
1627574600987000,1,8000.00000000,0.2721
1627574601067000,1,17447.49100000,0.2721
1627574601067000,1,2152.50900000,0.2721
1627574601260000,1,14117.19800000,0.2721
1627574630105000,1,810.23750000,0.2716
1627574662831000,0,1572.00000000,0.2718
1627574669574000,0,1103.00000000,0.2719
1627574787936000,0,276.64900000,0.2722
1627574788032000,0,436.35650000,0.2722
1627574788064000,0,111.63480000,0.2722
1627574788077000,0,264.12250000,0.2722
1627574788152000,0,1480.23720000,0.2722
1627574790094000,1,1845.00000000,0.2722
1627574846517000,1,223.18400000,0.2721
1627574909077000,1,4900.00000000,0.2719
1627574909077000,1,3000.00000000,0.2719
1627574995578000,1,539.12080000,0.2718
1627575003930000,1,1000.00000000,0.2716
1627575061204000,1,366.20940000,0.2716
1627575061204000,1,148.52221000,0.2716
1627575068941000,0,1516.00000000,0.2718
1627575091022000,1,954.37540000,0.2716
1627575103934000,1,6722.13000000,0.2716
1627575103960000,1,0.00239000,0.2716
1627575111354000,1,29437.01000000,0.2715
1627575111552000,1,0.00700000,0.2715
1627575124993000,0,222.35960000,0.2714
1627575170870000,0,139.65000000,0.2713
1627575172538000,0,1396.35000000,0.2713
1627575286709000,0,1890.00000000,0.2715
1627575374331000,0,131.94680000,0.2716
1627575436072000,0,2532.00000000,0.2716
1627575503924000,0,2670.00000000,0.2718
1627575512166000,0,919.00000000,0.2719
1627575512180000,0,3000.00000000,0.2720
1627575512381000,0,146.05180000,0.2720
1627575512382000,0,772.94820000,0.2720
1627575515672000,0,1525.22580645,0.2725
1627575592972000,0,1043.00000000,0.2726
1627575659480000,0,686.00000000,0.2728
1627575669052000,1,139.65000000,0.2726
1627575669052000,1,7550.02900000,0.2726
1627575680112000,1,1050.94680000,0.2725
1627575689428000,1,18500.00000000,0.2725
1627575689528000,1,9376.89320000,0.2725
1627575689528000,1,221.21030000,0.2725
1627575703084000,0,478.30730000,0.2725
1627575703100000,0,174.35230000,0.2725
1627575703418000,0,926.00000000,0.2726
1627575703418000,0,224.00000000,0.2726
1627575703561000,0,1032.00000000,0.2726
1627575761557000,0,1813.00000000,0.2727
1627575793925000,1,983.42931400,0.2724
1627575811074000,0,1346.00000000,0.2726
1627575813543000,0,1620.00000000,0.2726
1627575922015000,1,484.65980000,0.2721
1627575940780000,0,1897.00000000,0.2722
1627576008564000,0,2430.00000000,0.2720
1627576008594000,0,2500.00000000,0.2720
1627576185877000,0,139.65000000,0.2721
1627576189902000,0,264.28000000,0.2721
1627576189904000,0,0.00803192,0.2721
1627576225912000,0,1361.00000000,0.2723
1627576236451000,0,567.00000000,0.2724
1627576259372000,1,6500.00000000,0.2723
1627576260547000,1,139.65000000,0.2723
1627576260761000,1,167.99980000,0.2723
1627576261036000,1,1377.92047325,0.2723
1627576261049000,1,1377.92047325,0.2723
1627576262038000,1,1377.77366462,0.2723
1627576262633000,1,12979.81000000,0.2723
1627576288004000,1,244.00000000,0.2723
1627576291374000,1,0.00500000,0.2723
1627576291374000,1,0.00458888,0.2723
1627576291374000,1,92.23721112,0.2723
1627576291407000,1,11689.78678888,0.2723
1627576457505000,1,793.66000000,0.2719
1627576457590000,1,0.00720000,0.2719
1627576504242000,0,3311.00000000,0.2716
1627576504882000,0,3725.56238000,0.2716
1627576504998000,0,0.00000724,0.2716
1627576505042000,0,920.00000000,0.2717
1627576505042000,0,1901.00000000,0.2717
1627576534149000,1,412.52430000,0.2713
1627576551986000,1,915.00000000,0.2713
1627576560482000,1,5500.00000000,0.2713
1627576565263000,1,3528.34501922,0.2711
1627576565281000,1,959.40959409,0.2711
1627576580271000,1,8369.00000000,0.2710
1627576582790000,0,92.24670000,0.2708
1627576622501000,0,139.65000000,0.2708
1627576622716000,0,4402.35000000,0.2708
1627576668850000,1,271.68000000,0.2708
1627576856034000,1,1120.40175928,0.2707
1627576861003000,1,5507.70709348,0.2707
1627576862561000,1,13425.98000000,0.2707
1627576863314000,1,139.65000000,0.2707
1627576865835000,1,19104.52814724,0.2707
1627576865835000,1,10446.37185276,0.2707
1627576865847000,1,0.00214724,0.2707
1627576927210000,0,2871.00000000,0.2705
1627576943844000,0,4344.00000000,0.2706
1627576945510000,1,457.00000000,0.2707
1627576950862000,1,2746.00000000,0.2706
1627576952134000,1,2692.00000000,0.2706
1627577056744000,1,416.99221320,0.2705
1627577062579000,0,412.59280883,0.2706
1627577086072000,1,1335.04235597,0.2704
1627577086078000,1,502.18880031,0.2703
1627577093199000,0,2668.00000000,0.2706
1627577223790000,0,500.00000000,0.2700
1627577348950000,0,3028.00000000,0.2700
1627577352405000,0,3254.00000000,0.2700
1627577440659000,1,4900.00000000,0.2692
1627577476673000,0,3145.00000000,0.2693
1627577534587000,0,2040.36000000,0.2697
1627577606748000,0,1821.00000000,0.2700
1627577715740000,0,1743.00000000,0.2700
1627577734884000,0,327.23700000,0.2696
1627577750326000,0,0.00004760,0.2696
1627577750363000,1,327.23700000,0.2695
1627577751856000,0,18551.37170000,0.2697
1627577784566000,0,1974.00000000,0.2698
1627577888213000,1,4500.00000000,0.2696
1627577888253000,1,24654.84400000,0.2696
1627577897864000,1,7272.39606651,0.2694
1627577922837000,0,3194.00000000,0.2697
1627578030755000,0,4574.00000000,0.2698
1627578034767000,0,1575.00000000,0.2698
1627578085743000,1,9500.00000000,0.2697
1627578085940000,1,2968.64700000,0.2697
1627578086723000,1,46905.86000000,0.2697
1627578086726000,1,0.00400000,0.2697
1627578116358000,0,245.00000000,0.2699
1627578150964000,0,1601.00000000,0.2702
1627578180745000,0,886.00000000,0.2703
1627578289826000,0,4447.43000000,0.2699
1627578289859000,0,0.00939403,0.2699
1627578300728000,0,2365.00000000,0.2701
1627578389019000,0,3222.00000000,0.2701
1627578479770000,0,202.86000000,0.2703
1627578501823000,0,2768.00000000,0.2704
1627578616857000,0,3177.16000000,0.2708
1627578784381000,0,139.65000000,0.2710
1627578789459000,0,979.35000000,0.2710
1627578823641000,0,579.00000000,0.2713
1627578897653000,0,1716.00000000,0.2712
1627578970962000,0,2737.00000000,0.2714
1627578987031000,1,18441.77000000,0.2713
1627578987058000,1,0.00100000,0.2713
1627578992055000,1,37442.38000000,0.2713
1627578992090000,1,0.00400000,0.2713
1627579048099000,0,1314.61414000,0.2712
1627579160796000,0,3330.00000000,0.2711
1627579211932000,0,1503.00000000,0.2710
1627579267146000,0,4630.00000000,0.2708
1627579349546000,0,2483.00000000,0.2711
1627579368058000,0,2042.00000000,0.2713
1627579460271000,0,1692.00000000,0.2712
1627579556465000,1,5787.00912000,0.2709
1627579556522000,1,132.98400000,0.2709
1627579556630000,1,134.50510000,0.2709
1627579556722000,1,114.55280000,0.2709
1627579556784000,1,139.65000000,0.2709
1627579556988000,1,2800.73000000,0.2709
1627579560497000,1,12886.35000000,0.2709
1627579573268000,1,0.00798000,0.2709
1627579597957000,0,382.04190000,0.2708
1627579598259000,0,1348.95810000,0.2708
1627579746074000,1,1348.95810000,0.2707
1627579746394000,1,9484.78890000,0.2707
1627579792848000,0,980.00000000,0.2708
1627579793125000,0,143.18250000,0.2710
1627579793140000,0,1515.62288144,0.2710
1627579793403000,0,4146.98180000,0.2711
1627579808431000,0,261.15334000,0.2713
1627579871510000,1,210.92340000,0.2710
1627579964421000,0,2444.00000000,0.2709
1627580006804000,0,1683.00000000,0.2710
1627580154762000,1,1106.84800000,0.2708
1627580156641000,1,1250.07080000,0.2708
1627580156644000,1,1337.15200000,0.2708
1627580156695000,1,4370.42551062,0.2708
1627580156775000,1,14185.51260000,0.2708
1627580156785000,1,0.00008938,0.2708
1627580195878000,0,1317.81170000,0.2708
1627580195909000,0,676.18830000,0.2708
1627580198384000,0,102.81700000,0.2708
1627580199635000,0,139.65000000,0.2708
1627580200560000,0,1986.53300000,0.2708
1627580266373000,0,103.88000000,0.2711
1627580321631000,0,814.00000000,0.2711
1627580390236000,1,139.65000000,0.2708
1627580391215000,1,841.43858400,0.2708
1627580530876000,0,5859.00000000,0.2709
1627580703604000,0,364.17000000,0.2709
1627580703643000,0,1231.83000000,0.2709
1627580743685000,0,2565.00000000,0.2711
1627580962227000,0,1659.00000000,0.2714
1627580981823000,1,102.81700000,0.2712
1627580984457000,0,153.79330000,0.2714
1627581074912000,1,153.79330000,0.2713
1627581087961000,0,1710.00000000,0.2714
1627581091307000,0,2897.00000000,0.2714
1627581195131000,0,644.79540000,0.2716
1627581195179000,0,154.99590000,0.2716
1627581195209000,0,156.76630000,0.2716
1627581195226000,0,1647.44240000,0.2716
1627581235517000,1,919.00000000,0.2717
1627581320482000,0,2541.00000000,0.2718
1627581366563000,1,98.44160000,0.2718
1627581366587000,1,91.86650000,0.2718
1627581366670000,1,100.37930000,0.2718
1627581366755000,1,872.49490000,0.2718
1627581366755000,1,339.94750000,0.2718
1627581366782000,1,96.50280000,0.2718
1627581366810000,1,643.21130561,0.2718
1627581366896000,1,91.35960000,0.2718
1627581366923000,1,115.57820000,0.2718
1627581366941000,1,3000.00000000,0.2718
1627581366964000,1,92.03490000,0.2718
1627581367126000,1,111.51140000,0.2718
1627581375101000,1,1335.87000000,0.2718
1627581375128000,1,34327.76929439,0.2718
1627581392818000,1,5551.17362647,0.2717
1627581392851000,1,8556.91237353,0.2717
1627581410006000,0,545.00000000,0.2718
1627581432088000,1,504.78000000,0.2718
1627581432089000,1,0.00610000,0.2718
1627581449868000,1,915.00000000,0.2718
1627581477077000,0,173.81465136,0.2719
1627581499399000,1,400.78300000,0.2712
1627581499431000,1,161.20800000,0.2712
1627581499440000,1,266.09120000,0.2712
1627581551139000,0,1427.42272400,0.2707
1627581607304000,0,3400.00000000,0.2706
1627581612423000,0,923.00000000,0.2708
1627581613824000,0,120.19890000,0.2709
1627581668750000,1,370.70000000,0.2705
1627581668773000,1,0.00810000,0.2705
1627581685753000,0,3400.00000000,0.2707
1627581722040000,0,73.46882268,0.2709
1627581744137000,0,3141.00000000,0.2709
1627581744152000,0,18468.74770000,0.2709
1627581829452000,0,1655.00000000,0.2711
1627581871263000,0,1733.00000000,0.2713
1627581897569000,0,366.65373277,0.2714
1627581940266000,0,649.00000000,0.2714
1627581992406000,1,369.72000000,0.2712
1627581992431000,1,0.00140000,0.2712
1627581998124000,0,1487.00000000,0.2714
1627582031600000,0,139.65000000,0.2718
1627582043949000,1,192.84270000,0.2716
1627582043975000,1,322.01760000,0.2716
1627582043981000,1,132.79770000,0.2716
1627582043992000,1,139.92660000,0.2716
1627582044001000,1,298.22680000,0.2716
1627582044009000,1,259.30710000,0.2716
1627582044414000,1,735.99999999,0.2714
1627582044419000,1,703.50739534,0.2714
